<?xml version="1.0" encoding="UTF-8"?>
<!DOCTYPE html PUBLIC "-//W3C//DTD XHTML 1.0 Transitional//EN"
    "http://www.w3.org/TR/xhtml1/DTD/xhtml1-transitional.dtd">
<html xmlns="http://www.w3.org/1999/xhtml" xml:lang="en" lang="en">
 <head>
  <title>
</title>
<meta http-equiv="Content-Type" content="text/html;charset=utf-8" />
  <meta name='ocr-system' content='tesseract 3.04.00' />
  <meta name='ocr-capabilities' content='ocr_page ocr_carea ocr_par ocr_line ocrx_word'/>
</head>
<body>
  <div class='ocr_page' id='page_1' title='image "./gisbertivoetiit00rutggoog_0394.png"; bbox 0 0 3668 4856; ppageno 0'>
   <div class='ocr_carea' id='block_1_1' title="bbox 618 1379 1523 1468">
    <p class='ocr_par' dir='ltr' id='par_1_1' title="bbox 618 1379 1523 1468">
     <span class='ocr_line' id='line_1_1' title="bbox 618 1379 1523 1468; baseline -0.001 -23"><span class='ocrx_word' id='word_1_1' title='bbox 618 1383 666 1466; x_wconf 80' lang='lat' dir='ltr'>[a</span> <span class='ocrx_word' id='word_1_2' title='bbox 692 1382 748 1447; x_wconf 83' lang='lat' dir='ltr'>au</span> <span class='ocrx_word' id='word_1_3' title='bbox 774 1382 854 1450; x_wconf 75' lang='grc'>000</span> <span class='ocrx_word' id='word_1_4' title='bbox 879 1382 974 1444; x_wconf 80' lang='lat' dir='ltr'>roca.</span> <span class='ocrx_word' id='word_1_5' title='bbox 1000 1382 1034 1445; x_wconf 76' lang='lat' dir='ltr'>a</span> <span class='ocrx_word' id='word_1_6' title='bbox 1056 1383 1119 1468; x_wconf 75' lang='lat' dir='ltr'>pu</span> <span class='ocrx_word' id='word_1_7' title='bbox 1151 1382 1210 1446; x_wconf 79' lang='lat' dir='ltr'>uu.</span> <span class='ocrx_word' id='word_1_8' title='bbox 1235 1379 1259 1444; x_wconf 87' lang='lat'>1.</span> <span class='ocrx_word' id='word_1_9' title='bbox 1281 1394 1351 1464; x_wconf 72' lang='lat' dir='ltr'>pou</span> <span class='ocrx_word' id='word_1_10' title='bbox 1375 1381 1523 1466; x_wconf 68' lang='grc'><strong>010001.</strong></span> 
     </span>
    </p>
   </div>
   <div class='ocr_carea' id='block_1_2' title="bbox 337 1594 1823 4596">
    <p class='ocr_par' dir='ltr' id='par_1_2' title="bbox 337 1594 1786 2750">
     <span class='ocr_line' id='line_1_2' title="bbox 384 1594 1780 1682; baseline -0.005 -21"><span class='ocrx_word' id='word_1_11' title='bbox 384 1597 464 1682; x_wconf 84' lang='lat' dir='ltr'>Pag.</span> <span class='ocrx_word' id='word_1_12' title='bbox 488 1597 560 1659; x_wconf 80' lang='grc'><strong>119.</strong></span> <span class='ocrx_word' id='word_1_13' title='bbox 585 1597 607 1661; x_wconf 78' lang='grc'>81</span> <span class='ocrx_word' id='word_1_14' title='bbox 620 1596 692 1678; x_wconf 78' lang='lat' dir='ltr'>llll.</span> <span class='ocrx_word' id='word_1_15' title='bbox 708 1598 754 1680; x_wconf 86' lang='lat' dir='ltr'>[in</span> <span class='ocrx_word' id='word_1_16' title='bbox 768 1596 829 1660; x_wconf 89' lang='lat' dir='ltr'>hac</span> <span class='ocrx_word' id='word_1_17' title='bbox 843 1596 902 1660; x_wconf 77' lang='lat' dir='ltr'>Ed.</span> <span class='ocrx_word' id='word_1_18' title='bbox 917 1618 988 1680; x_wconf 87' lang='lat' dir='ltr'>pag.</span> <span class='ocrx_word' id='word_1_19' title='bbox 1007 1596 1079 1660; x_wconf 81' lang='lat'>127.</span> <span class='ocrx_word' id='word_1_20' title='bbox 1094 1600 1125 1658; x_wconf 90' lang='lat' dir='ltr'>et</span> <span class='ocrx_word' id='word_1_21' title='bbox 1141 1596 1241 1680; x_wconf 64' lang='lat' dir='ltr'>loo}</span> <span class='ocrx_word' id='word_1_22' title='bbox 1256 1594 1457 1678; x_wconf 74' lang='lat' dir='ltr'>Ineptissimb</span> <span class='ocrx_word' id='word_1_23' title='bbox 1474 1596 1644 1660; x_wconf 85' lang='lat' dir='ltr'>adversarii</span> <span class='ocrx_word' id='word_1_24' title='bbox 1659 1596 1780 1678; x_wconf 86' lang='lat' dir='ltr'>allegant</span> 
     </span>
     <span class='ocr_line' id='line_1_3' title="bbox 337 1683 1779 1770; baseline -0.006 -18"><span class='ocrx_word' id='word_1_25' title='bbox 337 1685 431 1752; x_wconf 87' lang='lat' dir='ltr'>Pauli</span> <span class='ocrx_word' id='word_1_26' title='bbox 452 1686 706 1770; x_wconf 87' lang='lat' dir='ltr'>provocationem</span> <span class='ocrx_word' id='word_1_27' title='bbox 727 1686 766 1748; x_wconf 90' lang='lat' dir='ltr'>ad</span> <span class='ocrx_word' id='word_1_28' title='bbox 784 1685 950 1749; x_wconf 81' lang='lat' dir='ltr'>Caesarem</span> <span class='ocrx_word' id='word_1_29' title='bbox 963 1685 1071 1748; x_wconf 75' lang='lat' dir='ltr'>Actor.</span> <span class='ocrx_word' id='word_1_30' title='bbox 1086 1686 1139 1748; x_wconf 81' lang='lat'>25.</span> <span class='ocrx_word' id='word_1_31' title='bbox 1154 1708 1181 1747; x_wconf 90' lang='lat' dir='ltr'>v.</span> <span class='ocrx_word' id='word_1_32' title='bbox 1202 1687 1251 1747; x_wconf 95' lang='lat' dir='ltr'>ll.</span> <span class='ocrx_word' id='word_1_33' title='bbox 1276 1683 1396 1750; x_wconf 83' lang='lat' dir='ltr'>Text-us</span> <span class='ocrx_word' id='word_1_34' title='bbox 1413 1685 1505 1749; x_wconf 88' lang='lat' dir='ltr'>modo</span> <span class='ocrx_word' id='word_1_35' title='bbox 1519 1685 1678 1768; x_wconf 87' lang='lat' dir='ltr'>inspectus</span> <span class='ocrx_word' id='word_1_36' title='bbox 1691 1689 1779 1746; x_wconf 90' lang='lat' dir='ltr'>osten-</span> 
     </span>
     <span class='ocr_line' id='line_1_4' title="bbox 340 1769 1780 1860; baseline -0.005 -22"><span class='ocrx_word' id='word_1_37' title='bbox 340 1776 397 1853; x_wconf 91' lang='lat' dir='ltr'>dit,</span> <span class='ocrx_word' id='word_1_38' title='bbox 419 1776 669 1860; x_wconf 76' lang='lat' dir='ltr'>provocationem</span> <span class='ocrx_word' id='word_1_39' title='bbox 692 1776 734 1838; x_wconf 87' lang='lat' dir='ltr'>od</span> <span class='ocrx_word' id='word_1_40' title='bbox 757 1795 920 1839; x_wconf 80' lang='lat' dir='ltr'>aurunruur</span> <span class='ocrx_word' id='word_1_41' title='bbox 946 1774 1085 1838; x_wconf 81' lang='lat' dir='ltr'>tribuual</span> <span class='ocrx_word' id='word_1_42' title='bbox 1108 1773 1236 1850; x_wconf 88' lang='lat' dir='ltr'>factam,</span> <span class='ocrx_word' id='word_1_43' title='bbox 1261 1796 1332 1838; x_wconf 82' lang='lat' dir='ltr'>crrru</span> <span class='ocrx_word' id='word_1_44' title='bbox 1354 1775 1442 1858; x_wconf 84' lang='lat' dir='ltr'>opud</span> <span class='ocrx_word' id='word_1_45' title='bbox 1464 1769 1780 1859; x_wconf 68' lang='grc'><strong>111[01·11100181111011</strong></span> 
     </span>
     <span class='ocr_line' id='line_1_5' title="bbox 339 1859 1780 1950; baseline -0.005 -21"><span class='ocrx_word' id='word_1_46' title='bbox 339 1877 434 1940; x_wconf 55' lang='lat' dir='ltr'>ccccm</span> <span class='ocrx_word' id='word_1_47' title='bbox 458 1885 523 1929; x_wconf 85' lang='lat' dir='ltr'>aaa</span> <span class='ocrx_word' id='word_1_48' title='bbox 544 1876 578 1928; x_wconf 84' lang='lat' dir='ltr'>ul</span> <span class='ocrx_word' id='word_1_49' title='bbox 602 1865 767 1948; x_wconf 74' lang='lat' dir='ltr'>Ele-capelli</span> <span class='ocrx_word' id='word_1_50' title='bbox 791 1865 843 1927; x_wconf 83' lang='lat' dir='ltr'>scd</span> <span class='ocrx_word' id='word_1_51' title='bbox 863 1876 896 1927; x_wconf 77' lang='lat' dir='ltr'>ul</span> <span class='ocrx_word' id='word_1_52' title='bbox 913 1885 1024 1928; x_wconf 74' lang='lat' dir='ltr'>creusae</span> <span class='ocrx_word' id='word_1_53' title='bbox 1043 1864 1150 1942; x_wconf 83' lang='lat' dir='ltr'>ciuilis,</span> <span class='ocrx_word' id='word_1_54' title='bbox 1170 1885 1248 1949; x_wconf 83' lang='lat' dir='ltr'>quac</span> <span class='ocrx_word' id='word_1_55' title='bbox 1260 1863 1293 1927; x_wconf 81' lang='lat' dir='ltr'>iu</span> <span class='ocrx_word' id='word_1_56' title='bbox 1309 1885 1380 1928; x_wconf 82' lang='lat' dir='ltr'>curu</span> <span class='ocrx_word' id='word_1_57' title='bbox 1392 1864 1549 1948; x_wconf 77' lang='lat' dir='ltr'>upebotur,</span> <span class='ocrx_word' id='word_1_58' title='bbox 1562 1867 1646 1950; x_wconf 75' lang='lat' dir='ltr'>ficret</span> <span class='ocrx_word' id='word_1_59' title='bbox 1658 1859 1780 1948; x_wconf 77' lang='lat' dir='ltr'>repudio.</span> 
     </span>
     <span class='ocr_line' id='line_1_6' title="bbox 340 1951 1781 2038; baseline -0.006 -21"><span class='ocrx_word' id='word_1_60' title='bbox 340 1952 421 2017; x_wconf 84' lang='lat' dir='ltr'>Sunt</span> <span class='ocrx_word' id='word_1_61' title='bbox 438 1953 534 2017; x_wconf 87' lang='lat' dir='ltr'>verba</span> <span class='ocrx_word' id='word_1_62' title='bbox 552 1951 645 2016; x_wconf 87' lang='lat' dir='ltr'>Parei</span> <span class='ocrx_word' id='word_1_63' title='bbox 663 1963 771 2038; x_wconf 84' lang='lat' dir='ltr'>(quem</span> <span class='ocrx_word' id='word_1_64' title='bbox 793 1953 872 2015; x_wconf 88' lang='lat' dir='ltr'>alias</span> <span class='ocrx_word' id='word_1_65' title='bbox 897 1974 953 2035; x_wconf 91' lang='lat' dir='ltr'>pro</span> <span class='ocrx_word' id='word_1_66' title='bbox 978 1977 1011 2016; x_wconf 88' lang='lat' dir='ltr'>se</span> <span class='ocrx_word' id='word_1_67' title='bbox 1028 1953 1139 2035; x_wconf 75' lang='lat' dir='ltr'>cupide</span> <span class='ocrx_word' id='word_1_68' title='bbox 1153 1953 1319 2032; x_wconf 80' lang='lat' dir='ltr'>advocant)</span> <span class='ocrx_word' id='word_1_69' title='bbox 1332 1952 1400 2016; x_wconf 86' lang='lat' dir='ltr'>Lib.</span> <span class='ocrx_word' id='word_1_70' title='bbox 1415 1955 1443 2015; x_wconf 81' lang='grc'>2.</span> <span class='ocrx_word' id='word_1_71' title='bbox 1460 1953 1598 2016; x_wconf 82' lang='lat' dir='ltr'>Exercit.</span> <span class='ocrx_word' id='word_1_72' title='bbox 1612 1953 1665 2015; x_wconf 78' lang='grc'>41.</span> <span class='ocrx_word' id='word_1_73' title='bbox 1678 1975 1706 2034; x_wconf 91' lang='lat' dir='ltr'>p.</span> <span class='ocrx_word' id='word_1_74' title='bbox 1719 1951 1781 2012; x_wconf 78' lang='grc'><strong>2411.</strong></span> 
     </span>
     <span class='ocr_line' id='line_1_7' title="bbox 339 2038 1781 2126; baseline -0.006 -20"><span class='ocrx_word' id='word_1_75' title='bbox 339 2043 430 2106; x_wconf 83' lang='lat' dir='ltr'>Addo</span> <span class='ocrx_word' id='word_1_76' title='bbox 442 2065 479 2104; x_wconf 83' lang='lat' dir='ltr'>ex</span> <span class='ocrx_word' id='word_1_77' title='bbox 497 2042 580 2104; x_wconf 90' lang='lat' dir='ltr'>notis</span> <span class='ocrx_word' id='word_1_78' title='bbox 598 2041 710 2120; x_wconf 83' lang='lat' dir='ltr'>Grotii,</span> <span class='ocrx_word' id='word_1_79' title='bbox 724 2041 779 2126; x_wconf 91' lang='lat' dir='ltr'>qui</span> <span class='ocrx_word' id='word_1_80' title='bbox 794 2041 871 2124; x_wconf 87' lang='lat' dir='ltr'>ipsis</span> <span class='ocrx_word' id='word_1_81' title='bbox 885 2042 986 2104; x_wconf 88' lang='lat' dir='ltr'>instar</span> <span class='ocrx_word' id='word_1_82' title='bbox 1001 2041 1131 2118; x_wconf 86' lang='lat' dir='ltr'>oraculi,</span> <span class='ocrx_word' id='word_1_83' title='bbox 1145 2042 1183 2104; x_wconf 92' lang='lat' dir='ltr'>ad</span> <span class='ocrx_word' id='word_1_84' title='bbox 1197 2041 1254 2104; x_wconf 91' lang='lat' dir='ltr'>loc.</span> <span class='ocrx_word' id='word_1_85' title='bbox 1268 2042 1336 2104; x_wconf 81' lang='lat' dir='ltr'>cit:</span> <span class='ocrx_word' id='word_1_86' title='bbox 1356 2041 1404 2118; x_wconf 88' lang='lat' dir='ltr'>,id</span> <span class='ocrx_word' id='word_1_87' title='bbox 1417 2045 1475 2119; x_wconf 87' lang='lat' dir='ltr'>est,</span> <span class='ocrx_word' id='word_1_88' title='bbox 1488 2041 1516 2105; x_wconf 88' lang='lat' dir='ltr'>si</span> <span class='ocrx_word' id='word_1_89' title='bbox 1528 2064 1578 2105; x_wconf 88' lang='lat' dir='ltr'>me</span> <span class='ocrx_word' id='word_1_90' title='bbox 1594 2042 1641 2105; x_wconf 85' lang='lat' dir='ltr'>vis</span> <span class='ocrx_word' id='word_1_91' title='bbox 1654 2038 1781 2124; x_wconf 78' lang='lat' dir='ltr'>synedrio</span> 
     </span>
     <span class='ocr_line' id='line_1_8' title="bbox 344 2128 1782 2216; baseline -0.004 -22"><span class='ocrx_word' id='word_1_92' title='bbox 344 2132 563 2214; x_wconf 83' lang='lat' dir='ltr'>,judicandum</span> <span class='ocrx_word' id='word_1_93' title='bbox 587 2132 711 2194; x_wconf 78' lang='lat' dir='ltr'>tradere</span> <span class='ocrx_word' id='word_1_94' title='bbox 733 2131 778 2216; x_wconf 81' lang='lat' dir='ltr'>(id</span> <span class='ocrx_word' id='word_1_95' title='bbox 799 2131 883 2194; x_wconf 89' lang='lat' dir='ltr'>enim</span> <span class='ocrx_word' id='word_1_96' title='bbox 909 2131 1074 2194; x_wconf 83' lang='lat' dir='ltr'>videbatur</span> <span class='ocrx_word' id='word_1_97' title='bbox 1087 2153 1181 2212; x_wconf 86' lang='lat' dir='ltr'>agere</span> <span class='ocrx_word' id='word_1_98' title='bbox 1194 2128 1319 2208; x_wconf 78' lang='lat' dir='ltr'>Festus)</span> <span class='ocrx_word' id='word_1_99' title='bbox 1333 2131 1372 2193; x_wconf 91' lang='lat' dir='ltr'>ad</span> <span class='ocrx_word' id='word_1_100' title='bbox 1385 2131 1551 2194; x_wconf 78' lang='lat' dir='ltr'>Caeseuenr</span> <span class='ocrx_word' id='word_1_101' title='bbox 1569 2130 1723 2194; x_wconf 85' lang='lat' dir='ltr'>Neronem</span> <span class='ocrx_word' id='word_1_102' title='bbox 1735 2147 1782 2210; x_wconf 85' lang='lat' dir='ltr'>ap-</span> 
     </span>
     <span class='ocr_line' id='line_1_9' title="bbox 345 2215 1783 2302; baseline -0.004 -20"><span class='ocrx_word' id='word_1_103' title='bbox 345 2221 456 2302; x_wconf 79' lang='lat' dir='ltr'>,pello</span> <span class='ocrx_word' id='word_1_104' title='bbox 481 2219 611 2283; x_wconf 77' lang='lat' dir='ltr'>Licebat</span> <span class='ocrx_word' id='word_1_105' title='bbox 631 2220 690 2284; x_wconf 91' lang='lat' dir='ltr'>hoc</span> <span class='ocrx_word' id='word_1_106' title='bbox 713 2219 866 2283; x_wconf 86' lang='lat' dir='ltr'>Romanis</span> <span class='ocrx_word' id='word_1_107' title='bbox 888 2220 1012 2302; x_wconf 87' lang='lat' dir='ltr'>legibus</span> <span class='ocrx_word' id='word_1_108' title='bbox 1029 2219 1060 2282; x_wconf 90' lang='lat' dir='ltr'>in</span> <span class='ocrx_word' id='word_1_109' title='bbox 1074 2220 1131 2283; x_wconf 86' lang='lat' dir='ltr'>tali</span> <span class='ocrx_word' id='word_1_110' title='bbox 1144 2242 1229 2283; x_wconf 88' lang='lat' dir='ltr'>casu.</span> <span class='ocrx_word' id='word_1_111' title='bbox 1253 2217 1338 2284; x_wconf 85' lang='lat' dir='ltr'>Nam</span> <span class='ocrx_word' id='word_1_112' title='bbox 1350 2223 1424 2282; x_wconf 86' lang='lat' dir='ltr'>ante</span> <span class='ocrx_word' id='word_1_113' title='bbox 1440 2220 1631 2283; x_wconf 70' lang='lat' dir='ltr'>sententiam</span> <span class='ocrx_word' id='word_1_114' title='bbox 1645 2215 1783 2301; x_wconf 87' lang='lat' dir='ltr'>appellari</span> 
     </span>
     <span class='ocr_line' id='line_1_10' title="bbox 344 2304 1782 2393; baseline -0.005 -21"><span class='ocrx_word' id='word_1_115' title='bbox 344 2313 476 2392; x_wconf 65' lang='lat' dir='ltr'>,potest</span> <span class='ocrx_word' id='word_1_116' title='bbox 497 2309 524 2372; x_wconf 89' lang='lat' dir='ltr'>si</span> <span class='ocrx_word' id='word_1_117' title='bbox 544 2309 761 2393; x_wconf 85' lang='lat' dir='ltr'>quaestionem</span> <span class='ocrx_word' id='word_1_118' title='bbox 783 2308 916 2372; x_wconf 87' lang='lat' dir='ltr'>incivili</span> <span class='ocrx_word' id='word_1_119' title='bbox 935 2309 1063 2393; x_wconf 86' lang='lat' dir='ltr'>negotio</span> <span class='ocrx_word' id='word_1_120' title='bbox 1083 2307 1262 2371; x_wconf 90' lang='lat' dir='ltr'>habendam</span> <span class='ocrx_word' id='word_1_121' title='bbox 1278 2310 1375 2390; x_wconf 79' lang='lat' dir='ltr'>judex</span> <span class='ocrx_word' id='word_1_122' title='bbox 1395 2308 1602 2372; x_wconf 84' lang='lat' dir='ltr'>interlocutus</span> <span class='ocrx_word' id='word_1_123' title='bbox 1620 2309 1671 2384; x_wconf 85' lang='lat' dir='ltr'>sit,</span> <span class='ocrx_word' id='word_1_124' title='bbox 1692 2307 1735 2370; x_wconf 82' lang='lat' dir='ltr'>vel</span> <span class='ocrx_word' id='word_1_125' title='bbox 1756 2304 1782 2365; x_wconf 92' lang='lat' dir='ltr'>in</span> 
     </span>
     <span class='ocr_line' id='line_1_11' title="bbox 347 2394 1786 2481; baseline -0.004 -19"><span class='ocrx_word' id='word_1_126' title='bbox 347 2397 520 2474; x_wconf 88' lang='lat' dir='ltr'>,criminali</span> <span class='ocrx_word' id='word_1_127' title='bbox 540 2402 650 2461; x_wconf 88' lang='lat' dir='ltr'>contra</span> <span class='ocrx_word' id='word_1_128' title='bbox 671 2399 756 2481; x_wconf 86' lang='lat' dir='ltr'>leges</span> <span class='ocrx_word' id='word_1_129' title='bbox 775 2397 834 2461; x_wconf 91' lang='lat' dir='ltr'>hoc</span> <span class='ocrx_word' id='word_1_130' title='bbox 852 2397 949 2461; x_wconf 88' lang='lat' dir='ltr'>faciat</span> <span class='ocrx_word' id='word_1_131' title='bbox 961 2397 995 2460; x_wconf 81' lang='lat' dir='ltr'>L.</span> <span class='ocrx_word' id='word_1_132' title='bbox 1009 2398 1094 2460; x_wconf 78' lang='lat' dir='ltr'>Ante</span> <span class='ocrx_word' id='word_1_133' title='bbox 1108 2395 1148 2461; x_wconf 88' lang='lat' dir='ltr'>D.</span> <span class='ocrx_word' id='word_1_134' title='bbox 1161 2398 1197 2462; x_wconf 87' lang='lat' dir='ltr'>de</span> <span class='ocrx_word' id='word_1_135' title='bbox 1214 2397 1694 2481; x_wconf 85' lang='lat' dir='ltr'>appellationibusrecipiendis.</span> <span class='ocrx_word' id='word_1_136' title='bbox 1716 2394 1786 2458; x_wconf 82' lang='lat' dir='ltr'>Erat</span> 
     </span>
     <span class='ocr_line' id='line_1_12' title="bbox 345 2482 1784 2571; baseline -0.004 -22"><span class='ocrx_word' id='word_1_137' title='bbox 345 2491 469 2564; x_wconf 87' lang='lat' dir='ltr'>,autem</span> <span class='ocrx_word' id='word_1_138' title='bbox 493 2491 602 2550; x_wconf 87' lang='lat' dir='ltr'>contra</span> <span class='ocrx_word' id='word_1_139' title='bbox 625 2487 711 2571; x_wconf 85' lang='lat' dir='ltr'>leges</span> <span class='ocrx_word' id='word_1_140' title='bbox 733 2485 903 2562; x_wconf 73' lang='lat' dir='ltr'>Romanae,</span> <span class='ocrx_word' id='word_1_141' title='bbox 925 2487 1026 2550; x_wconf 86' lang='lat' dir='ltr'>civem</span> <span class='ocrx_word' id='word_1_142' title='bbox 1046 2485 1224 2549; x_wconf 80' lang='lat' dir='ltr'>Romanurn</span> <span class='ocrx_word' id='word_1_143' title='bbox 1246 2487 1493 2569; x_wconf 83' lang='lat' dir='ltr'>provincialibus</span> <span class='ocrx_word' id='word_1_144' title='bbox 1513 2486 1695 2550; x_wconf 88' lang='lat' dir='ltr'>hominibus</span> <span class='ocrx_word' id='word_1_145' title='bbox 1708 2482 1784 2566; x_wconf 85' lang='lat' dir='ltr'>judi-</span> 
     </span>
     <span class='ocr_line' id='line_1_13' title="bbox 345 2571 1786 2657; baseline -0.005 -17"><span class='ocrx_word' id='word_1_146' title='bbox 345 2576 496 2652; x_wconf 88' lang='lat' dir='ltr'>,candum</span> <span class='ocrx_word' id='word_1_147' title='bbox 516 2576 650 2652; x_wconf 86' lang='lat' dir='ltr'>tradere,</span> <span class='ocrx_word' id='word_1_148' title='bbox 671 2578 694 2642; x_wconf 85' lang='grc'>81</span> <span class='ocrx_word' id='word_1_149' title='bbox 711 2576 743 2638; x_wconf 92' lang='lat' dir='ltr'>id</span> <span class='ocrx_word' id='word_1_150' title='bbox 766 2576 938 2639; x_wconf 88' lang='lat' dir='ltr'>nolentem.</span> <span class='ocrx_word' id='word_1_151' title='bbox 962 2574 1084 2639; x_wconf 83' lang='lat' dir='ltr'>Plinius</span> <span class='ocrx_word' id='word_1_152' title='bbox 1104 2575 1138 2637; x_wconf 89' lang='lat' dir='ltr'>in</span> <span class='ocrx_word' id='word_1_153' title='bbox 1160 2575 1306 2657; x_wconf 75' lang='lat' dir='ltr'>Epistola</span> <span class='ocrx_word' id='word_1_154' title='bbox 1319 2577 1356 2639; x_wconf 88' lang='lat' dir='ltr'>de</span> <span class='ocrx_word' id='word_1_155' title='bbox 1369 2574 1573 2640; x_wconf 84' lang='lat' dir='ltr'>Christianis:</span> <span class='ocrx_word' id='word_1_156' title='bbox 1589 2571 1786 2641; x_wconf 73' lang='lat' dir='ltr'>Fucrrrrrlulii</span> 
     </span>
     <span class='ocr_line' id='line_1_14' title="bbox 344 2665 1756 2750; baseline -0.003 -20"><span class='ocrx_word' id='word_1_157' title='bbox 344 2666 475 2744; x_wconf 80' lang='lat' dir='ltr'>,struitis</span> <span class='ocrx_word' id='word_1_158' title='bbox 486 2665 649 2741; x_wconf 79' lang='lat' dir='ltr'>orrcculr&#39;cc,</span> <span class='ocrx_word' id='word_1_159' title='bbox 666 2686 752 2750; x_wconf 80' lang='lat' dir='ltr'>quoe,</span> <span class='ocrx_word' id='word_1_160' title='bbox 767 2665 841 2750; x_wconf 80' lang='lat' dir='ltr'>puio</span> <span class='ocrx_word' id='word_1_161' title='bbox 857 2665 933 2728; x_wconf 82' lang='lat' dir='ltr'>cives</span> <span class='ocrx_word' id='word_1_162' title='bbox 948 2665 1082 2730; x_wconf 80' lang='lat' dir='ltr'>Ilorauui</span> <span class='ocrx_word' id='word_1_163' title='bbox 1093 2676 1191 2734; x_wconf 74' lang='grc'><strong>010111.</strong></span> <span class='ocrx_word' id='word_1_164' title='bbox 1204 2667 1354 2729; x_wconf 73' lang='lat' dir='ltr'>urire-omui</span> <span class='ocrx_word' id='word_1_165' title='bbox 1366 2667 1397 2729; x_wconf 84' lang='lat' dir='ltr'>iu</span> <span class='ocrx_word' id='word_1_166' title='bbox 1415 2665 1520 2730; x_wconf 76' lang='lat' dir='ltr'>rubum</span> <span class='ocrx_word' id='word_1_167' title='bbox 1534 2665 1756 2730; x_wconf 76' lang='lat' dir='ltr'>rcruiucndoa”</span> 
     </span>
    </p>

    <p class='ocr_par' dir='ltr' id='par_1_3' title="bbox 338 2751 1823 3640">
     <span class='ocr_line' id='line_1_15' title="bbox 385 2751 1786 2838; baseline -0.004 -21"><span class='ocrx_word' id='word_1_168' title='bbox 385 2753 648 2838; x_wconf 79' lang='lat' dir='ltr'>Pag.174.[pag.</span> <span class='ocrx_word' id='word_1_169' title='bbox 662 2755 760 2838; x_wconf 85' lang='grc'><strong>148,].</strong></span> <span class='ocrx_word' id='word_1_170' title='bbox 775 2753 862 2817; x_wconf 86' lang='lat' dir='ltr'>luter</span> <span class='ocrx_word' id='word_1_171' title='bbox 875 2752 1048 2816; x_wconf 84' lang='lat' dir='ltr'>Germanos</span> <span class='ocrx_word' id='word_1_172' title='bbox 1062 2752 1265 2838; x_wconf 81' lang='lat' dir='ltr'>Heidelberg.</span> <span class='ocrx_word' id='word_1_173' title='bbox 1274 2752 1452 2838; x_wconf 85' lang='lat' dir='ltr'>Tlreologos</span> <span class='ocrx_word' id='word_1_174' title='bbox 1466 2753 1642 2838; x_wconf 77' lang='lat' dir='ltr'>Altingius,</span> <span class='ocrx_word' id='word_1_175' title='bbox 1651 2751 1703 2837; x_wconf 87' lang='lat' dir='ltr'>qui</span> <span class='ocrx_word' id='word_1_176' title='bbox 1712 2751 1786 2814; x_wconf 88' lang='lat' dir='ltr'>idem</span> 
     </span>
     <span class='ocr_line' id='line_1_16' title="bbox 338 2841 1785 2926; baseline -0.003 -19"><span class='ocrx_word' id='word_1_177' title='bbox 338 2843 449 2908; x_wconf 87' lang='lat' dir='ltr'>multis</span> <span class='ocrx_word' id='word_1_178' title='bbox 470 2843 560 2906; x_wconf 85' lang='lat' dir='ltr'>annis</span> <span class='ocrx_word' id='word_1_179' title='bbox 582 2843 616 2906; x_wconf 91' lang='lat' dir='ltr'>in</span> <span class='ocrx_word' id='word_1_180' title='bbox 640 2842 753 2925; x_wconf 77' lang='lat' dir='ltr'>Belgio</span> <span class='ocrx_word' id='word_1_181' title='bbox 778 2842 903 2920; x_wconf 90' lang='lat' dir='ltr'>claruit,</span> <span class='ocrx_word' id='word_1_182' title='bbox 920 2843 952 2904; x_wconf 92' lang='lat' dir='ltr'>in</span> <span class='ocrx_word' id='word_1_183' title='bbox 969 2841 1197 2924; x_wconf 72' lang='lat' dir='ltr'>problematice</span> <span class='ocrx_word' id='word_1_184' title='bbox 1211 2847 1292 2906; x_wconf 79' lang='lat' dir='ltr'>nova</span> <span class='ocrx_word' id='word_1_185' title='bbox 1309 2844 1367 2908; x_wconf 87' lang='lat' dir='ltr'>loc.</span> <span class='ocrx_word' id='word_1_186' title='bbox 1387 2847 1436 2906; x_wconf 81' lang='lat'>15.</span> <span class='ocrx_word' id='word_1_187' title='bbox 1450 2865 1497 2926; x_wconf 89' lang='lat' dir='ltr'>pr.</span> <span class='ocrx_word' id='word_1_188' title='bbox 1516 2845 1545 2906; x_wconf 82' lang='grc'>9.</span> <span class='ocrx_word' id='word_1_189' title='bbox 1568 2841 1785 2910; x_wconf 71' lang='grc'><strong>1000108010-</strong></span> 
     </span>
     <span class='ocr_line' id='line_1_17' title="bbox 340 2927 1787 3017; baseline -0.004 -19"><span class='ocrx_word' id='word_1_190' title='bbox 340 2944 428 3008; x_wconf 78' lang='lat' dir='ltr'>tores,</span> <span class='ocrx_word' id='word_1_191' title='bbox 451 2944 515 2996; x_wconf 78' lang='lat' dir='ltr'>tunc</span> <span class='ocrx_word' id='word_1_192' title='bbox 535 2933 758 2997; x_wconf 75' lang='lat' dir='ltr'>Ecclesiasticos</span> <span class='ocrx_word' id='word_1_193' title='bbox 782 2953 879 3017; x_wconf 80' lang='lat' dir='ltr'>qrurru</span> <span class='ocrx_word' id='word_1_194' title='bbox 895 2932 1034 3014; x_wconf 78' lang='lat' dir='ltr'>politicos</span> <span class='ocrx_word' id='word_1_195' title='bbox 1054 2932 1132 3008; x_wconf 83' lang='lat' dir='ltr'>illos,</span> <span class='ocrx_word' id='word_1_196' title='bbox 1156 2932 1211 3016; x_wconf 85' lang='lat' dir='ltr'>qui</span> <span class='ocrx_word' id='word_1_197' title='bbox 1231 2932 1431 3016; x_wconf 66' lang='lat' dir='ltr'>illupislrului</span> <span class='ocrx_word' id='word_1_198' title='bbox 1446 2933 1481 2996; x_wconf 84' lang='lat' dir='ltr'>ia</span> <span class='ocrx_word' id='word_1_199' title='bbox 1494 2934 1627 2998; x_wconf 70' lang='lat' dir='ltr'>Ecclesia</span> <span class='ocrx_word' id='word_1_200' title='bbox 1643 2931 1673 2997; x_wconf 81' lang='lat' dir='ltr'>a·</span> <span class='ocrx_word' id='word_1_201' title='bbox 1685 2927 1787 3016; x_wconf 78' lang='lat' dir='ltr'>politici</span> 
     </span>
     <span class='ocr_line' id='line_1_18' title="bbox 338 3020 1786 3107; baseline -0.005 -22"><span class='ocrx_word' id='word_1_202' title='bbox 338 3043 400 3107; x_wconf 81' lang='lat' dir='ltr'>pur</span> <span class='ocrx_word' id='word_1_203' title='bbox 420 3023 477 3105; x_wconf 80' lang='lat' dir='ltr'>jus</span> <span class='ocrx_word' id='word_1_204' title='bbox 498 3020 529 3086; x_wconf 77' lang='lat' dir='ltr'>d·</span> <span class='ocrx_word' id='word_1_205' title='bbox 555 3023 713 3106; x_wconf 81' lang='lat' dir='ltr'>ucqrrulcru</span> <span class='ocrx_word' id='word_1_206' title='bbox 737 3020 1094 3104; x_wconf 73' lang='grc'><strong>0000010001110001.</strong></span> <span class='ocrx_word' id='word_1_207' title='bbox 1124 3020 1320 3098; x_wconf 79' lang='lat' dir='ltr'>Nominibus,</span> <span class='ocrx_word' id='word_1_208' title='bbox 1349 3021 1464 3106; x_wconf 90' lang='lat' dir='ltr'>inquit,</span> <span class='ocrx_word' id='word_1_209' title='bbox 1488 3023 1628 3086; x_wconf 77' lang='lat' dir='ltr'>correullo</span> <span class='ocrx_word' id='word_1_210' title='bbox 1649 3021 1786 3085; x_wconf 73' lang='lat' dir='ltr'>abaciaco.</span> 
     </span>
     <span class='ocr_line' id='line_1_19' title="bbox 340 3109 1786 3196; baseline -0.005 -21"><span class='ocrx_word' id='word_1_211' title='bbox 340 3111 407 3176; x_wconf 79' lang='lat' dir='ltr'>Etsi</span> <span class='ocrx_word' id='word_1_212' title='bbox 430 3111 510 3174; x_wconf 82' lang='lat' dir='ltr'>ialcr</span> <span class='ocrx_word' id='word_1_213' title='bbox 533 3132 581 3174; x_wconf 79' lang='lat' dir='ltr'>eoa·</span> <span class='ocrx_word' id='word_1_214' title='bbox 607 3122 769 3174; x_wconf 76' lang='lat' dir='ltr'>trouulorcs</span> <span class='ocrx_word' id='word_1_215' title='bbox 781 3109 1070 3196; x_wconf 71' lang='lat' dir='ltr'>(demonstrantes)</span> <span class='ocrx_word' id='word_1_216' title='bbox 1085 3109 1216 3194; x_wconf 83' lang='lat' dir='ltr'>quidum</span> <span class='ocrx_word' id='word_1_217' title='bbox 1231 3131 1293 3174; x_wconf 73' lang='lat' dir='ltr'>riou</span> <span class='ocrx_word' id='word_1_218' title='bbox 1306 3123 1499 3195; x_wconf 71' lang='lat' dir='ltr'>posterorum</span> <span class='ocrx_word' id='word_1_219' title='bbox 1512 3113 1612 3174; x_wconf 85' lang='lat' dir='ltr'>locruu</span> <span class='ocrx_word' id='word_1_220' title='bbox 1629 3111 1786 3175; x_wconf 76' lang='lat' dir='ltr'>obtineant.</span> 
     </span>
     <span class='ocr_line' id='line_1_20' title="bbox 339 3196 1788 3284; baseline -0.004 -21"><span class='ocrx_word' id='word_1_221' title='bbox 339 3198 462 3263; x_wconf 82' lang='lat' dir='ltr'>Ibidem</span> <span class='ocrx_word' id='word_1_222' title='bbox 486 3205 582 3284; x_wconf 85' lang='lat' dir='ltr'>negat</span> <span class='ocrx_word' id='word_1_223' title='bbox 606 3197 832 3284; x_wconf 85' lang='lat' dir='ltr'>Magistratunr</span> <span class='ocrx_word' id='word_1_224' title='bbox 853 3220 944 3281; x_wconf 88' lang='lat' dir='ltr'>posse</span> <span class='ocrx_word' id='word_1_225' title='bbox 957 3221 1071 3262; x_wconf 89' lang='lat' dir='ltr'>novam</span> <span class='ocrx_word' id='word_1_226' title='bbox 1087 3197 1328 3264; x_wconf 78' lang='lat' dir='ltr'>Ecclesiasticus</span> <span class='ocrx_word' id='word_1_227' title='bbox 1342 3199 1581 3284; x_wconf 78' lang='lat' dir='ltr'>gubernationis</span> <span class='ocrx_word' id='word_1_228' title='bbox 1595 3200 1728 3263; x_wconf 89' lang='lat' dir='ltr'>formam</span> <span class='ocrx_word' id='word_1_229' title='bbox 1745 3196 1788 3258; x_wconf 93' lang='lat' dir='ltr'>in·</span> 
     </span>
     <span class='ocr_line' id='line_1_21' title="bbox 339 3285 1823 3371; baseline -0.005 -19"><span class='ocrx_word' id='word_1_230' title='bbox 339 3289 503 3352; x_wconf 88' lang='lat' dir='ltr'>troducere</span> <span class='ocrx_word' id='word_1_231' title='bbox 523 3293 578 3351; x_wconf 91' lang='lat' dir='ltr'>aut</span> <span class='ocrx_word' id='word_1_232' title='bbox 596 3289 781 3351; x_wconf 85' lang='lat' dir='ltr'>obtrudere:</span> <span class='ocrx_word' id='word_1_233' title='bbox 799 3289 930 3351; x_wconf 86' lang='lat' dir='ltr'>verbum</span> <span class='ocrx_word' id='word_1_234' title='bbox 952 3287 1143 3371; x_wconf 88' lang='lat' dir='ltr'>praedicare,</span> <span class='ocrx_word' id='word_1_235' title='bbox 1165 3292 1220 3350; x_wconf 89' lang='lat' dir='ltr'>aut</span> <span class='ocrx_word' id='word_1_236' title='bbox 1236 3292 1433 3352; x_wconf 87' lang='lat' dir='ltr'>sacramenta</span> <span class='ocrx_word' id='word_1_237' title='bbox 1449 3287 1685 3352; x_wconf 84' lang='lat' dir='ltr'>administrare:</span> <span class='ocrx_word' id='word_1_238' title='bbox 1702 3285 1787 3349; x_wconf 88' lang='lat' dir='ltr'>disci·</span> <span class='ocrx_word' id='word_1_239' title='bbox 1821 3335 1823 3344; x_wconf 76' lang='lat'>.</span> 
     </span>
     <span class='ocr_line' id='line_1_22' title="bbox 339 3375 1789 3462; baseline -0.002 -23"><span class='ocrx_word' id='word_1_240' title='bbox 339 3377 458 3462; x_wconf 86' lang='lat' dir='ltr'>plinanr</span> <span class='ocrx_word' id='word_1_241' title='bbox 476 3399 619 3442; x_wconf 88' lang='lat' dir='ltr'>exercere</span> <span class='ocrx_word' id='word_1_242' title='bbox 635 3378 771 3440; x_wconf 86' lang='lat' dir='ltr'>clavium</span> <span class='ocrx_word' id='word_1_243' title='bbox 784 3376 1089 3453; x_wconf 84' lang='lat' dir='ltr'>Ecclesiasticarunr,</span> <span class='ocrx_word' id='word_1_244' title='bbox 1102 3375 1274 3440; x_wconf 89' lang='lat' dir='ltr'>claudendo</span> <span class='ocrx_word' id='word_1_245' title='bbox 1291 3382 1346 3441; x_wconf 90' lang='lat' dir='ltr'>aut</span> <span class='ocrx_word' id='word_1_246' title='bbox 1361 3377 1531 3460; x_wconf 87' lang='lat' dir='ltr'>aperiendo</span> <span class='ocrx_word' id='word_1_247' title='bbox 1546 3399 1680 3462; x_wconf 82' lang='lat' dir='ltr'>regnum</span> <span class='ocrx_word' id='word_1_248' title='bbox 1694 3375 1789 3442; x_wconf 89' lang='lat' dir='ltr'>coelo-</span> 
     </span>
     <span class='ocr_line' id='line_1_23' title="bbox 338 3461 1789 3550; baseline -0.004 -20"><span class='ocrx_word' id='word_1_249' title='bbox 338 3487 423 3530; x_wconf 89' lang='lat' dir='ltr'>rum:</span> <span class='ocrx_word' id='word_1_250' title='bbox 438 3489 495 3531; x_wconf 90' lang='lat' dir='ltr'>nec</span> <span class='ocrx_word' id='word_1_251' title='bbox 508 3466 641 3550; x_wconf 88' lang='lat' dir='ltr'>denique</span> <span class='ocrx_word' id='word_1_252' title='bbox 655 3466 883 3530; x_wconf 85' lang='lat' dir='ltr'>controversias</span> <span class='ocrx_word' id='word_1_253' title='bbox 895 3464 1059 3550; x_wconf 80' lang='lat' dir='ltr'>religionis</span> <span class='ocrx_word' id='word_1_254' title='bbox 1072 3465 1111 3528; x_wconf 88' lang='lat' dir='ltr'>ad</span> <span class='ocrx_word' id='word_1_255' title='bbox 1127 3487 1218 3528; x_wconf 85' lang='lat' dir='ltr'>suum</span> <span class='ocrx_word' id='word_1_256' title='bbox 1232 3466 1330 3530; x_wconf 87' lang='lat' dir='ltr'>solius</span> <span class='ocrx_word' id='word_1_257' title='bbox 1340 3466 1494 3550; x_wconf 89' lang='lat' dir='ltr'>judicium</span> <span class='ocrx_word' id='word_1_258' title='bbox 1506 3488 1662 3544; x_wconf 82' lang='lat' dir='ltr'>revocare,</span> <span class='ocrx_word' id='word_1_259' title='bbox 1676 3469 1699 3532; x_wconf 82' lang='grc'>81</span> <span class='ocrx_word' id='word_1_260' title='bbox 1711 3461 1789 3527; x_wconf 87' lang='lat' dir='ltr'>deiis</span> 
     </span>
     <span class='ocr_line' id='line_1_24' title="bbox 339 3555 742 3640; baseline 0 -22"><span class='ocrx_word' id='word_1_261' title='bbox 339 3577 396 3640; x_wconf 89' lang='lat' dir='ltr'>pro</span> <span class='ocrx_word' id='word_1_262' title='bbox 410 3555 580 3619; x_wconf 79' lang='lat' dir='ltr'>autoritate</span> <span class='ocrx_word' id='word_1_263' title='bbox 593 3558 742 3618; x_wconf 86' lang='lat' dir='ltr'>statuere.</span> 
     </span>
    </p>

    <p class='ocr_par' dir='ltr' id='par_1_4' title="bbox 338 3640 1791 4172">
     <span class='ocr_line' id='line_1_25' title="bbox 384 3640 1790 3727; baseline -0.004 -19"><span class='ocrx_word' id='word_1_264' title='bbox 384 3644 505 3708; x_wconf 87' lang='lat' dir='ltr'>Ibidem</span> <span class='ocrx_word' id='word_1_265' title='bbox 529 3667 557 3727; x_wconf 91' lang='lat' dir='ltr'>p.</span> <span class='ocrx_word' id='word_1_266' title='bbox 580 3642 654 3708; x_wconf 81' lang='lat'>692.</span> <span class='ocrx_word' id='word_1_267' title='bbox 675 3644 791 3727; x_wconf 72' lang='lat' dir='ltr'>rejecta</span> <span class='ocrx_word' id='word_1_268' title='bbox 808 3643 968 3708; x_wconf 77' lang='lat' dir='ltr'>calumnia</span> <span class='ocrx_word' id='word_1_269' title='bbox 984 3647 1172 3710; x_wconf 86' lang='lat' dir='ltr'>novatorum</span> <span class='ocrx_word' id='word_1_270' title='bbox 1197 3645 1234 3708; x_wconf 88' lang='lat' dir='ltr'>de</span> <span class='ocrx_word' id='word_1_271' title='bbox 1251 3644 1493 3708; x_wconf 86' lang='lat' dir='ltr'>collateralitate</span> <span class='ocrx_word' id='word_1_272' title='bbox 1506 3645 1674 3727; x_wconf 84' lang='lat' dir='ltr'>potestatis</span> <span class='ocrx_word' id='word_1_273' title='bbox 1687 3640 1790 3707; x_wconf 76' lang='lat' dir='ltr'>Eccle-</span> 
     </span>
     <span class='ocr_line' id='line_1_26' title="bbox 339 3732 1790 3818; baseline 0 -21"><span class='ocrx_word' id='word_1_274' title='bbox 339 3733 484 3798; x_wconf 87' lang='lat' dir='ltr'>siasticae</span> <span class='ocrx_word' id='word_1_275' title='bbox 505 3735 527 3798; x_wconf 76' lang='grc'>81</span> <span class='ocrx_word' id='word_1_276' title='bbox 547 3733 705 3816; x_wconf 79' lang='lat' dir='ltr'>politicae,</span> <span class='ocrx_word' id='word_1_277' title='bbox 730 3733 822 3818; x_wconf 88' lang='lat' dir='ltr'>quasi</span> <span class='ocrx_word' id='word_1_278' title='bbox 837 3736 854 3796; x_wconf 77' lang='lat' dir='ltr'>a</span> <span class='ocrx_word' id='word_1_279' title='bbox 868 3732 984 3797; x_wconf 89' lang='lat' dir='ltr'>nostris</span> <span class='ocrx_word' id='word_1_280' title='bbox 1000 3733 1189 3809; x_wconf 76' lang='lat' dir='ltr'>introducta,</span> <span class='ocrx_word' id='word_1_281' title='bbox 1203 3733 1350 3816; x_wconf 79' lang='lat' dir='ltr'>politicae</span> <span class='ocrx_word' id='word_1_282' title='bbox 1366 3735 1516 3816; x_wconf 89' lang='lat' dir='ltr'>potestati</span> <span class='ocrx_word' id='word_1_283' title='bbox 1530 3734 1790 3817; x_wconf 81' lang='lat' dir='ltr'>superioritatem.</span> 
     </span>
     <span class='ocr_line' id='line_1_27' title="bbox 339 3821 1789 3906; baseline -0.004 -19"><span class='ocrx_word' id='word_1_284' title='bbox 339 3822 580 3887; x_wconf 76' lang='lat' dir='ltr'>Ecclesiasticus</span> <span class='ocrx_word' id='word_1_285' title='bbox 603 3822 818 3906; x_wconf 80' lang='lat' dir='ltr'>arrbjcclr&#39;oucru</span> <span class='ocrx_word' id='word_1_286' title='bbox 839 3821 999 3900; x_wconf 83' lang='lat' dir='ltr'>adscribit,</span> <span class='ocrx_word' id='word_1_287' title='bbox 1019 3843 1084 3886; x_wconf 86' lang='lat' dir='ltr'>uou</span> <span class='ocrx_word' id='word_1_288' title='bbox 1100 3824 1284 3900; x_wconf 78' lang='lat' dir='ltr'>absolutura,</span> <span class='ocrx_word' id='word_1_289' title='bbox 1301 3823 1354 3886; x_wconf 81' lang='lat' dir='ltr'>scd</span> <span class='ocrx_word' id='word_1_290' title='bbox 1366 3823 1533 3888; x_wconf 71' lang='lat' dir='ltr'>libellulum</span> <span class='ocrx_word' id='word_1_291' title='bbox 1544 3823 1600 3888; x_wconf 66' lang='lat' dir='ltr'>[tc.</span> <span class='ocrx_word' id='word_1_292' title='bbox 1614 3845 1668 3887; x_wconf 83' lang='lat' dir='ltr'>aec</span> <span class='ocrx_word' id='word_1_293' title='bbox 1681 3821 1789 3883; x_wconf 71' lang='grc'><strong>’·””·1’10-</strong></span> 
     </span>
     <span class='ocr_line' id='line_1_28' title="bbox 340 3909 1790 3997; baseline -0.002 -21"><span class='ocrx_word' id='word_1_294' title='bbox 340 3924 403 3976; x_wconf 81' lang='lat' dir='ltr'>loru</span> <span class='ocrx_word' id='word_1_295' title='bbox 415 3924 470 3976; x_wconf 83' lang='lat' dir='ltr'>aul</span> <span class='ocrx_word' id='word_1_296' title='bbox 482 3913 727 3976; x_wconf 77' lang='lat' dir='ltr'>conditionatum</span> <span class='ocrx_word' id='word_1_297' title='bbox 739 3912 851 3989; x_wconf 69' lang='lat' dir='ltr'>solunt,</span> <span class='ocrx_word' id='word_1_298' title='bbox 865 3912 918 3975; x_wconf 83' lang='lat' dir='ltr'>sed</span> <span class='ocrx_word' id='word_1_299' title='bbox 929 3913 1022 3974; x_wconf 80' lang='lat' dir='ltr'>elium</span> <span class='ocrx_word' id='word_1_300' title='bbox 1035 3909 1227 3994; x_wconf 65' lang='grc' dir='ltr'>ἀντίστροφον</span> <span class='ocrx_word' id='word_1_301' title='bbox 1239 3911 1269 3976; x_wconf 80' lang='lat' dir='ltr'>d·</span> <span class='ocrx_word' id='word_1_302' title='bbox 1280 3912 1481 3994; x_wconf 75' lang='lat' dir='ltr'>reciproccnu</span> <span class='ocrx_word' id='word_1_303' title='bbox 1493 3915 1555 3997; x_wconf 82' lang='lat' dir='ltr'>qud</span> <span class='ocrx_word' id='word_1_304' title='bbox 1568 3912 1611 3976; x_wconf 77' lang='grc'>110</span> <span class='ocrx_word' id='word_1_305' title='bbox 1623 3934 1702 3976; x_wconf 34' lang='lat' dir='ltr'>sue..</span> <span class='ocrx_word' id='word_1_306' title='bbox 1738 3909 1790 3975; x_wconf 82' lang='lat' dir='ltr'>Ec-</span> 
     </span>
     <span class='ocr_line' id='line_1_29' title="bbox 338 4000 1791 4088; baseline -0.002 -24"><span class='ocrx_word' id='word_1_307' title='bbox 338 4002 504 4065; x_wconf 75' lang='lat' dir='ltr'>clesiastico</span> <span class='ocrx_word' id='word_1_308' title='bbox 526 4001 676 4085; x_wconf 75' lang='lat' dir='ltr'>politicae,</span> <span class='ocrx_word' id='word_1_309' title='bbox 700 4013 734 4065; x_wconf 79' lang='lat' dir='ltr'>at</span> <span class='ocrx_word' id='word_1_310' title='bbox 757 4000 893 4064; x_wconf 79' lang='lat' dir='ltr'>uicissim</span> <span class='ocrx_word' id='word_1_311' title='bbox 915 4001 1040 4084; x_wconf 78' lang='lat' dir='ltr'>politica</span> <span class='ocrx_word' id='word_1_312' title='bbox 1063 4000 1160 4064; x_wconf 79' lang='lat' dir='ltr'>srrbsit</span> <span class='ocrx_word' id='word_1_313' title='bbox 1181 4001 1415 4078; x_wconf 75' lang='lat' dir='ltr'>Ecclesiasticus,</span> <span class='ocrx_word' id='word_1_314' title='bbox 1434 4001 1537 4086; x_wconf 84' lang='lat' dir='ltr'>quoad</span> <span class='ocrx_word' id='word_1_315' title='bbox 1556 4001 1647 4088; x_wconf 75' lang='lat' dir='ltr'>puer·</span> <span class='ocrx_word' id='word_1_316' title='bbox 1738 4019 1791 4064; x_wconf 81' lang='lat' dir='ltr'>res.</span> 
     </span>
     <span class='ocr_line' id='line_1_30' title="bbox 339 4089 1449 4172; baseline 0 -19"><span class='ocrx_word' id='word_1_317' title='bbox 339 4091 548 4172; x_wconf 74' lang='lat' dir='ltr'>disciplinetur.</span> <span class='ocrx_word' id='word_1_318' title='bbox 569 4089 686 4153; x_wconf 82' lang='lat' dir='ltr'>Confer</span> <span class='ocrx_word' id='word_1_319' title='bbox 698 4090 837 4171; x_wconf 86' lang='lat' dir='ltr'>ejusdem</span> <span class='ocrx_word' id='word_1_320' title='bbox 850 4089 1034 4152; x_wconf 86' lang='lat' dir='ltr'>elencticnrn</span> <span class='ocrx_word' id='word_1_321' title='bbox 1047 4111 1159 4152; x_wconf 83' lang='lat' dir='ltr'>novam</span> <span class='ocrx_word' id='word_1_322' title='bbox 1174 4112 1203 4172; x_wconf 93' lang='lat' dir='ltr'>p.</span> <span class='ocrx_word' id='word_1_323' title='bbox 1219 4091 1292 4151; x_wconf 76' lang='lat'>841.</span> <span class='ocrx_word' id='word_1_324' title='bbox 1311 4089 1385 4152; x_wconf 76' lang='lat'>855.</span> <span class='ocrx_word' id='word_1_325' title='bbox 1400 4092 1449 4156; x_wconf 74' lang='lat' dir='ltr'>&amp;a</span> 
     </span>
    </p>

    <p class='ocr_par' dir='ltr' id='par_1_5' title="bbox 338 4177 1792 4531">
     <span class='ocr_line' id='line_1_31' title="bbox 384 4177 1790 4262; baseline -0.002 -21"><span class='ocrx_word' id='word_1_326' title='bbox 384 4178 461 4261; x_wconf 82' lang='lat' dir='ltr'>Peg.</span> <span class='ocrx_word' id='word_1_327' title='bbox 486 4179 558 4241; x_wconf 78' lang='grc'><strong>188.</strong></span> <span class='ocrx_word' id='word_1_328' title='bbox 573 4179 662 4262; x_wconf 88' lang='lat' dir='ltr'>[pag.</span> <span class='ocrx_word' id='word_1_329' title='bbox 680 4179 778 4262; x_wconf 73' lang='lat'>143.].</span> <span class='ocrx_word' id='word_1_330' title='bbox 803 4177 967 4241; x_wconf 80' lang='lat' dir='ltr'>lohannes</span> <span class='ocrx_word' id='word_1_331' title='bbox 984 4177 1160 4261; x_wconf 85' lang='lat' dir='ltr'>Episcopus</span> <span class='ocrx_word' id='word_1_332' title='bbox 1181 4177 1339 4242; x_wconf 82' lang='lat' dir='ltr'>Roffensis</span> <span class='ocrx_word' id='word_1_333' title='bbox 1361 4179 1394 4242; x_wconf 92' lang='lat' dir='ltr'>in</span> <span class='ocrx_word' id='word_1_334' title='bbox 1414 4179 1537 4244; x_wconf 91' lang='lat' dir='ltr'>erudito</span> <span class='ocrx_word' id='word_1_335' title='bbox 1554 4181 1668 4261; x_wconf 63' lang='lat' dir='ltr'>desp..-</span> <span class='ocrx_word' id='word_1_336' title='bbox 1738 4177 1790 4238; x_wconf 73' lang='lat' dir='ltr'>»ln-</span> 
     </span>
     <span class='ocr_line' id='line_1_32' title="bbox 339 4267 1791 4350; baseline -0.002 -19"><span class='ocrx_word' id='word_1_337' title='bbox 339 4268 423 4331; x_wconf 89' lang='lat' dir='ltr'>mino</span> <span class='ocrx_word' id='word_1_338' title='bbox 441 4271 548 4332; x_wconf 89' lang='lat' dir='ltr'>contra</span> <span class='ocrx_word' id='word_1_339' title='bbox 561 4267 791 4330; x_wconf 82' lang='lat' dir='ltr'>Bellanninunr</span> <span class='ocrx_word' id='word_1_340' title='bbox 804 4289 860 4350; x_wconf 92' lang='lat' dir='ltr'>pro</span> <span class='ocrx_word' id='word_1_341' title='bbox 878 4269 1038 4350; x_wconf 85' lang='lat' dir='ltr'>Barclay0,</span> <span class='ocrx_word' id='word_1_342' title='bbox 1054 4268 1091 4330; x_wconf 91' lang='lat' dir='ltr'>de</span> <span class='ocrx_word' id='word_1_343' title='bbox 1104 4268 1338 4332; x_wconf 82' lang='lat' dir='ltr'>cobrdinatione</span> <span class='ocrx_word' id='word_1_344' title='bbox 1355 4268 1645 4332; x_wconf 78' lang='lat' dir='ltr'>&amp;subordinatione</span> <span class='ocrx_word' id='word_1_345' title='bbox 1663 4267 1698 4296; x_wconf 76' lang='lat'>³··</span> <span class='ocrx_word' id='word_1_346' title='bbox 1738 4284 1791 4329; x_wconf 86' lang='lat' dir='ltr'>um</span> 
     </span>
     <span class='ocr_line' id='line_1_33' title="bbox 338 4355 1792 4441; baseline 0 -20"><span class='ocrx_word' id='word_1_347' title='bbox 338 4360 608 4440; x_wconf 84' lang='lat' dir='ltr'>potestaturncap.</span> <span class='ocrx_word' id='word_1_348' title='bbox 625 4357 676 4420; x_wconf 77' lang='grc'>11.</span> <span class='ocrx_word' id='word_1_349' title='bbox 689 4361 785 4440; x_wconf 86' lang='lat' dir='ltr'>negat</span> <span class='ocrx_word' id='word_1_350' title='bbox 797 4356 948 4439; x_wconf 88' lang='lat' dir='ltr'>potestati</span> <span class='ocrx_word' id='word_1_351' title='bbox 961 4355 1201 4419; x_wconf 76' lang='lat' dir='ltr'>Ecclesiasticus</span> <span class='ocrx_word' id='word_1_352' title='bbox 1214 4357 1376 4439; x_wconf 88' lang='lat' dir='ltr'>politicam</span> <span class='ocrx_word' id='word_1_353' title='bbox 1390 4361 1453 4441; x_wconf 76' lang='lat' dir='ltr'>qua</span> <span class='ocrx_word' id='word_1_354' title='bbox 1465 4358 1573 4425; x_wconf 85' lang='lat' dir='ltr'>talem.</span> <span class='ocrx_word' id='word_1_355' title='bbox 1583 4359 1605 4423; x_wconf 79' lang='lat' dir='ltr'>dr</span> <span class='ocrx_word' id='word_1_356' title='bbox 1616 4357 1661 4420; x_wconf 75' lang='lat' dir='ltr'>vi-</span> <span class='ocrx_word' id='word_1_357' title='bbox 1738 4377 1792 4421; x_wconf 77' lang='lat' dir='ltr'>rsa.</span> 
     </span>
     <span class='ocr_line' id='line_1_34' title="bbox 338 4445 1792 4531; baseline -0.003 -20"><span class='ocrx_word' id='word_1_358' title='bbox 338 4447 514 4531; x_wconf 87' lang='lat' dir='ltr'>subjectam</span> <span class='ocrx_word' id='word_1_359' title='bbox 534 4468 612 4523; x_wconf 83' lang='lat' dir='ltr'>esse,</span> <span class='ocrx_word' id='word_1_360' title='bbox 633 4448 655 4511; x_wconf 81' lang='grc'>81</span> <span class='ocrx_word' id='word_1_361' title='bbox 675 4467 748 4530; x_wconf 88' lang='lat' dir='ltr'>pag.</span> <span class='ocrx_word' id='word_1_362' title='bbox 770 4447 843 4509; x_wconf 80' lang='lat'>458.</span> <span class='ocrx_word' id='word_1_363' title='bbox 858 4446 902 4509; x_wconf 89' lang='lat' dir='ltr'>sic</span> <span class='ocrx_word' id='word_1_364' title='bbox 915 4446 1073 4531; x_wconf 90' lang='lat' dir='ltr'>loquitur:</span> <span class='ocrx_word' id='word_1_365' title='bbox 1092 4445 1247 4524; x_wconf 78' lang='lat' dir='ltr'>„Possunt</span> <span class='ocrx_word' id='word_1_366' title='bbox 1260 4447 1338 4510; x_wconf 90' lang='lat' dir='ltr'>duae</span> <span class='ocrx_word' id='word_1_367' title='bbox 1352 4445 1432 4510; x_wconf 86' lang='lat' dir='ltr'>istae</span> <span class='ocrx_word' id='word_1_368' title='bbox 1445 4450 1626 4530; x_wconf 83' lang='lat' dir='ltr'>potestates,</span> <span class='ocrx_word' id='word_1_369' title='bbox 1638 4451 1694 4508; x_wconf 77' lang='lat' dir='ltr'>tar</span> <span class='ocrx_word' id='word_1_370' title='bbox 1738 4465 1792 4507; x_wconf 79' lang='lat' dir='ltr'>urm</span> 
     </span>
    </p>

    <p class='ocr_par' dir='ltr' id='par_1_6' title="bbox 1738 4533 1794 4596">
     <span class='ocr_line' id='line_1_35' title="bbox 1738 4533 1794 4596; baseline -0.036 0"><span class='ocrx_word' id='word_1_371' title='bbox 1738 4533 1794 4596; x_wconf 83' lang='lat' dir='ltr'>due</span> 
     </span>
    </p>
   </div>
   <div class='ocr_carea' id='block_1_3' title="bbox 0 0 1838 4856">
    <p class='ocr_par' dir='ltr' id='par_1_7' title="bbox 0 0 1838 4856">
     <span class='ocr_line' id='line_1_36' title="bbox 0 0 1838 4856; baseline 0 0"><span class='ocrx_word' id='word_1_372' title='bbox 0 0 1838 4856; x_wconf 95' lang='lat' dir='ltr'> </span> 
     </span>
    </p>
   </div>
  </div>
 </body>
</html>
