3752 4858
195 289 197 293 ·
249 304 361 376 Tusce.
378 307 417 376 [Ι.
442 309 528 376 Sacr.
543 309 601 376 IV.
624 309 673 375 De
686 308 803 376 Gonnus
815 307 986 378 Doursrons
1000 305 1288 379 Aournisrsrrrona.
1312 311 1382 380 One.
1397 309 1438 380 V.
1509 317 1579 384 271

115 497 230 581 jusculi
241 503 298 561 ant
311 496 374 561 cibi
387 496 501 582 liquidi
513 496 615 562 eidem
628 496 757 562 deberet
768 495 903 562 infundi.
918 495 1030 562 Posset
1043 496 1584 586 8118881881,18118888181881888

116 589 173 664 est,
199 589 235 652 ut
257 587 410 670 trajectus
433 609 489 671 per
512 591 682 671 utrumque
705 607 787 665 crus,
809 587 843 650 in
866 608 972 671 genna
996 590 1163 672 cogeretur
1178 590 1396 672 procumbere,
1411 593 1433 658 18
1446 592 1505 658 hoc
1517 595 1582 659 situ

115 679 224 758 potum
244 678 302 740 aut
317 673 404 739 81181
416 675 493 758 8811
504 674 649 740 oblatum
661 675 812 759 accipere.
826 673 889 740 Sed
900 675 972 759 quis
984 675 1056 740 inde
1072 677 1247 756 concludet,
1260 679 1395 763 genibus
1409 682 1582 748 subnixum

115 784 183 829 8888
207 766 264 828 881
282 763 422 848 81818888
434 765 550 848 jacere,
567 768 623 829 aut
638 764 736 828 etiam
747 785 882 848 pronum
895 764 996 830 instar
1008 765 1164 829 vermium
1179 772 1373 851 serpentum,
1386 770 1584 852 catellorum,

114 853 165 918 188.
174 875 244 917 esse
252 855 380 937 gestum
389 851 459 916 cibo
467 853 618 936 capiendo
627 875 727 936 aeque
735 853 984 933 convenientem,
994 875 1031 918 ac
1039 853 1367 941 aliumquemcunque
1375 860 1581 925 mensurium.

113 939 305 1018 1188188888
321 962 421 1024 prona
436 941 742 1024 88881881881888118
754 945 879 1006 caetera
892 946 1021 1021 terram,
1038 943 1108 1008 &os
1125 941 1247 1007 homini
1264 946 1400 1011 sublime
1413 946 1524 1014 datum
1540 950 1584 1014 sit

112 1033 231 1094 natura
245 1051 303 1093 nos
315 1029 406 1094 docet
418 1031 468 1116 (ut
479 1030 559 1094 illud
572 1031 667 1096 Paeti
685 1031 713 1093 1.
729 1031 868 1096 Corinth.
883 1032 933 1095 11.
947 1052 975 1096 υ.
991 1031 1042 1095 14.
1055 1030 1117 1096 huo
1130 1032 1299 1116 applicem)
1311 1056 1447 1118 pronum
1460 1042 1516 1102 aut
1529 1061 1584 1103 su-

112 1118 226 1201 pinum
235 1117 341 1202 jacere
357 1117 442 1183 inter
453 1119 693 1198 convivandum,
711 1118 892 1186 horninibus
905 1120 990 1184 sanis
1007 1141 1043 1184 88
1055 1119 1168 1184 sobriis
1181 1121 1261 1188 haut
1274 1124 1453 1191 convenire.
1465 1125 1583 1192 Extre-

112 1227 184 1271 mus
197 1205 396 1278 necessitatis
407 1229 497 1272 88888
506 1212 655 1292 exceptus
668 1207 833 1272 confirmat
844 1209 1000 1294 regulam,
1014 1207 1169 1274 Novimus
1177 1213 1311 1294 utroque
1320 1233 1410 1277 88888
1419 1218 1476 1278 881
1485 1215 1583 1280 etiam

111 1296 269 1361 alterutro
280 1299 409 1378 pertuso
421 1294 543 1361 Η88ὃ88
566 1296 722 1362 militares
740 1297 959 1383 geniculantes
971 1297 1011 1362 ad
1026 1301 1152 1381 tempus
1165 1297 1268 1364 adhuc
1279 1304 1407 1366 strenue
1427 1301 1582 1369 vibrando

111 1385 285 1463 acinacem,
301 1405 461 1470 pugnasse
476 1385 658 1451 &hostibus
670 1386 859 1470 urgentibus
871 1386 1041 1452 restitisse:
1059 1386 1114 1452 881
1126 1386 1198 1452 1818
1214 1409 1277 1452 888
1290 1387 1474 1470 inferemus,
1487 1396 1581 1478 gestu

111 1473 338 1559 geniculantiS,
362 1473 441 1538 adde
461 1475 484 1540 18
500 1474 687 1558 8881881118
700 1477 823 1539 hostem
836 1474 996 1554 euntibus,
1009 1475 1041 1538 in
1055 1474 1121 1540 acie
1137 1477 1307 1554 stantibus,
1332 1479 1453 1544 vallum
1477 1502 1581 1565 8888-
1621 1555 1630 1570 ·
1729 1521 1738 1542 .

110 1561 297 1649 gnantibus,
310 1583 374 1626 non
397 1563 501 1648 magis
524 1563 697 1628 autminus
721 1562 834 1647 inipso
848 1564 1011 1649 pugnandi
1027 1567 1100 1628 actu
1114 1565 1283 1631 &articulo
1306 1568 1470 1650 utendum,
1482 1591 1579 1654 quam

110 1672 310 1738 progressus,
334 1651 446 1732 saltus,
464 1673 584 1730 888888,
597 1651 761 1717 stationis:
778 1653 863 1736 quod
875 1653 943 1717 8811.
955 1652 1128 1718 secuudum
1140 1658 1276 1737 quatuor
1291 1655 1404 1721 ultima
1416 1659 1580 1742 praedica·

109 1745 221 1804 menta
245 1739 364 1824 singuli
386 1742 532 1825 gestus&
544 1741 624 1806 81188
636 1740 703 1824 8881
719 1741 790 1825 jure
802 1739 866 1805 frui
878 1741 1024 1806 debeant.
1038 1741 1583 1828 8888818Ρ8888888881188888811,

110 1851 174 1894 non
200 1828 326 1914 probat,
343 1850 443 1912 aeque
455 1829 695 1894 convenientem
708 1851 775 1894 esse
789 1853 882 1894 usum
894 1830 1126 1915 genuflexionis
1139 1831 1171 1894 in
1188 1829 1302 1912 08881,
1317 1855 1353 1898 88
1365 1838 1476 1920 gestus
1493 1858 1582 1901 men-

110 1917 189 1982 sarii
201 1916 296 1981 hodie
308 1917 345 1980 in
353 1917 534 1982 reformatis
545 1917 697 1984 1188188118
709 1917 837 2003 recepti:
851 1919 926 2003 quia
939 1919 1006 1984 scil.
1020 1940 1119 2004 aeque
1132 1920 1282 1986 recedunt
1291 1925 1310 1986 1
1317 1928 1410 2006 gestu
1420 1924 1584 1989 accubitus

110 2007 133 2072 1
157 2005 306 2090 exemplo
320 2003 450 2086 Christi,
464 2007 586 2092 (1118111.
601 2007 652 2070 26.
666 2029 695 2072 v.
713 2007 780 2091 20.)
793 2029 829 2072 88
842 2007 1082 2093 genuflexionis.
1096 2007 1164 2073 Nos
1177 2013 1286 2074 eontra
1299 2010 1442 2092 dicimus,
1455 2018 1583 2098 gestum

110 2094 263 2160 sessionis
287 2115 354 2159 esse
379 2095 573 2160 mensurium
596 2097 619 2161 1
635 2096 840 2176 convivalem,
857 2096 999 2162 88881818
1012 2097 1171 2162 communi
1188 2099 1584 2180 1888888888881881888;

110 2189 209 2268 atque
233 2183 311 2248 adeo
334 2203 451 2268 genere
474 2182 659 2268 &analogit
670 2206 743 2249 cnm
758 2185 888 2270 speciali
900 2189 993 2272 gestu
1002 2185 1170 2266 mensorio,
1185 2187 1327 2254 accubitu
1342 2189 1409 2254 scil.
1424 2192 1444 2254 8
1459 2189 1586 2256 Christo

111 2272 289 2338 secundum
315 2293 435 2336 morem
461 2272 657 2338 convivalem
683 2273 756 2338 18118
779 2276 803 2340 b
824 2278 900 2340 tunc
922 2279 1095 2358 receptum,
1120 2276 1303 2353 convenire;
1328 2277 1585 2362 genuflexionem

111 2361 254 2426 minime.
269 2359 448 2436 Quaeratur
464 2383 502 2426 ex
511 2361 587 2440 illis,
604 2361 660 2447 qui
672 2361 806 2427 honesta
821 2363 969 2428 18188888
981 2363 1134 2442 convivia,
1151 2364 1308 2449 imprimis
1320 2368 1489 2451 nuptialia,
1503 2369 1585 2435 cele·

111 2451 219 2529 brant,
244 2449 300 2533 qui
323 2449 464 2534 quotidie
490 2449 575 2514 domi
598 2473 674 2516 8888
697 2450 803 2518 eibum
820 2451 960 2535 capiunt,
974 2476 1015 2517 an
1028 2475 1160 2537 corpora
1172 2457 1239 2518 tam
1251 2456 1413 2522 commode
1426 2457 1466 2521 ad
1479 2458 1585 2523 cibum

110 2538 311 2624 capiendum,
336 2539 375 2603 81
399 2539 659 2624 requiescendum
683 2540 842 2620 talebore,
867 2541 907 2605 81
931 2540 1136 2606 refectionem
1150 2542 1350 2626 applicentur
1362 2545 1583 2630 geniculando,

110 2626 364 2712 quamsedendo
386 2628 484 2693 Tertio
497 2627 724 2712 praesupponit
739 2629 883 2709 desumit,
890 2629 1144 2714 genuflexionem
1152 2653 1252 2714 aeque
1269 2631 1503 2699 indifferentem
1518 2657 1585 2700 8888

111 2739 182 2782 esse
194 2737 232 2780 ac
244 2715 426 2782 sessionem.
439 2715 508 2782 Nos
519 2721 630 2782 contra
641 2716 785 2798 dicimus,
798 2739 869 2782 cum
882 2717 1062 2803 genuflexio
1075 2719 1106 2782 in
1121 2717 1246 2803 Papatu
1259 2722 1464 2806 appropriata
1476 2723 1584 2804 fuerit,

110 2807 134 2872 18
150 2804 256 2870 adhuc
279 2804 322 2869 sit
344 2805 539 2881 artolatriae,
564 2811 583 2869 t
608 2809 671 2890 quia
687 2805 824 2870 arbitror
837 2804 1057 2891 Opponentem
1074 2829 1170 2898 quam
1186 2808 1372 2894 longissime
1385 2810 1515 2876 abesse:
1533 2835 1583 2877 se·

110 2893 224 2978 quitur
247 2892 287 2958 ab
310 2893 372 2958 hoc
394 2897 499 2980 gestu,
523 2894 579 2978 qui
602 2898 650 2959 881
674 2895 879 2975 81888118818,
902 2900 1055 2980 tauquam
1079 2896 1393 2980 speeieboccasione
1409 2900 1497 2980 mali,
1516 2923 1582 2986 quo

110 2981 214 3047 otiose
238 2983 261 3048 18
284 2981 461 3066 periculose
485 2983 695 3067 symbolizare
719 2983 864 3048 videmur
880 3005 951 3048 curn
964 2985 1148 3064 Artolatris,
1164 2984 1390 3052 abstinendum
1406 3009 1492 3054 esse:
1518 3011 1581 3054 non

110 3071 225 3135 minus
243 3093 280 3135 ac
303 3071 343 3135 ab
360 3069 516 3136 1888111118
528 3071 669 3136 18118818
681 3075 773 3136 88881
797 3071 934 3138 excelsa:
948 3074 1092 3156 quamvis
1105 3073 1246 3157 alioquin
1259 3075 1479 3156 materialiter,
1492 3077 1525 3142 in
1541 3101 1585 3158 se,

110 3162 135 3226 1
159 3159 305 3225 absolute
321 3163 465 3244 88881818
477 3163 564 3224 18888
575 3164 710 3246 aggesta
725 3183 826 3244 aeque
837 3161 1020 3227 indifferens
1034 3166 1129 3241 88881,
1143 3185 1179 3227 ac
1191 3163 1297 3248 81888.
1321 3163 1353 3230 N
1354 3187 1395 3230 on
1408 3166 1581 3250 repetimus

109 3247 276 3314 Diatritaa
301 3249 338 3314 de
362 3247 546 3314 Idololatria
570 3249 730 3326 indirecta,
751 3251 789 3314 de
801 3249 1034 3334 supserstitione,
1049 3251 1139 3338 [pag.
1155 3252 1234 3337 822]
1252 3253 1289 3318 de
1300 3255 1459 3336 scandalo,
1472 3255 1582 3320 alitia

109 3336 218 3402 Nobis
234 3337 404 3402 exhibitas.
417 3336 452 3404 Si
465 3336 635 3422 Opponens
648 3341 757 3404 contra
769 3337 952 3405 Pontificios
963 3363 1022 3424 pro
1035 3363 1116 3425 8888
1128 3362 1249 3425 azymo,
1261 3364 1319 3425 pro
1334 3342 1449 3408 hostiis
1461 3345 1585 3410 orbicu-

108 3425 244 3504 laribus,
258 3448 315 3510 pro
327 3426 392 3490 ritu
404 3426 600 3508 elevationis,
613 3449 671 3511 888
683 3425 859 3506 8818181811,
873 3450 936 3492 888
949 3451 1021 3494 eum
1033 3433 1127 3515 gestu
1139 3429 1370 3515 genuflexionis
1379 3433 1584 3518 appropriato

109 3514 352 3595 contendentes,
365 3514 526 3581 Ecclesiae
538 3537 615 3580 8888
627 3514 686 3580 hac
698 3516 732 3580 in
744 3519 834 3596 88818
846 3515 1107 3584 reformationem
1120 3518 1350 3585 defendendam
1362 3520 1425 3586 sibi
1434 3525 1584 3604 sumeret,

109 3603 235 3668 videret
258 3625 355 3689 quam
379 3625 441 3669 uon
465 3604 671 3669 adamantina
682 3605 747 3670 8181
758 3604 838 3669 haec
854 3605 979 3672 vincula
996 3607 1229 3691 quaestionum,
1242 3609 1358 3692 quibus
1371 3610 1584 3676 desiderantes

108 3691 375 3757 reformationem
390 3692 633 3778 genuflexionis,
649 3693 925 3760 constrictissimos
942 3699 1044 3779 putat.

161 3779 314 3860 ,Quaerit
326 3781 356 3846 2.
374 3779 465 3847 Unde
481 3781 547 3860 fiat,
564 3785 601 3846 ut
613 3781 747 3866 alicujus
758 3783 864 3868 gentis
881 3788 974 3870 (8818
986 3783 1197 3870 Anglieanae)
1211 3786 1301 3852 188118
1314 3787 1504 3854 consuetudo
1516 3788 1584 3854 suf-

113 3869 224 3950 ‚ficiat
245 3869 286 3934 81
300 3870 370 3950 hoc,
385 3874 421 3934 81
431 3870 530 3954 perlui
543 3871 711 3937 181811818νὶ
723 3872 871 3937 succedat
882 3873 977 3939 888818
989 3873 1040 3940 vel
1056 3875 1145 3940 statio
1158 3874 1199 3938 ad
1211 3897 1353 3940 mensam
1366 3897 1565 3944 communem
1577 3901 1584 3956 ;

112 3958 188 4038 ,lex
211 3962 320 4024 autem
339 3960 473 4043 positiva
497 3958 639 4044 ejusdem
659 3960 765 4046 gentis
788 3982 850 4025 non
863 3960 1004 4028 sufficiat
1020 3963 1060 4027 81
1075 3963 1145 4042 hoc,
1158 3966 1194 4028 ut
1207 3963 1308 4030 eidem
1324 3965 1425 4050 gestui
1437 3967 1585 4032 succedat

111 4047 356 4133 ,1898818818ιί8
378 4049 421 4114 ad
444 4069 588 4114 mensam
600 4049 750 4116 sacram?
772 4051 862 4134 Hesp.
877 4049 1048 4126 Quaeritur
1060 4052 1098 4116 18
1115 4052 1297 4136 disparatis,
1314 4057 1371 4118 aut
1385 4057 1454 4118 toto
1466 4076 1584 4139 genere

107 4137 248 4202 diversis
272 4141 328 4202 aut
351 4137 576 4202 dissimilibus:
605 4138 642 4202 18
654 4141 747 4224 gestu
760 4160 816 4202 seu
828 4139 908 4204 situs
921 4139 1014 4204 modo
1030 4140 1063 4205 in
1077 4141 1237 4206 communi
1249 4144 1404 4221 88888818
1420 4143 1458 4208 18
1473 4145 1583 4209 eodem

105 4227 144 4291 in
169 4229 279 4290 meust
301 4224 442 4290 Domini.
459 4224 509 4292 lbi
520 4230 627 4310 potest
639 4249 696 4311 per
707 4228 976 4308 consuetudinem,
991 4233 1047 4293 881
1061 4251 1118 4313 888
1130 4229 1295 4294 homiuum
1309 4231 1436 4298 arbitro·
1446 4233 1582 4298 mutatio

107 4315 193 4391 fieri,
217 4315 241 4378 dt
263 4315 344 4379 81188
360 4337 397 4379 88
412 4319 522 4400 gestus
536 4315 716 4400 quicunque
732 4315 839 4392 (modo
852 4338 915 4381 non
931 4322 1089 4403 repugnet
1105 4318 1220 4382 rationi
1233 4341 1269 4383 ac
1292 4319 1404 4385 decoro
1429 4322 1581 4404 naturali)

106 4401 258 4468 adhiberi
269 4426 276 4481 3
288 4403 384 4488 idque
396 4404 517 4487 absque
534 4404 598 4468 ullo
610 4404 752 4487 88818818
770 4409 825 4470 881
837 4407 940 4490 specio
952 4406 1224 4491 symbolizationis
1237 4430 1308 4472 curn
1321 4409 1545 4494 superstitione
1559 4412 1581 4476 18

1476 4499 1579 4562 11818-
