3768 4842
322 299 364 368 54
529 300 642 366 Pras
677 299 703 365 Ι.
748 298 1382 366 DsOstcroPonrr.Eccn.
1421 297 1576 365 h1s.l.

327 491 437 557 Africa
449 492 537 554 trans
553 511 651 566 mare,
668 490 708 554 ad
719 492 826 555 sedem
837 491 904 556 scil.
929 487 1109 556 Romanam
1120 491 1364 574 provocandum.
1387 487 1635 564 Constitutioaes,
1649 491 1795 566 Decreta,
1861 483 1863 560 ἰ

326 581 357 647 ἃ
381 581 496 646 Prasia
511 580 720 646 Eccleoiorurn
732 581 941 665 Bclpicorum,
955 579 1125 644 transitum
1141 602 1268 644 omnem
1281 579 1318 643 de
1330 578 1474 664 Ecclesid
1486 579 1519 642 in
1533 577 1711 642 Ecclesiam
1725 579 1798 644 sive
1861 579 1863 658 ξ

326 670 467 755 ejusdcm
494 669 561 732 sive
584 669 715 734 alterius
732 667 872 755 linguae,
885 671 953 734 sine
965 670 1049 734 bona
1061 669 1153 733 venia
1166 668 1394 742 &dimissione
1407 671 1463 731 aut
1476 667 1593 750 scripto
1607 667 1798 732 testimonio
1861 671 1863 754 l

326 758 487 824 Ecclesiae
511 758 600 842 cujus
620 759 799 823 membrum
816 763 874 838 est,
887 759 1032 823 absolute
1044 757 1226 843 prohibent.
1252 756 1342 833 Quod
1353 755 1512 840 imprimis
1525 756 1628 820 locum
1644 755 1796 821 habetin
1861 761 1863 828 !

326 849 391 913 illis
414 847 650 925 transitoribus,
674 847 756 912 circa
787 870 867 932 quos
891 847 1096 932 correptionis
1116 847 1281 912 autetiam
1297 867 1447 911 censurae
1460 845 1601 910 officium
1617 851 1796 912 exornetur.
1861 847 1863 938 l

329 940 360 1003 3.
375 938 455 1012 Quia
468 935 552 1020 sapit
565 936 778 1002 scismaticum
794 923 997 1003 &factibsum
1014 936 1106 1021 quid:
1125 940 1180 1001 aut
1189 936 1348 1001 carnalem
1360 935 1587 1012 curiositatem,
1604 933 1798 1009 ἰδιοσυγκρκ-

328 1031 404 1101 cren,
431 1023 561 1104 fastum,
586 1049 622 1090 ac
648 1025 830 1090 fastidium:
857 1027 1004 1091 simililer
1027 1025 1186 1090 ferentin
1199 1025 1341 1090 Ecclesia
1359 1021 1560 1089 Comeniaca
1575 1025 1589 1085 1
1607 1025 1676 1088 Cor.
1691 1025 1718 1086 l.
1741 1025 1797 1086 12.

329 1118 352 1182 b
366 1115 396 1179 3.
410 1136 438 1179 v.
453 1115 483 1178 3.
499 1153 538 1162 -
554 1115 584 1177 3.
600 1117 701 1180 Cooel.
717 1113 807 1209 Quod
819 1115 846 1180 si
859 1116 966 1199 abque
979 1116 1013 1179 in
1019 1137 1092 1180 casu
1104 1120 1235 1199 propter
1248 1117 1398 1199 urgentes
1411 1113 1552 1178 rationes
1565 1113 1660 1177 alicui
1669 1113 1799 1177 autali-

241 1233 243 1240 ’
328 1204 445 1289 quibus
469 1204 711 1309 concedendum.
716 1191 776 1283 sie}
790 1210 826 1269 ut
841 1205 875 1269 in
886 1203 1063 1270 Ecclesiam
1076 1204 1216 1288 aliquam
1228 1207 1318 1268 extra
1330 1203 1435 1268 locum
1446 1202 1655 1266 habitationis
1672 1203 1797 1267 adscri-

329 1293 456 1371 bantur,
482 1297 538 1356 aut
551 1297 624 1357 ante
636 1293 697 1357 hac
713 1294 864 1378 adscripti
876 1294 909 1358 in
922 1293 1032 1358 eadem
1043 1297 1261 1377 permaneant,
1275 1292 1419 1376 quamvis
1431 1292 1464 1355 in
1480 1291 1617 1356 vicinam
1629 1291 1798 1358 civitatem

330 1387 387 1447 aut
397 1382 502 1448 vicum
513 1382 739 1468 migraverint:
753 1382 786 1446 id
798 1405 869 1447 cum
882 1383 1047 1466 utriusque
1059 1382 1220 1446 Ecclesiae
1236 1380 1370 1446 consilio
1383 1383 1405 1447 b
1418 1402 1572 1445 consensu
1584 1381 1653 1444 fieri
1665 1403 1798 1447 necesse

330 1475 389 1535 est.
412 1472 443 1536 4.
469 1473 570 1537 Coacl.
595 1471 670 1535 Alia
696 1471 790 1557 longe
814 1475 862 1536 est
873 1472 965 1550 ratio,
979 1494 1049 1536 cum
1063 1471 1222 1536 Ecclesiae
1235 1493 1298 1535 nou
1314 1473 1388 1534 sunt
1400 1469 1494 1534 unius
1506 1469 1722 1549 confessionis,
1736 1477 1799 1536 aut

330 1561 445 1625 saltem
467 1560 514 1624 ita
537 1561 699 1635 dissident,
719 1565 755 1625 ut
767 1561 931 1626 commoda
943 1561 1141 1645 praesentiae
1153 1563 1176 1626 b
1188 1558 1434 1660 cohabitationis
1448 1559 1568 1636 localis,
1581 1555 1797 1625 conscientia'e

330 1649 568 1734 tranquillitati,
581 1649 726 1715 &tutiori
738 1672 774 1714 ac
790 1651 885 1736 longe
898 1650 1012 1734 majori
1024 1649 1236 1714 aedificatiom
1248 1648 1470 1732 postponenda
1481 1648 1555 1712 sint.
1581 1647 1702 1731 Deque
1715 1649 1797 1713 alibi

331 1760 370 1803 ex
395 1739 538 1822 professo
563 1739 738 1823 agendum:
763 1741 785 1805 b
813 1739 895 1804 forte
906 1739 992 1804 infra
1004 1739 1209 1823 attingemus.
1234 1739 1265 1802 5.
1293 1737 1393 1806 Coocl.
1418 1735 1484 1801 Ubi
1496 1736 1668 1801 commodis
1683 1739 1798 1820 proxi·

330 1849 401 1891 mae
423 1826 666 1891 cohabitationis
678 1827 787 1893 fideles
800 1828 864 1893 frui
876 1833 1047 1912 nequeunt,
1061 1849 1122 1891 non
1136 1827 1230 1892 debet
1244 1826 1390 1892 terminis
1403 1827 1470 1910 ejus
1486 1825 1645 1890 Ecclesiae
1658 1826 1799 1892 circum-

331 1915 437 1995 scribi,
461 1918 485 1982 &
508 1916 547 1980 ab
571 1921 609 1981 ea
621 1915 757 1996 excludi,
770 1922 930 2002 quotquot
947 1922 1036 1982 extra
1047 1916 1243 2002 parochiam,
1256 1919 1312 1980 aut
1324 1915 1497 1994 civitatem,
1510 1919 1567 1979 aut
1580 1915 1683 1979 vicum
1699 1915 1799 1980 habi-

331 2008 418 2070 tant:
442 2028 507 2070 non
532 2005 635 2090 magis
654 2029 752 2090 quam
763 2007 796 2071 in
813 2030 884 2072 cam
897 2005 1120 2092 compingendi
1131 2009 1205 2070 sunt
1217 2008 1374 2089 quotquot
1386 2005 1452 2069 illic
1463 2003 1620 2068 habitant.
1649 2006 1675 2068 l.
1703 2007 1799 2084 Quia,

332 2093 569 2159 circumstantia
580 2095 651 2173 loci,
664 2094 893 2162 &cohabitatio
910 2097 1011 2161 civilis
1024 2100 1072 2160 est
1084 2095 1245 2159 Ecclesiae
1257 2094 1433 2159 extrinseca
1449 2095 1471 2160 t
1484 2093 1703 2158 accidentalis:
1718 2115 1800 2180 ergo

331 2205 395 2248 non
424 2187 472 2248 est
499 2183 537 2247 de
561 2185 628 2268 ejus
653 2185 776 2250 ratione
802 2190 859 2251 aut
886 2186 1031 2250 essentia.
1057 2187 1087 2249 2.
1114 2185 1194 2257 Quin
1213 2187 1339 2248 nonest
1364 2183 1555 2267 requisitum
1570 2183 1798 2248 necessarium.

331 2270 471 2336 Possunt
496 2272 582 2338 enim
594 2275 824 2340 communionis
840 2275 1080 2340 Ecclesiasticae
1102 2277 1191 2337 actus
1203 2273 1286 2338 inter
1297 2273 1440 2339 membra
1452 2272 1508 2336 illa
1520 2273 1667 2350 exerceri,
1681 2294 1800 2356 qnam-

330 2361 378 2426 vis
390 2383 453 2426 non
465 2365 532 2427 tam
544 2367 701 2448 prompte,
717 2364 852 2444 abunde,
864 2364 957 2429 facile
970 2367 992 2430 b
1005 2364 1207 2428 excellenter.
1220 2361 1326 2446 Magis
1339 2361 1424 2426 enim
1437 2364 1460 2428 b
1472 2361 1578 2425 minus
1591 2383 1654 2425 non
1669 2362 1801 2426 variant

331 2451 479 2535 speciem.
504 2451 535 2516 3.
563 2454 642 2525 ocia
654 2457 756 2518 status
772 2453 933 2518 Ecclesiae
946 2454 1169 2530 clandestinae,
1183 2451 1367 2518 &turbatae
1380 2473 1437 2534 per
1453 2450 1700 2534 persecutiones,
1714 2450 1796 2516 hae-

331 2563 428 2619 reses,
453 2540 611 2620 scismata,
636 2542 822 2626 plerumqne
850 2543 914 2607 tale
927 2543 1004 2626 quid
1019 2541 1162 2626 requirit.
1187 2541 1216 2603 4.
1245 2541 1325 2614 Qreio
1340 2540 1481 2604 defectus
1495 2540 1631 2604 aliorum
1642 2539 1799 2619 fidelium,

333 2634 389 2695 aut
412 2629 638 2710 Ecclesiarnm,
662 2633 685 2696 lc
709 2629 929 2696 Ministrorum
956 2632 989 2694 in
1013 2629 1160 2715 plurimis
1175 2630 1262 2708 locis,
1278 2629 1360 2693 nihil
1373 2628 1459 2693 aliud
1471 2627 1618 2693 fidelibus
1630 2628 1800 2712 relinquit,

333 2742 430 2804 quam
453 2722 489 2783 ut
516 2719 555 2783 ad
578 2719 662 2784 hunc
684 2719 815 2795 δεύτερον
831 2727 924 2780 πλοῦν
936 2721 1132 2805 confugiant,
1146 2719 1401 2804 quandoquidem
1413 2718 1517 2802 prima
1529 2717 1733 2802 navigatione
1747 2719 1800 2782 uti

331 2831 395 2874 non
422 2811 564 2893 possunt.
594 2847 634 2856 —
663 2807 754 2873 VIII.
764 2845 772 2864 ·
781 2815 902 2883 eruest.
928 2813 980 2874 An
992 2809 1135 2874 Ecclesia
1147 2808 1254 2892 aliqua
1266 2808 1369 2891 possit
1381 2807 1462 2893 cogi,
1475 2806 1646 2871 autoritate
1659 2805 1801 2872 Politice

333 2901 389 2963 aut
412 2897 537 2982 legibus
553 2897 699 2982 publicis,
713 2903 749 2962 ut
763 2898 897 2982 recipiat
909 2899 1038 2982 aliquod
1050 2898 1239 2976 membrum,
1253 2897 1339 2980 quod
1349 2919 1407 2980 per
1418 2896 1644 2960 conscientiam
1656 2895 1800 2979 recipere

333 3011 367 3054 se
391 2987 482 3074 [pag.
508 2987 567 3074 61]
591 3010 683 3071 posse
698 2991 813 3072 negat;
835 2993 890 3052 aut
902 2992 939 3052 ut
950 2988 1084 3073 recipiat
1100 2986 1277 3071 promiscue
1290 3007 1399 3050 omnes
1411 2985 1494 3060 illos,
1512 2985 1567 3068 qni
1582 2985 1615 3048 in
1628 3007 1800 3050 numerum
1863 3021 1867 3038 ·

333 3075 450 3141 civium
478 3075 570 3140 istius
593 3076 681 3140 urbis
694 3076 838 3162 legitime
851 3078 981 3141 admissi
993 3081 1078 3141 sunt.
1102 3078 1191 3160 Hesp.
1215 3073 1285 3140 Nec
1300 3073 1511 3160 Magistratus
1524 3073 1726 3138 Christianus
1738 3074 1801 3140 hoc

333 3165 495 3230 Ecclesiae
522 3165 680 3249 imponere
693 3166 803 3242 debet;
820 3189 877 3230 nec
889 3166 1042 3244 Ecclesia,
1055 3166 1082 3230 si
1095 3166 1223 3248 quidem
1235 3164 1428 3247 imponatur,
1444 3163 1523 3227 illud
1536 3163 1704 3260 admittere
1717 3186 1724 3226 :
1742 3166 1801 3229 sed

334 3254 504 3319 obtendere
528 3277 657 3320 auream
683 3256 828 3342 regulam
855 3257 955 3321 Actor.
983 3255 1085 3322 4s5.
1109 3253 1158 3318 De
1186 3252 1254 3319 Deo
1264 3253 1369 3338 magis
1385 3251 1570 3331 obediende,
1583 3274 1680 3338 quam
1691 3252 1800 3318 homi-

333 3343 438 3412 nibus.

380 3432 410 3495 3.
423 3469 467 3482 -
478 3431 535 3498 IX.
551 3438 673 3507 Quaest.
686 3432 738 3497 An
750 3433 859 3499 foedus
872 3434 1139 3508 Ecclesiastieum‚
1158 3434 1246 3517 cujus
1258 3454 1354 3516 supra
1371 3431 1584 3510 meminimus,
1597 3430 1640 3494 sit
1651 3453 1801 3496 necessa-

333 3522 442 3588 rium?
466 3523 556 3608 Hesp.
580 3522 674 3588 hodie
687 3524 725 3588 de
741 3547 779 3588 eo
791 3524 874 3587 inter
885 3509 1057 3588 nondullos
1070 3522 1326 3587 controvertitur.
1351 3519 1510 3584 Videntur
1522 3525 1629 3584 autem
1642 3520 1800 3585 dissiden-

334 3617 382 3678 tes
402 3612 578 3676 sententiae
590 3611 684 3676 facile
696 3612 859 3678 conciliari
871 3636 973 3697 posse,
987 3613 1014 3677 si
1028 3612 1238 3677 adhibeantur
1253 3615 1318 3674 tres
1331 3609 1559 3688 distinctiones,
1573 3631 1708 3692 quarum
1723 3612 1800 3675 Pri-

333 3724 387 3768 ma
399 3701 560 3777 distinctio
572 3704 621 3766 est
633 3701 717 3766 inter
731 3699 767 3760 τὸ
778 3702 882 3788 magis
895 3701 1090 3786 explicitum,
1104 3703 1126 3768 t
1138 3701 1243 3766 miuus
1257 3698 1452 3784 explicitum.
1462 3696 1801 3784 Sicuti-distinguimus

335 3793 419 3856 inter
431 3790 606 3855 Ecclesiam
620 3790 739 3855 Christi
751 3791 785 3855 in
796 3791 848 3855 his
861 3792 954 3857 terris
967 3791 1071 3876 magis
1083 3794 1106 3857 b
1118 3791 1223 3854 minus
1235 3788 1440 3872 conspicuam
1455 3792 1511 3851 aut
1523 3787 1692 3852 visibilem.
1711 3785 1801 3852 Nam

335 3885 372 3944 nt
395 3879 520 3944 admitti
543 3902 608 3944 uon
620 3883 736 3963 potest,
748 3881 924 3945 Ecclesiam
937 3881 1127 3945 catholicam
1137 3878 1173 3943 in
1184 3878 1235 3942 his
1248 3877 1341 3942 terris
1355 3876 1510 3954 absolute,
1524 3875 1662 3954 omnine,
1676 3876 1800 3960 ubique

335 3969 454 4053 &apud
466 3991 583 4048 omnes,
597 3969 768 4034 secundum
780 3991 888 4034 omnes
901 3993 974 4035 suas
986 3974 1103 4054 partes,
1117 3990 1307 4051 omnemque
1320 3989 1410 4030 snam
1421 3965 1559 4030 formam
1572 3987 1607 4029 ac
1615 3965 1801 4030 constituti-

335 4081 428 4126 onem
450 4079 518 4123 esse
541 4057 743 4139 invisibilem,
768 4065 824 4124 aut
843 4082 951 4124 veram
964 4059 1059 4124 fidem
1070 4059 1103 4123 in
1116 4059 1207 4123 corde
1220 4059 1243 4122 tc
1255 4079 1307 4120 ore
1324 4055 1465 4119 fidelium
1476 4055 1604 4120 omnino
1616 4056 1639 4119 h
1651 4053 1802 4123 absolute

336 4172 404 4215 esse
422 4147 629 4232 implicitam;
654 4147 699 4211 sic
710 4170 767 4213 nec
780 4149 889 4212 foedus
906 4147 1166 4213 Ecclesiasticum
1179 4146 1303 4211 ratione
1320 4145 1501 4209 adultorum
1517 4144 1550 4207 in
1564 4143 1707 4208 Ecclesia
1723 4166 1801 4226 par-

335 4236 463 4304 ticulari
489 4260 526 4302 ac
549 4237 697 4301 instituta
720 4237 907 4322 simpliciter
927 4237 1090 4305 &omnino
1102 4235 1305 4320 implicitum.
1329 4234 1470 4300 &creoda
1483 4232 1642 4298 distinctio
1655 4235 1703 4298 est
1715 4231 1802 4302 inter

335 4326 499 4414 generalia
525 4349 561 4391 ac
574 4326 756 4391 essentialia
769 4351 776 4404 ;
801 4327 918 4394 &inter
933 4326 1149 4405 accidentalia,
1163 4324 1348 4409 peristatica
1365 4345 1402 4388 ac
1412 4322 1619 4408 particularia
1631 4320 1800 4391 confoede-

335 4416 485 4484 rationis:
510 4437 646 4500 quorum
670 4416 728 4480 illa
751 4417 791 4481 ad
815 4439 893 4496 esse,
918 4416 980 4480 ista
1007 4417 1047 4480 ad
1073 4416 1151 4480 bene
1167 4436 1244 4494 esse,
1261 4412 1343 4478 forte
1359 4412 1512 4478 nonnulla
1525 4411 1695 4496 aliquando
1707 4410 1748 4474 ad
1763 4413 1800 4474 τὸ

1683 4521 1799 4584 super-
