3668 4856
343 273 407 336 320
635 269 711 336 Pras
734 269 793 337 ΙΙΙ.
817 271 866 338 Dr
890 269 1042 339 Rsammn
1066 273 1157 342 Ecca.
1182 295 1215 341 ru
1238 266 1362 341 ennias.
1386 271 1454 342 Lan.
1480 271 1508 342 Ι.

343 457 565 542 formationem
586 457 777 524 demandare
795 462 941 546 poesim?
954 463 1043 547 Reep.
1067 459 1117 526 lta
1134 461 1262 546 quidem
1274 461 1394 527 factum
1410 461 1444 526 in
1457 460 1599 526 Concilio
1611 460 1788 540 Tridentino,

342 547 399 610 ubi
422 547 566 631 plerique
588 547 734 612 mithrati
760 571 799 614 ex
821 549 889 616 fece
913 551 1088 616 aulicorum
1105 551 1308 616 &curialium
1321 549 1536 615 Romanorum
1550 551 1786 636 bonampartem

342 636 445 714 electi,
468 636 655 722 theologiae,
665 637 762 703 immo
778 640 999 705 &eruditionis
1012 641 1224 724 cujuscunque
1239 643 1396 724 expertes,
1409 661 1466 724 per
1478 640 1648 704 monachos
1661 640 1788 723 aliosque

341 724 507 812 theologos
529 728 681 810 tanquam
705 728 899 794 consultores
919 729 1064 794 certatim
1077 734 1113 794 eb
1126 729 1275 794 adductos
1287 729 1394 793 omnia
1405 729 1485 814 fingi
1504 729 1620 814 refingi
1639 729 1787 806 curabant,

341 835 423 898 quae
445 814 480 878 iu
502 815 656 899 synodum
680 816 771 881 illata
793 817 902 904 ibique
921 819 1013 894 lecta,
1026 817 1171 905 quamvis
1184 822 1203 882 a
1218 818 1377 904 plerisque
1390 819 1474 904 quod
1490 817 1529 882 ad
1541 841 1609 882 reni
1622 819 1722 902 ipsam
1733 837 1784 881 non

341 903 513 981 intellecta,
526 926 565 969 ne
581 905 708 990 quidem
721 905 761 970 ab
777 907 935 992 aliquibus
948 908 1031 993 quod
1047 908 1086 972 ad
1099 905 1246 972 corticem
1258 907 1406 972 dictionis
1418 906 1561 985 Latinae,
1582 911 1661 971 nutu
1674 909 1696 972 t
1709 905 1787 992 quasi

340 991 496 1076 psittatici
522 997 617 1058 cautu
640 999 682 1070 τῷ
694 996 791 1079 placet
804 996 1033 1080 approbabant.
1058 995 1193 1060 Consule
1208 995 1385 1060 Historiam
1398 995 1436 1060 de
1449 995 1589 1060 Concilio
1602 995 1785 1072 Tridentino,
1805 1048 1809 1056 .

341 1083 364 1147 b
384 1082 502 1166 scripta
514 1086 622 1146 contra
633 1083 723 1149 illud.
747 1083 880 1148 Memini
891 1108 942 1150 me
955 1086 1125 1171 aliquando
1136 1085 1253 1170 legisse
1264 1085 1297 1148 in
1309 1085 1544 1150 commentariis
1557 1083 1670 1148 Didaci
1682 1083 1787 1148 Stellae

340 1169 375 1234 in
397 1169 525 1258 Leccam,
549 1171 604 1235 ubi
630 1171 712 1237 hanc
728 1173 949 1238 adductionem
961 1174 1183 1260 theologorum
1195 1195 1252 1257 par
1264 1173 1472 1257 episcopusin
1485 1173 1603 1258 synodo
1616 1171 1789 1241 Tridentini

293 1299 301 1314 ·
342 1259 433 1346 [pag.
457 1259 552 1346 ala]
566 1265 795 1344 comparentes,
808 1261 888 1326 false
900 1263 1098 1347 perstringit.
1123 1261 1158 1326 Si
1170 1263 1241 1348 quis
1254 1262 1454 1347 synodalium
1465 1262 1681 1346 theologiae&
1696 1283 1788 1326 rerum

340 1347 634 1414 Ecclesiasticarum
646 1350 813 1434 imperitus
825 1355 883 1428 est,
896 1374 958 1416 non
975 1351 1111 1416 debebat
1124 1351 1297 1416 obvenire:
1322 1373 1425 1438 neque
1442 1351 1526 1416 enim
1539 1374 1597 1434 per
1609 1351 1788 1434 phonascum

341 1459 434 1522 quem
458 1438 666 1521 inspirantem
679 1443 728 1524 (ut
740 1440 885 1504 nonnulli
897 1445 1036 1504 oratores
1049 1441 1134 1524 apud
1150 1439 1333 1522 maranus),
1347 1444 1403 1504 aut
1414 1463 1472 1524 per
1483 1439 1638 1504 vicarium
1649 1439 1682 1504 in
1695 1438 1788 1516 saeris,

339 1525 373 1590 in
396 1526 587 1592 conscientia
607 1529 780 1592 secundum
801 1528 933 1593 verbum
956 1527 1016 1594 Dei
1039 1530 1100 1593 rite
1120 1529 1262 1611 judicare
1286 1551 1322 1593 ac
1335 1533 1475 1593 statuere
1487 1532 1637 1612 possunt;
1650 1551 1707 1594 nec
1721 1526 1788 1591 telin

339 1614 418 1680 haec
433 1621 508 1680 sunt
521 1617 670 1681 mandata
683 1618 705 1682 tr
718 1639 859 1696 munera,
873 1617 989 1704 quibus
1001 1619 1149 1702 adjuncta
1165 1621 1213 1682 cst
1226 1621 1366 1701 potestas
1379 1617 1604 1682 substituendi.

383 1702 442 1769 111.
461 1707 584 1787 Quaem.
608 1707 658 1771 Aa
670 1707 847 1772 coeeealmm
860 1708 900 1772 sil
912 1719 946 1772 al
959 1708 994 1771 ia
1005 1707 1134 1794 synodis
1149 1706 1376 1784 Nationealibaa,
1390 1706 1421 1773 a·
1432 1705 1685 1790 praetorialibus,
1696 1705 1788 1790 priene

339 1795 498 1881 suffragia
515 1794 713 1860 deliberativa
722 1796 907 1879 principum
922 1807 978 1861 arel
994 1817 1196 1862 ebremarum
1206 1807 1403 1879 potestatum,
1416 1796 1570 1882 siquidem
1584 1797 1646 1860 illic
1655 1814 1788 1880 praecen-

340 1895 382 1948 tee
405 1884 478 1962 aial,
503 1895 559 1949 aul
581 1884 793 1968 delegatorum
814 1885 853 1950 ab
877 1885 988 1950 iisdem
1009 1906 1069 1968 per
1088 1885 1265 1969 praesidem
1288 1885 1460 1968 repereram?
1491 1886 1582 1968 Hesp.
1614 1883 1697 1968 Neg.
1720 1881 1790 1958 Quia

339 1972 515 2036 maximum
526 1973 755 2058 praejudicium
769 1973 899 2038 affertur
912 1974 1054 2038 libertati
1067 1973 1302 2059 suffragiorum.
1327 1971 1362 2038 si
1378 1973 1463 2038 enim
1476 1973 1623 2057 princeps
1635 1977 1691 2036 aut
1702 1971 1790 2056 ipsius

339 2059 503 2146 delegatus
516 2061 681 2126 consilium
694 2063 758 2126 tale
771 2063 925 2147 suggerit,
939 2063 1023 2147 quod
1035 2063 1135 2127 bonae
1148 2085 1261 2127 causae
1274 2062 1339 2127 sire
1351 2063 1510 2126 communi
1520 2065 1542 2128 le
1551 2061 1726 2140 doctrinali,
1734 2060 1790 2124 sire

339 2150 527 2234 particulari
550 2151 696 2216 eutaxiae
709 2151 875 2234 &politiae
887 2151 1128 2216 Ecclesiasticae
1142 2152 1272 2216 minime
1286 2153 1430 2235 prodest;
1459 2174 1499 2215 an
1512 2173 1575 2215 non
1588 2149 1628 2214 ab
1641 2148 1790 2234 aliquibus

341 2242 392 2323 qut
414 2239 633 2304 infirmitatem
656 2239 823 2305 hominum
846 2241 906 2305 hac
933 2241 966 2305 in
991 2245 1080 2324 parte
1094 2241 1216 2324 experti
1232 2244 1316 2319 sunt,
1329 2241 1384 2324 qui
1397 2241 1532 2324 synodos
1545 2237 1790 2324 trequenttrunl)

339 2327 419 2392 illud
441 2329 607 2393 consilium
630 2333 783 2413 tanquam
810 2329 960 2395 decisio&
974 2329 1158 2394 mandatum
1175 2329 1361 2406 habebitur;
1380 2328 1494 2394 saltem
1507 2330 1547 2394 ab
1562 2329 1619 2394 illa
1635 2327 1790 2404 discedere,

338 2417 440 2486 autin
452 2417 631 2502 oppositam
644 2424 769 2502 partem
782 2419 992 2482 determinare
1005 2419 1105 2502 aliqui
1118 2419 1170 2482 vix
1187 2418 1358 2482 audebunt.

382 2505 477 2571 Forte
508 2507 579 2591 quis
592 2506 739 2590 excipiat,
756 2507 926 2572 conducere
941 2511 977 2571 ut
991 2508 1023 2571 in
1036 2507 1174 2593 negotiis
1188 2509 1210 2572 tc
1222 2507 1325 2572 causis
1338 2505 1523 2572 difficilibus
1535 2528 1573 2570 ac
1584 2506 1719 2570 maxime
1730 2525 1789 2568 ma·

337 2596 501 2676 montosis,
526 2596 769 2661 deliberationes
791 2599 815 2662 le
837 2596 1020 2661 collationes
1050 2595 1286 2672 deliberativae,
1312 2595 1513 2675 decisionem,
1541 2595 1789 2680 &suffragiorum

337 2684 544 2750 decisivorum
561 2685 778 2750 collectionem
794 2687 992 2768 praecedant.
1017 2683 1070 2750 Sic
1085 2689 1148 2760 est;
1162 2686 1294 2768 ideoque
1306 2685 1339 2748 in
1352 2683 1556 2762 consistoriis,
1570 2683 1731 2762 classibus,
1744 2704 1789 2766 sy·

335 2773 424 2839 nodis
451 2775 528 2838 bene
553 2774 743 2853 constitutis,
755 2773 815 2838 tali
827 2774 860 2838 in
873 2797 947 2838 casu
960 2774 1213 2852 deliberationes,
1227 2773 1462 2853 elucidationes,
1477 2773 1723 2850 dissertationes,
1741 2771 1789 2834 aut

335 2863 526 2947 aliquorum,
549 2868 605 2927 aut
624 2863 807 2947 quorumvis
822 2864 1023 2947 postulantur
1035 2863 1058 2928 b
1072 2863 1253 2942 audiuntur,
1267 2867 1322 2926 aut
1335 2863 1435 2946 aliqui
1449 2885 1485 2926 ex
1498 2861 1633 2948 collegio
1647 2863 1789 2946 deputan-

335 2955 388 3016 tur
411 2952 450 3016 ad
467 2952 634 3016 consilium
648 2952 776 3036 aliquod
792 2952 1040 3036 concipiendum,
1054 2975 1116 3036 quo
1129 2951 1255 3035 publice
1268 2952 1384 3017 lecto&
1399 2952 1526 3026 relecta,
1539 2951 1686 3024 omnibus
1699 2952 1721 3017 b
1732 2949 1789 3014 sin-

336 3041 421 3126 gulis
437 3041 615 3126 injungitur
628 3041 765 3124 penitior
776 3040 870 3124 hujus
883 3063 996 3105 causae
1012 3041 1231 3118 consideratis,
1249 3041 1484 3126 &praeparatio
1497 3040 1536 3104 ad
1550 3039 1704 3125 suffragia
1716 3036 1789 3102 deci·

336 3129 404 3194 sira
427 3129 477 3194 die
497 3130 634 3194 crastino
651 3134 706 3193 aut
718 3131 866 3213 perendie
878 3130 1018 3194 ferenda.
1042 3127 1081 3194 Iu
1093 3129 1247 3214 synedriis
1260 3130 1283 3195 b
1298 3129 1461 3207 classibus,
1475 3129 1647 3213 aliquando
1661 3127 1789 3212 rejicitur

336 3218 451 3283 decisio
467 3219 507 3283 ad
518 3218 660 3303 proxime
677 3223 860 3302 sequentem
876 3223 1075 3284 conventum.
1099 3217 1187 3283 Haec
1203 3219 1318 3304 agendi
1331 3218 1413 3283 ratio
1425 3217 1597 3282 tutissima.
1618 3217 1688 3282 Nec
1699 3216 1789 3282 ullum

337 3308 401 3372 tale
426 3307 655 3392 praejudicium
678 3308 853 3372 communis
876 3308 1091 3386 orthodoxiae,
1117 3313 1172 3372 aut
1196 3307 1526 3392 causaeparticularis
1541 3303 1788 3370 heterodoxiaet

336 3396 462 3462 ateriae
485 3397 551 3461 sive
575 3396 794 3461 ministrorum
820 3397 886 3461 sive
913 3396 1138 3474 membrorum,
1162 3397 1194 3460 iu
1219 3397 1338 3480 synodo
1359 3400 1415 3461 aut
1436 3391 1788 3460 classeautconsistorio

337 3486 572 3570 cognoscendae
597 3488 619 3551 tc
639 3485 837 3568 judicandae,
858 3486 1065 3560 metuendum
1089 3489 1152 3550 est:
1171 3485 1219 3550 uti
1231 3485 1311 3550 illud
1322 3508 1385 3550 non
1397 3488 1477 3549 vane
1489 3485 1696 3549 metuendum
1711 3481 1789 3557 estse

336 3575 489 3659 suffragio
516 3574 723 3639 deliberativo
746 3596 865 3653 eorum,
890 3574 945 3658 qui
968 3597 1092 3658 semper
1115 3575 1234 3638 solidae
1253 3574 1434 3659 theologiae
1446 3577 1513 3638 tam
1525 3573 1640 3638 incocti
1652 3595 1712 3637 uon
1725 3571 1788 3634 sunt

337 3665 459 3749 (omnes
472 3663 556 3728 enim
568 3687 631 3728 non
644 3667 718 3727 sunt
732 3664 872 3730 Mornaei
885 3664 1032 3729 Pleesiaci
1044 3668 1100 3728 anit
1113 3664 1266 3728 Mara-icil
1277 3664 1380 3729 &rect
1395 3663 1594 3748 acceperas)
1605 3662 1721 3746 quique
1730 3659 1788 3744 ple·

336 3774 469 3835 rumque
495 3773 606 3817 causas
629 3752 825 3836 theologicas
848 3755 872 3818 lc
887 3751 1126 3816 Ecclesiasticas
1138 3775 1210 3818 cunr
1223 3757 1369 3836 respectu
1382 3753 1421 3828 ad
1433 3751 1580 3837 politiam
1595 3747 1786 3836 specialem&

336 3841 543 3925 particulares
564 3841 817 3908 circumstantias
830 3842 975 3925 politicas
992 3841 1200 3922 considerant,
1213 3841 1236 3906 a
1252 3841 1308 3926 qui
1321 3864 1384 3905 non
1396 3846 1467 3905 narb
1479 3841 1623 3905 doctrina
1635 3844 1690 3905 aut
1701 3834 1784 3902 niori·

336 3930 396 3993 bus
423 3930 652 4015 irregularibus
672 3930 826 3994 ministris
854 3931 893 3994 ad
915 3934 1110 4014 setanquam
1123 3932 1162 3994 ad
1178 3931 1299 4015 asylam
1313 3929 1570 4016 confugientibus
1584 3925 1783 4014 patrocinium

337 4010 392 4082 aut
415 4018 618 4083 tolerantiam
642 4041 733 4083 sciam
760 4020 956 4084 commodare
977 4020 1089 4086 solent.
1113 4018 1171 4085 Uti
1184 4043 1280 4104 supra
1289 4031 1373 4104 part.
1389 4021 1416 4084 l.
1431 4019 1483 4084 lib.
1497 4020 1526 4082 4.
1542 4031 1630 4084 maer.
1645 4019 1674 4083 1.
1684 4035 1746 4100 eae.
1759 4013 1783 4074 9.

334 4127 409 4191 pap.
424 4107 497 4171 533.
511 4110 533 4173 ta
546 4129 626 4194 seqq.
644 4113 806 4172 ostensum
819 4114 876 4174 est.

380 4197 408 4280 ᾗ.
433 4198 462 4258 3,
491 4197 520 4261 3.
541 4198 626 4262 doeio
648 4209 690 4261 eet
702 4199 856 4263 eoemlna'c
868 4218 922 4263 soce
934 4197 1088 4263 decretam
1102 4221 1140 4262 ex
1157 4199 1305 4264 omnibus
1319 4203 1375 4262 aut
1392 4198 1506 4263 saltem
1518 4197 1693 4283 potioribus
1704 4195 1714 4274 [
1726 4211 1781 4276 neg·

337 4283 429 4370 ala]
442 4284 602 4370 suffragiis
618 4286 776 4369 &judiciis
789 4287 988 4371 synodalium
1000 4287 1182 4353 conflatum.
1195 4287 1268 4353 Huc
1280 4287 1441 4372 pertinent
1452 4287 1515 4351 ista
1526 4290 1670 4372 quatuor.
1688 4283 1714 4346 l.
1727 4277 1784 4344 Ro·

335 4372 424 4460 gatio
447 4373 470 4439 b
496 4373 638 4440 collectio
662 4375 896 4460 suffragiorum,
922 4399 1002 4460 quae
1028 4377 1262 4461 fithpraeside.
1288 4379 1319 4442 2.
1344 4375 1564 4442 Conclusionis
1581 4397 1618 4440 ex
1635 4367 1782 4521 suffragiis

1738 4479 1782 4520 or·
