3766 4866
302 311 365 376 352
700 307 1252 374 PotrmcnrllccnasmsrrcrxPrasl.
1276 307 1397 374 lnass.

299 498 383 563 blico
399 500 490 562 coetu
502 494 663 560 Ecclesiae
676 494 889 575 instituendis,
904 496 1019 580 quibus
1032 495 1198 560 domestici
1213 517 1368 579 pauperes
1389 497 1445 559 aut
1456 494 1636 579 indigentes
1649 495 1683 558 in
1695 517 1767 560 casn

301 587 444 652 caritatis
457 607 610 663 annonae,
623 583 727 648 morbi
743 583 920 668 cpidemici,
930 585 1137 668 captivitatis,
1153 583 1287 648 bellicae
1300 584 1502 661 calamitatis,
1515 583 1664 662 incendii,
1677 584 1770 650 inun-

302 676 454 751 dationis;
464 675 562 739 ctiam
574 672 703 738 Fratres
715 673 877 758 peregrini
890 673 1066 751 exulantes,
1079 677 1136 738 aut
1147 673 1224 737 alibi
1239 673 1420 737 laborantes
1436 673 1597 737 sublevari
1608 679 1748 757 possent.

345 765 395 830 Dc
406 764 490 830 hist
502 762 661 829 similibus
676 762 992 846 praemonitionibus
1011 761 1385 828 &communicationibus
1398 761 1656 828 extraordinariis
1671 784 1768 848 quac-

303 855 395 919 ritur.

345 942 371 1008 l.
396 946 521 1026 Quaem.
544 941 975 1026 scientiaomnium
999 941 1032 1005 in
1055 953 1139 1008 coetu
1164 941 1313 1006 Ecclesiae
1328 942 1392 1006 siue
1411 943 1445 1006 in
1457 939 1561 1005 inedia
1572 941 1769 1006 concionanti

303 1045 420 1098 tentum
444 1033 486 1097 ad
509 1031 543 1096 id
557 1033 717 1111 denatum,
742 1031 805 1096 siue
824 1042 895 1115 post
909 1029 1084 1095 absolutam
1097 1031 1283 1108 concionem,
1299 1031 1363 1094 siue
1377 1042 1450 1098 ante
1461 1029 1639 1094 inchoatam
1650 1033 1769 1095 111111111-

301 1143 383 1201 nem,
407 1122 476 1210 fieri
494 1122 681 1186 eoreaeniat?
708 1119 798 1205 lle-sp.
829 1123 853 1182 1.
882 1123 976 1185 conci.
993 1120 1158 1198 alterutro,
1180 1123 1236 1184 aut
1251 1123 1387 1204 utroque
1400 1120 1492 1184 modo
1505 1119 1659 1203 quasdam
1675 1119 1770 1184 simul

302 1211 370 1275 fieri
394 1233 485 1294 posse
509 1214 658 1293 putamus
681 1210 715 1272 111
727 1207 879 1273 Ecclesiis
892 1209 1165 1292 inlrequentibus:
1180 1209 1235 1273 ubi
1247 1209 1402 1292 pauculae
1415 1209 1526 1273 domus
1540 1209 1703 1274 adeundae
1720 1231 1769 1272 es-

301 1304 383 1367 sent.
406 1297 468 1364 Sed
489 1297 522 1362 in
549 1299 675 1383 magnis
694 1297 847 1377 Urbibus
868 1297 922 1360 vix
934 1298 1027 1361 aliter
1043 1297 1111 1361 fieri
1125 1301 1239 1380 potest,
1253 1319 1350 1381 quam
1362 1297 1498 1362 incocta
1511 1296 1683 1362 Ecclesiae.
1707 1296 1769 1362 Sed

301 1387 379 1453 hacc
402 1387 589 1452 deliberatio
616 1388 804 1472 prudentiae
824 1387 977 1471 cujusque
997 1384 1143 1470 Synedrii
1167 1387 1384 1470 relinquenda.
1410 1385 1493 1450 Sunt
1509 1386 1594 1449 enim
1607 1385 1768 1450 Ecclesiae

207 1532 208 1541 ,
304 1478 460 1563 quaedam
473 1475 629 1560 publicae,
643 1477 799 1559 quaedam
816 1475 1012 1540 solummodo
1026 1475 1191 1554 toleratae,
1205 1476 1362 1560 quaedam
1374 1475 1469 1559 plane
1485 1475 1700 1539 clandestinae
1713 1498 1767 1539 seu

302 1567 448 1630 latentes:
466 1569 540 1629 sunt
553 1564 651 1629 etiam
660 1565 822 1630 Ecclesiae
835 1568 1003 1628 veteranae
1017 1563 1040 1628 81
1052 1565 1266 1641 confirmatae,
1280 1569 1354 1629 sunt
1367 1565 1521 1642 novellae,
1536 1563 1633 1628 immo
1647 1564 1700 1627 vix
1712 1563 1771 1628 Ec-

301 1656 426 1733 clesiae,
448 1655 483 1716 in
506 1676 641 1738 quarum
659 1655 764 1737 prima
775 1654 972 1738 plantatione
989 1653 1209 1720 &collectione
1221 1654 1403 1718 laboratur:
1420 1653 1557 1737 denique
1569 1657 1644 1717 sunt
1657 1652 1770 1717 Eccle-

301 1744 377 1824 siae,
401 1764 482 1826 quae
505 1742 634 1806 unicum
660 1746 787 1807 tantum
804 1747 928 1807 coetum
952 1746 1008 1806 aut
1027 1741 1186 1806 coetulum
1206 1743 1423 1818 constituunt;
1444 1747 1520 1806 sunt
1542 1743 1625 1806 aliae
1637 1764 1721 1826 quae
1737 1743 1770 1805 in

302 1833 428 1917 magnis
441 1831 632 1896 Civitatibus
645 1832 816 1915 pervarias
829 1835 936 1896 coetus
949 1831 1136 1914 dispartitae
1154 1831 1248 1896 variis
1260 1833 1293 1894 in
1307 1830 1450 1915 Templis
1463 1832 1504 1894 ad
1515 1853 1605 1896 sacra
1621 1853 1679 1895 sua
1693 1853 1767 1894 con-

302 1923 442 1986 veniunt.
466 1919 613 1984 Eximiae
635 1920 868 2004 imprudentiae
894 1925 977 1986 esset
987 1921 1021 1983 in
1033 1920 1225 2004 peristaticis
1237 1920 1312 1998 illis,
1325 1923 1493 1985 externum
1509 1919 1688 1984 ordinem&
1702 1941 1771 1984 mo·

302 2012 378 2075 dum
401 2010 596 2096 agendorum
619 2010 659 2073 ad
681 2031 781 2074 unum
805 2009 967 2073 modulum
991 2010 1072 2074 velle
1097 2009 1229 2074 formari
1249 2011 1279 2073 2.
1307 2010 1401 2074 concl.
1418 2008 1580 2084 Quasdam
1592 2009 1722 2092 publico
1737 2009 1768 2072 in

297 2104 394 2165 'coetu
409 2098 705 2164 convenientissime
718 2099 788 2161 fieri
807 2099 840 2161 in
856 2097 999 2162 confesso
1011 2101 1077 2174 cst;
1095 2120 1121 2161 e.
1135 2119 1183 2182 gr.
1197 2098 1235 2162 de
1251 2097 1586 2176 excommunicatione,
1600 2099 1623 2162 81
1638 2120 1770 2182 pracpa-

305 2190 426 2255 rationc
443 2189 483 2253 ad
495 2211 576 2267 cam,
590 2188 628 2252 de
640 2187 773 2252 instanti
781 2187 903 2270 jejunio
916 2189 939 2252 b
951 2187 1193 2270 praeparatione
1206 2187 1246 2250 ad
1261 2187 1352 2251 illud.
1377 2189 1406 2250 3.
1422 2187 1524 2252 Conci.
1541 2189 1593 2250 An
1609 2191 1718 2250 autem
1739 2187 1769 2250 111

303 2301 397 2344 cursu
409 2277 577 2350 concionis,
591 2299 632 2340 an
641 2299 714 2341 vero
732 2280 805 2340 aute
819 2279 875 2340 aut
890 2280 962 2359 post
975 2277 1166 2352 concionem,
1184 2275 1354 2340 arbitratui
1368 2276 1520 2360 cujusque
1537 2275 1702 2340 Ecclesiae
1720 2299 1770 2338 re-

302 2368 509 2452 linquendum
522 2371 579 2432 cst.
605 2365 698 2431 Nihil
710 2365 853 2448 impedit,
868 2369 903 2429 ut
916 2365 1080 2442 alterutra,
1095 2379 1150 2428 aru
1162 2363 1256 2428 simul
1270 2369 1405 2449 utroque
1418 2365 1510 2428 modo
1524 2365 1591 2430 fiat.

347 2455 390 2522 ll.
411 2458 535 2539 Quaeri.
558 2457 608 2520 An
631 2456 781 2540 conceptis
804 2453 913 2528 certis,
940 2476 977 2519 er
999 2456 1125 2519 Decreta
1151 2453 1306 2539 Syncdrii,
1331 2455 1431 2540 iisque
1441 2455 1488 2517 uel
1498 2453 1715 2538 pronuntiatis
1728 2456 1772 2518 cel

302 2547 393 2612 lectis
416 2569 454 2610 ex
477 2545 621 2621 scedult;
650 2567 691 2608 an
711 2566 785 2608 vero
797 2545 818 2608 ὰ
832 2544 976 2607 Ministro
988 2544 1095 2629 quovis
1111 2564 1171 2627 pro
1183 2565 1217 2608 re
1231 2556 1308 2609 nala
1323 2543 1355 2609 d·
1369 2544 1499 2609 arbitrio
1511 2563 1569 2608 sira
1581 2545 1652 2631 fieri
1663 2563 1772 2608 coutr-

302 2635 394 2702 niat?
417 2637 506 2720 desp.
538 2634 566 2698 1.
587 2635 680 2699 conci.
705 2633 739 2696 in
764 2632 940 2696 minoribus
956 2637 1012 2696 aut
1035 2632 1175 2696 minimis
1192 2631 1354 2712 Ecclesiis,
1367 2656 1449 2717 quae
1461 2655 1561 2697 unum
1574 2636 1702 2697 tantum
1715 2635 1770 2696 aut

302 2725 385 2790 forte
405 2725 483 2789 duos
506 2723 653 2787 Pastores
677 2721 806 2800 habeut,
835 2721 903 2786 &in
916 2743 1016 2786 unum
1030 2725 1155 2785 coetum
1167 2721 1369 2798 conveniunt,
1383 2723 1421 2786 de
1433 2742 1471 2786 eo
1483 2743 1548 2786 non
1560 2721 1769 2786 laborandum

304 2818 361 2878 est.
386 2812 447 2888 Qui
471 2812 696 2896 dispensatoris
713 2832 843 2874 munere
857 2810 906 2874 vel
918 2809 1118 2874 mediocritcr
1134 2809 1337 2895 defungitur;
1350 2815 1418 2875 tam
1433 2810 1569 2874 blennus
1582 2833 1646 2874 non
1660 2814 1718 2888 est,
1732 2813 1767 2874 ut

303 2903 422 2986 absque
446 2901 604 2986 conceptis
627 2904 684 2964 aut
706 2899 833 2964 aliunde
854 2899 1067 2982 suppeditatis
1090 2897 1353 2982 &praeformatis
1365 2899 1470 2964 verbis
1484 2903 1610 2964 coetum
1624 2921 1718 2964 suum
1733 2899 1768 2962 de

303 2993 411 3076 aliquo
426 2992 562 3055 istorum
577 3011 781 3074 praemonere
797 3011 862 3052 non
873 2993 981 3071 posset
994 2990 1023 3052 2.
1037 2991 1130 3054 conci.
1159 2987 1264 3052 Aliter
1279 3011 1313 3053 se
1335 3012 1385 3054 res
1397 2988 1496 3052 habet
1507 2987 1769 3072 infrequentibus

303 3080 465 3158 Ecclesiis,
490 3078 545 3143 ubi
563 3100 621 3162 per
643 3078 750 3162 plures
770 3076 1023 3149 Concionatores,
1045 3077 1189 3162 pluribus
1209 3077 1243 3141 in
1255 3079 1398 3142 coetibus
1410 3079 1491 3142 tales
1505 3077 1769 3162 praemonitiones

305 3169 373 3234 ficri
393 3170 511 3234 solent:
532 3168 637 3232 verbis
661 3167 821 3250 conceptis
845 3167 868 3231 b
884 3167 1009 3250 scriptis
1022 3165 1101 3230 talia
1114 3172 1350 3250 proponuntur:
1364 3190 1390 3232 e.
1400 3189 1448 3252 gr.
1464 3166 1502 3231 de
1517 3167 1568 3230 10.
1587 3171 1642 3230 aut
1653 3167 1704 3230 11.
1715 3169 1768 3230 aut

305 3257 451 3343 pluribus
463 3257 559 3322 simul
575 3255 893 3332 excommunicandis,
907 3255 1006 3336 deque
1020 3255 1091 3319 aliis
1104 3255 1196 3318 modo
1210 3257 1413 3320 enumeratis,
1430 3256 1559 3340 Objicies
1571 3255 1696 3320 fortel:
1711 3254 1767 3320 Ot-

298 3349 368 3433 ject.
390 3370 457 3412 esse
479 3350 663 3429 conceptam
676 3343 847 3410 formulam
860 3345 894 3408 in
907 3357 1015 3409 nostra
1031 3345 1184 3429 Liuerpia.
1199 3345 1288 3428 Iicsp.
1303 3343 1365 3410 Sed
1373 3345 1503 3410 nomina
1516 3345 1608 3431 [pag.
1621 3344 1702 3430 924]
1715 3365 1766 3407 cx-

304 3436 646 3512 communicandorum,
660 3433 950 3518 &praeparatoriae
975 3433 1304 3500 communicationis&
1317 3433 1539 3518 applicationis
1553 3435 1593 3498 ad
1609 3434 1686 3498 istas
1699 3454 1767 3516 per-

305 3548 398 3592 sonas
422 3524 560 3590 formula
576 3524 648 3588 inde
660 3522 787 3587 recitari
799 3545 862 3586 non
875 3525 989 3606 potest.
1013 3520 1051 3586 lu
1064 3522 1261 3608 quibuscum
1274 3521 1540 3588 Ooneionatorum
1552 3522 1703 3588 memoria
1714 3543 1767 3586 va·

305 3615 424 3694 cillere,
448 3618 505 3679 aut
527 3613 589 3696 ipsi
613 3613 758 3696 quamvis
780 3612 814 3674 in
833 3634 868 3676 re
892 3611 1124 3690 convenientes,
1152 3610 1257 3676 verbis
1271 3613 1293 3677 81
1306 3612 1398 3676 modo
1410 3612 1609 3696 proponendi
1622 3610 1766 3675 dissidere

305 3707 451 3790 possent:
462 3705 604 3787 praestat
617 3703 650 3765 in
660 3699 816 3784 Synedrio
827 3701 924 3764 verba
937 3700 1070 3784 concipi,
1084 3702 1107 3766 a
1119 3699 1224 3764 scribi.
1238 3699 1288 3764 Ne
1302 3700 1453 3784 imperiti,
1467 3704 1524 3764 aut
1535 3700 1695 3778 malevoli,
1704 3697 1768 3763 sive

305 3793 432 3858 sectarii
460 3793 526 3857 sive
543 3791 643 3855 otiose
657 3790 772 3855 curiosi
785 3789 999 3854 Athenienses
1012 3788 1112 3854 Actor.
1129 3790 1179 3853 17.
1196 3809 1225 3852 e.
1239 3790 1291 3852 21.
1306 3792 1456 3876 (quorum
1467 3791 1501 3854 111
1514 3790 1641 3875 magnis
1654 3787 1768 3853 cinu-

305 3884 391 3948 tibus
404 3886 475 3946 rard
485 3880 625 3946 defectus
639 3879 700 3962 cst)
714 3878 938 3964 sycophantias
952 3901 1024 3942 suas
1037 3877 1254 3954 deblaterant3
1279 3879 1371 3965 quasi
1383 3880 1450 3944 scil.
1464 3879 1518 3944 hic
1533 3878 1681 3943 Minister
1696 3897 1769 3962 prae

305 3972 377 4036 aliis
396 3972 468 4054 plus
492 3973 548 4034 aut
567 3970 682 4046 minus,
700 3969 827 4032 mollius
840 3971 896 4032 aut
907 3968 1016 4031 durius
1028 3967 1106 4051 quid
1117 3967 1260 4045 dixisset,
1273 3972 1329 4031 aut
1337 3968 1502 4053 proprium
1515 3968 1615 4032 animi
1627 3966 1770 4032 morbum

306 4061 504 4145 prodidisset.
513 4057 564 4123 Ita
572 4057 817 4123 meminimusin
828 4055 1088 4141 frequentissima
1097 4055 1203 4141 Belgii
1212 4055 1365 4136 Ecclesia,
1379 4057 1508 4122 lectioni
1516 4057 1672 4121 formulae
1680 4055 1770 4119 litur-
1874 4133 1875 4136 Ἴ

306 4149 395 4234 meae
407 4149 445 4213 de
457 4147 789 4226 excommunicatione,
798 4147 1006 4231 praemissam
1017 4145 1186 4229 peculiaris
1196 4145 1218 4209 81
1228 4148 1246 4208 a
1255 4143 1408 4231 Synedrio
1416 4150 1587 4230 conceptae
1593 4143 1772 4231 applicatio
1873 4139 1875 4202 l

305 4237 356 4301 nis
369 4238 408 4301 ad
434 4239 484 4303 ll.
513 4237 585 4302 illos
606 4236 925 4301 excommunicandos
935 4234 1191 4318 praelectionem.
1216 4235 1246 4299 2.
1262 4235 1373 4320 oejen.
1394 4235 1553 4300 Videntur
1566 4257 1635 4300 esse
1650 4235 1770 4298 decreta
1873 4239 1875 4258 '

306 4326 495 4409 imperialia,
508 4329 564 4390 aut
576 4325 725 4390 mandata
737 4323 939 4408 Principum
953 4325 976 4390 81
988 4327 1216 4406 consequenter
1227 4324 1443 4407 praejudicare
1456 4347 1676 4408 supremarum
1684 4325 1772 4406 pote-

307 4419 427 4478 statum
439 4415 614 4479 aritoritati.
641 4415 730 4497 Resp.
743 4437 805 4477 non
818 4415 932 4497 magis,
949 4435 1045 4496 quam
1058 4412 1249 4477 monitiones
1262 4419 1318 4477 aut
1330 4415 1600 4496 praemonitiones
1612 4409 1772 4477 inuritales

1397 4509 1398 4512 ’
1718 4501 1777 4562 avit
