3712 4850
278 306 391 372 Tutor.
415 303 475 370 ΠΙ.
500 301 547 368 De
570 299 776 372 Convesrrsus
799 329 835 374 er
859 302 1004 367 Coaasse.
1029 303 1155 376 Eccncs.
1180 308 1251 374 Cae.
1275 304 1317 369 ΙΙ.
1465 311 1528 373 249

18 523 19 578 3
92 513 135 554 seu
146 493 324 576 permissivi,
336 493 422 577 qnod
433 515 506 557 eum
514 495 620 577 jure&
636 493 824 558 necessitate
836 491 987 572 naturali,
999 496 1034 557 ut
1047 494 1070 558 dt
1082 493 1223 558 humano
1236 493 1373 577 positivo
1389 491 1530 576 recipro-

18 659 19 668 .
91 583 172 645 eatur.
193 579 356 646 Terminoa
378 581 437 646 hos
460 581 494 646 in
517 579 748 669 προϋπαρχούσῃ
769 580 950 667 cognitione
974 581 1119 666 subjecti,
1139 581 1528 648 utdtindeterminatione

92 669 269 752 questionis,
290 671 411 736 adhaec
430 670 464 735 in
483 670 639 736 solutione
658 671 871 756 objectionum
890 670 1134 756 distinguemus,
1155 670 1178 736 dt
1198 671 1346 736 distincte
1366 670 1528 754 praesenti

92 755 152 822 huic
162 760 284 844 negotio
296 759 540 844 applicabimus.

18 817 20 904 i
125 845 160 911 ll.
170 848 343 932 najaram
354 848 550 932 quaestionis
563 848 649 912 varie
661 849 795 934 proponi
806 849 903 914 solet:
918 849 1010 912 modo
1023 849 1184 914 vocabulis
1197 850 1319 937 synodi,
1329 849 1447 927 classis,
1457 870 1530 914 cca-
1590 847 1592 851 ’

18 925 20 1068 3
91 935 158 1011 citu
178 938 266 1002 modo
291 938 479 1012 sumentis,
500 939 660 1024 potestatis
682 939 835 1017 classicae,
858 949 913 1004 aut
932 937 1116 1024 synodicae:
1135 938 1228 1003 modo
1251 938 1530 1016 subordinationis,

88 1024 261 1108 adjectionis
285 1026 546 1111 &modestiae
559 1027 720 1103 sasima
734 1028 827 1092 modo
840 1027 989 1093 Ecclesiae
1002 1028 1166 1114 synodicae
1178 1039 1245 1093 tura
1257 1027 1466 1092 dioecesiaaae
1477 1048 1532 1092 seu

18 1071 29 1147 Ι·
86 1115 278 1195 musculis,
299 1127 367 1181 turn
386 1117 575 1192 sationalis:
595 1114 687 1180 modo
697 1116 996 1201 correspondentes,
1010 1117 1247 1201 conjunctionis,
1260 1117 1399 1194 unionis,
1415 1116 1528 1181 combi-

18 1145 21 1294 3
88 1204 215 1283 meionis,
233 1205 477 1286 maestissimis,
495 1206 704 1272 classicoeont
715 1205 896 1293 synodicum
907 1205 999 1269 modo
1011 1205 1529 1290 namneticaerepresentatione,

18 1295 20 1376 ξ
86 1293 282 1359 marbasiae
292 1295 547 1378 representatione
558 1296 593 1359 in
604 1293 946 1382 classibustlsyaodis.
969 1292 1266 1370 Quaeomniautad
1278 1291 1427 1368 ἀκρίβειαν
1439 1315 1530 1358 revo-

18 1391 20 1472 3
86 1383 187 1460 centur,
210 1383 377 1467 omnaque
400 1381 577 1458 ἁκυρολογία
601 1381 754 1459 evitetur3
778 1383 985 1467 repetendum
1009 1382 1070 1464 hic,
1094 1382 1271 1448 Ecclesiam
1290 1381 1461 1462 visibilem,
1475 1405 1530 1447 seu

18 1489 21 1616 3
86 1466 245 1535 institutam
266 1472 493 1556 particularem
516 1471 663 1536 distinete
683 1471 872 1537 considerari
892 1472 944 1536 vel
963 1472 996 1536 in
1016 1494 1060 1552 se,
1073 1471 1123 1536 vel
1138 1471 1171 1536 in
1183 1471 1291 1536 ordine
1309 1471 1348 1535 ad
1364 1470 1460 1536 aliern
1474 1474 1530 1536 aut

18 1631 19 1650 ,
84 1555 151 1658 alias
166 1560 254 1647 [pag.
279 1559 369 1647 118}
376 1559 535 1624 Ecclesiae
547 1561 762 1626 collaterales:
775 1561 835 1626 hoc
851 1565 908 1638 est,
922 1562 972 1626 vel
987 1561 1021 1625 in
1034 1561 1205 1626 intrinseca
1216 1564 1274 1624 sua
1286 1559 1433 1639 essentia,
1446 1560 1530 1625 inte-

18 1683 20 1826 l
83 1648 594 1818 illittllb‘lldltltfftlil
605 1649 1530 1822 bittunt.ttttintattttttltlbttttt

18 1831 20 1904 3
82 1823 217 1892 divisone
234 1827 433 1906 accidentali,
445 1830 501 1891 aut
515 1827 622 1911 potius
635 1827 836 1892 distinctione
848 1828 986 1914 analogi,
1000 1850 1097 1912 quam
1109 1827 1276 1910 divisione)
1289 1826 1465 1892 Ecclesiam
1479 1825 1529 1890 in-

18 1909 20 1996 3
82 1912 213 1980 stitntam
236 1916 271 1980 in
291 1915 439 2002 primam,
460 1918 483 1982 lu
503 1916 535 1980 in
557 1920 676 1991 ortam:
699 1921 733 1980 ut
749 1917 806 1981 illa
818 1916 861 1981 sit
872 1917 1015 1982 collectio
1030 1916 1172 2000 plurium
1193 1917 1407 1980 membrorum
1420 1916 1454 1979 in
1467 1939 1530 1980 una

18 2033 19 2078 :
81 2006 312 2090 congregatione
322 2029 330 2081 ;
342 2005 405 2070 ista
417 2004 561 2070 collectio
573 2006 596 2072 la
609 2005 802 2070 combinatio
814 2006 954 2090 plurium
966 2005 1182 2070 Ecclesiarum
1192 2006 1225 2070 in
1235 2027 1332 2069 unum
1340 2009 1464 2069 coetum
1473 2027 1528 2070 seu

18 2143 20 2158 .
82 2092 229 2174 synedrim.
253 2093 340 2158 Hinc
352 2095 450 2159 etiam
465 2093 497 2157 in
511 2094 670 2159 abstracto
687 2095 842 2159 attributa
854 2117 910 2160 seu
922 2095 1070 2175 adiuncta
1086 2098 1161 2159 sunt
1173 2094 1198 2157 a
1210 2094 1358 2159 dicuntur
1371 2093 1528 2159 Ecclesiae

18 2185 19 2192 ’
81 2177 241 2262 institutae,
261 2183 324 2248 elia
345 2205 414 2248 esse
433 2183 580 2247 absoluta
600 2185 623 2250 da
643 2183 757 2267 prima,
781 2183 844 2248 alia
864 2184 998 2248 relativa
1014 2186 1128 2249 &orta
1153 2181 1264 2248 Priora
1280 2183 1466 2247 tribuuntur
1480 2182 1528 2246 illi

18 2303 20 2348 1
81 2269 188 2335 ratione
200 2272 299 2336 totius
312 2271 431 2358 integri
444 2273 467 2338 dt
478 2271 632 2352 formalis,
641 2273 725 2356 quod
733 2273 767 2336 in
775 2273 926 2337 membris
935 2273 1002 2356 ejus
1011 2271 1212 2356 conspicitur:
1222 2271 1398 2356 posteriora
1406 2271 1529 2336 ratione

18 2375 19 2432 J
80 2357 227 2426 relationis
248 2363 273 2427 la
292 2360 498 2439 collectionis,
511 2361 637 2444 quaein
650 2361 707 2426 ills.
719 2365 787 2426 tota
800 2363 823 2428 dt
834 2362 868 2425 in
881 2361 953 2426 aliis
965 2361 1202 2426 collatmalibus
1215 2361 1416 2445 conspicitur.
1442 2359 1529 2425 Inter

18 2477 19 2506 ι
79 2444 146 2512 haec
165 2450 303 2533 primum
319 2454 369 2515 est
381 2449 581 2528 consociatio,
597 2472 653 2515 seu
665 2451 843 2534 conjunctio
856 2450 1079 2516 Ecclesiarum.
1105 2449 1266 2515 Statuitur
1278 2454 1386 2514 autem
1398 2450 1529 2533 conjun-

79 2536 133 2600 ctio
142 2537 218 2606 haec
226 2539 358 2623 duplex:
372 2537 597 2622 imperfectior,
610 2560 691 2623 qnae
704 2541 994 2605 coeit-enucleatione
1004 2544 1062 2619 est,
1072 2538 1127 2604 ubi
1136 2538 1463 2618 nullaconcurrentia,
1473 2561 1529 2604 seu

18 2649 20 2720 ξ
77 2625 172 2690 nullus
184 2632 316 2694 mutuus
327 2627 543 2693 Ecclesiarum
558 2649 745 2707 concursum
758 2631 781 2696 du
793 2629 973 2713 perfectior,
986 2651 1067 2716 quae
1080 2627 1327 2704 combiecntioais,
1344 2627 1399 2692 ubi
1416 2631 1529 2692 mutua

18 2729 20 2742 '
77 2717 293 2782 concurrentia.

18 2819 20 2880 ε
116 2805 359 2872 (Ἰονιτηιιηὶοαίἰο
381 2827 507 2870 rursum
519 2805 636 2891 duplex
649 2810 706 2886 est,
719 2808 770 2872 vel
782 2829 839 2892 per
850 2807 960 2872 literas
972 2810 1097 2871 tantum
1109 2807 1203 2892 (quas
1214 2805 1379 2885 formatas,
1393 2803 1529 2890 synoda·

18 2899 19 2920 ³
77 2890 124 2972 les,
134 2894 280 2978 pacificas
292 2895 370 2960 olim
383 2895 612 2982 appellabant),
624 2896 674 2960 vel
687 2919 744 2980 per
755 2896 865 2960 literas
878 2895 1036 2982 &legatos
1049 2895 1155 2960 simul.
1176 2895 1225 2959 De
1238 2898 1373 2980 utraque
1386 2916 1530 2959 commu·

77 2981 222 3049 nicatione
235 2984 307 3048 vide
319 2983 527 3048 disserentem
541 2985 715 3051 Parterum
729 2987 819 3051 Polie.
832 2986 1005 3051 Ecclesiase.
1022 2985 1073 3050 lit.
1088 2987 1118 3049 3.
1131 3007 1156 3050 c.
1170 2985 1222 3050 22.

115 3072 305 3138 mantnano
321 3072 448 3156 duplex,
465 3073 516 3137 vel
528 3095 566 3138 ex
578 3073 672 3152 binis
685 3074 735 3139 vel
748 3097 786 3140 ex
799 3074 944 3158 pluribus
956 3073 1116 3140 Ecclesiis
1131 3075 1205 3153 Illo,
1217 3073 1344 3158 quando
1356 3096 1420 3137 una
1433 3072 1530 3137 aliam

76 3155 103 3222 in
112 3161 239 3247 negotio
251 3161 475 3227 Ecclesiastico
487 3184 544 3246 per
555 3162 678 3247 legatos
694 3163 847 3228 consulit:
867 3163 920 3228 ubi
933 3185 1097 3228 consessus
1109 3162 1276 3247 utriusque
1288 3161 1460 3240 Ecclesiae,
1474 3161 1530 3246 qui

76 3245 211 3330 habetur,
224 3251 382 3336 synodum
392 3250 560 3335 quandam,
570 3251 715 3336 quamvis
723 3251 1001 3336 imperfectiorem,
1009 3251 1185 3317 constituit.
1194 3251 1317 3337 Estque
1325 3251 1405 3315 haec
1413 3251 1529 3315 iterum

74 3335 189 3422 duplex,
207 3341 258 3406 vel
273 3340 400 3427 quando
411 3339 560 3404 distincta
572 3341 691 3405 habent
704 3341 917 3426 presbyteria:
932 3340 980 3406 vel
993 3341 1119 3428 quando
1131 3340 1165 3405 in
1180 3363 1280 3405 unum
1295 3339 1529 3424 presbyterium

75 3428 256 3494 coalescunt.
281 3431 345 3495 lata
366 3434 414 3494 est
433 3429 484 3494 vel
502 3429 604 3494 minor
624 3429 825 3510 combinatio,
845 3430 879 3494 in
895 3430 1027 3495 classem
1039 3430 1118 3511 scil,
1131 3430 1180 3494 vel
1194 3430 1305 3514 major,
1318 3429 1350 3492 in
1363 3428 1529 3513 synodum.

18 3509 20 3526 '
115 3519 249 3606 llraque
260 3519 340 3582 haec
355 3517 546 3583 combinatio
562 3541 688 3583 rursum
706 3523 754 3584 est
766 3520 816 3584 vel
830 3517 1258 3598 incidentalis,occasionata,
1268 3516 1528 3596 extraordinaria,

73 3603 285 3682 ἅπρὸσκαιρσς.
302 3606 323 3670 i.
336 3629 363 3670 e.
376 3607 416 3671 ad
431 3610 574 3692 tcmpus;
587 3606 637 3672 vel
654 3610 748 3687 stata,
761 3608 928 3684 ordinaria,
942 3610 1141 3693 &perpetua

110 3695 232 3760 prioris
243 3696 426 3780 exemplum
438 3695 525 3760 dedit
536 3696 673 3781 synodus
686 3696 857 3762 nationalis
871 3700 966 3782 (quae
979 3697 1078 3762 etiam
1091 3697 1183 3783 quasi
1190 3696 1351 3782 generalis
1360 3694 1528 3759 Reforma-

70 3784 179 3866 tcrum)
200 3786 313 3850 nostra
330 3781 532 3850 Dordracena
550 3807 634 3850 anno
657 3785 752 3850 1619.
773 3785 910 3850 conflata
929 3786 1046 3871 quippe
1059 3809 1098 3850 ex
1111 3786 1266 3871 delegatis
1279 3783 1530 3854 fenestrarum&

18 3911 20 3924 ·
71 3893 106 3935 er
154 3895 245 3938 arum
261 3872 487 3938 Ecclesiamm.
512 3872 602 3938 Talis
625 3875 723 3940 etiam
735 3878 818 3940 esset
830 3875 968 3959 synodus
980 3874 1259 3960 Euangelicorum,
1273 3897 1369 3962 quam
1385 3872 1418 3938 in
1431 3872 1528 3938 Eire-

70 3961 106 4027 ni<
146 3985 201 4028 nuo
215 3965 310 4048 optat
325 3961 510 4029 &describit
523 3965 652 4043 Porcus,
665 3987 689 4029 c.
704 3965 733 4028 6.
748 3965 861 4051 &sequ

174 4053 271 4117 terim
290 4051 482 4117 combinatio
502 4075 629 4138 rursum
647 4051 802 4138 distingui
816 4057 921 4136 potest
933 4053 966 4117 in
979 4053 1083 4138 magis
1095 4057 1152 4118 aut
1164 4051 1270 4118 minus
1282 4051 1483 4138 explicitam:
1496 4051 1529 4115 in

70 4159 106 4204 nn
150 4163 215 4206 ,em
237 4141 440 4221 lamisonem,
464 4143 548 4228 quod
560 4141 600 4206 ad
612 4141 860 4220 multitudinem,
873 4165 928 4207 seu
942 4142 1122 4219 extensive;
1139 4143 1172 4206 in
1184 4141 1364 4226 propiorem
1377 4142 1400 4207 dt
1413 4139 1529 4205 arctio·

69 4248 106 4292 rer
157 4233 181 4297 d
202 4229 239 4294 in
259 4229 480 4296 remotiorem:
501 4234 537 4296 ut
554 4230 637 4295 inter
648 4230 807 4296 Ecclesiae
821 4231 962 4296 diversae
974 4231 1180 4296 confessionis
1193 4234 1234 4317 (e.
1247 4253 1295 4316 gr.
1309 4228 1529 4314 Augustanus,

69 4312 106 4383 lle
164 4318 261 4399 neae,
282 4317 471 4386 Bohemicae
495 4317 529 4384 in
551 4318 686 4384 Polonia
704 4321 795 4404 juxta
811 4321 1033 4384 concordatum
1054 4319 1294 4385 Sendomirense
1307 4319 1340 4383 in
1353 4317 1530 4386 Harmonia

68 4427 106 4472 cor
170 4408 323 4491 ’innumk
332 4408 481 4474 autinter
489 4407 647 4474 Ecclesiae
657 4409 772 4474 diversi
785 4409 959 4494 regiminis,
969 4411 1053 4494 quod
1065 4409 1104 4474 ad
1113 4406 1529 4493 peristaticabadiaphora3

1475 4499 1531 4559 aut
