3736 4860
308 308 370 375 116
684 307 843 376 Ponrrrcne
866 307 1113 375 Eccnasusrrcla
1136 307 1218 374 Pras
1231 307 1258 375 I.
1282 305 1403 376 Lmll.

309 497 408 562 Moses
429 495 539 580 prlacz
560 494 669 570 laeua,
691 495 842 579 majestas
866 495 928 560 Dei
951 499 1008 560 ant
1019 495 1139 560 Christi
1152 496 1294 580 ripuaria
1307 519 1319 572 ;
1331 496 1397 560 vita
1412 500 1545 562 aeterna
1557 497 1766 581 portnsboanc

306 581 464 670 eperur'wa
489 586 602 650 Petrus
626 585 800 650 Moliaueus
824 586 859 648 iu
882 585 1009 669 Epistol.
1027 585 1194 650 dedicator.
1220 585 1263 650 ad
1286 585 1467 669 elegantem
1484 587 1633 652 libellum
1657 587 1708 652 eui
1720 588 1766 652 tit.

307 675 492 750 Heraclitus,
506 673 589 738 salse
605 673 793 758 perstringit
805 673 959 759 quosdam
970 675 1141 757 populares
1153 695 1226 738 suos
1239 672 1274 759 (J
1275 673 1413 738 esuitam
1426 672 1608 754 Cottonum,
1622 676 1655 740 ni
1668 675 1767 754 fallor,

309 763 476 863 &similes
503 761 827 827 histrionico-aulicos
851 762 1105 844 declamatores),
1129 763 1184 846 qui
1208 760 1373 828 Christum
1385 764 1593 847 appellabant
1606 765 1766 849 11661611-

308 872 392 1003 nuiii
400 853 643 1005 coliibiiirhliutio
667 941 690 1006 b
713 939 796 1004 actio
819 944 923 1024 grata,
943 938 1125 1018 flexanima,
1139 938 1312 1022 pathetica,
1330 961 1392 1004 666
1409 943 1476 1004 tam
1488 963 1527 1005 ex
1543 923 1671 1026 scriptis
1688 940 1767 1005 Rhe·

310 1034 426 1109 torum,
449 1051 546 1112 quam
573 1028 646 1094 viva
669 1051 743 1094 voce
756 1029 959 1106 monitorum,
973 1030 995 1094 b
1008 1029 1154 1111 exemplo
1166 1027 1218 1112 pie
1231 1027 1427 1092 eruditorum
1439 1051 1476 1094 ac
1488 1031 1679 1095 disertorum
1693 1030 1767 1096 Con-

310 1119 506 1183 cionatorum
530 1117 671 1182 discitur.
696 1116 792 1182 Absit
815 1117 906 1182 modo
929 1116 1032 1180 omnis
1056 1117 1227 1196 affectatio,
1241 1117 1326 1181 absit
1347 1117 1767 1198 nimiaillabluxuriam,si

309 1230 372 1272 666
396 1206 518 1271 ludicra
542 1206 625 1270 vocis
641 1207 828 1290 &gestuum
845 1205 930 1270 varie
944 1207 1154 1289 figuratorum
1167 1205 1381 1288 exorbitantia
1394 1229 1401 1284 ;
1416 1229 1498 1290 quae
1511 1207 1605 1272 hodie
1618 1211 1635 1272 ὲ
1648 1207 1767 1293 vulgari

310 1296 447 1375 theatro,
471 1297 494 1361 86
511 1294 679 1358 histrionia
691 1298 760 1358 tum
772 1294 876 1359 aulica
891 1298 960 1357 tum
972 1294 993 1357 J
995 1294 1315 1374 canito-scholastice,
1328 1295 1361 1358 in
1378 1295 1546 1359 cathedras
1561 1295 1768 1361 Romano-ec·

310 1383 503 1452 elesiasticas
527 1383 673 1448 traducta
685 1383 820 1447 videtur.
845 1382 987 1458 Quarum
1007 1383 1186 1447 vanitatum
1198 1383 1311 1447 simiae
1323 1383 1403 1446 nulli
1416 1406 1455 1447 ex
1464 1386 1583 1449 nostris
1595 1386 1706 1450 audire
1722 1386 1770 1449 de·

309 1475 404 1538 beat:
433 1473 551 1556 quippe
574 1472 628 1554 qui
651 1472 759 1536 norint
780 1493 843 1536 non
862 1471 930 1535 sine
957 1472 1072 1535 timore
1096 1473 1119 1537 dr
1139 1476 1275 1535 tremore
1296 1470 1357 1535 Dei
1370 1473 1502 1537 verbum
1514 1495 1621 1538 coram
1634 1473 1770 1538 Ecclesia

309 1562 522 1640 tractandum,
535 1562 558 1627 a
569 1561 611 1624 ab
624 1561 875 1625 obaudiendum.
888 1563 967 1624 Jeso.
981 1560 1034 1624 66.

354 1649 411 1716 XI.
435 1645 612 1715 Exordium
631 1653 687 1714 aut
710 1649 835 1712 nullum
862 1649 904 1712 sit
920 1652 977 1713 eut
998 1648 1095 1712 breve
1118 1649 1297 1712 admodum.
1322 1647 1390 1713 Nec
1411 1649 1514 1733 ipsam
1535 1674 1603 1716 rem
1615 1652 1771 1716 contineat

310 1739 384 1824 (hoc
396 1743 445 1803 est
456 1738 642 1814 doctrinam,
659 1740 716 1802 ant
729 1760 831 1816 usum,
844 1741 901 1802 aut
912 1737 1174 1821 applicationem)
1187 1759 1194 1800 :
1209 1760 1270 1801 non
1283 1743 1391 1802 tamen
1404 1739 1447 1802 sit
1459 1740 1516 1803 abs
1528 1762 1573 1804 re.
1588 1741 1681 1826 [pag.
1696 1739 1772 1824 616]

311 1827 342 1892 N
345 1851 385 1892 on
404 1829 529 1906 desunt,
536 1827 592 1910 qui
604 1827 770 1890 exordium
786 1826 831 1890 ita
844 1826 1029 1905 extendunt,
1043 1831 1078 1890 ut
1090 1826 1260 1909 peculiaris
1273 1827 1440 1910 quaedam,
1453 1827 1479 1892 si
1494 1851 1557 1892 uon
1570 1830 1694 1910 concio,
1710 1829 1772 1892 sal-

311 1921 377 1981 tem
401 1915 680 1981 dissertatiuncula
700 1915 969 1980 concionisirnilis
994 1915 1149 1990 videatur,
1173 1915 1213 1978 ab
1238 1915 1309 1998 ipsa
1335 1915 1485 1980 concione
1499 1916 1659 1982 distincta.
1686 1917 1771 1994 Quod

311 2005 502 2088 quibusdam
522 2004 730 2069 Auditoribus
755 2026 817 2068 non
837 2004 1012 2088 ingratum,
1036 2003 1108 2068 aliis
1132 2007 1240 2067 tamen
1264 2025 1326 2068 nou
1339 2004 1511 2088 perplacet,
1524 2007 1661 2090 quirem
1674 2007 1773 2090 ipsam

248 2109 253 2118 '
311 2095 491 2160 desiderant
515 2093 636 2158 audire.
660 2091 893 2160 Conciliatio&
920 2078 1033 2176 petitio
1056 2092 1295 2156 benevolentiae
1308 2114 1365 2175 per
1381 2093 1516 2158 artificia
1529 2095 1733 2159 exordiorum
1745 2095 1773 2157 in

312 2183 463 2247 Ecclesiis
484 2183 550 2266 jam
565 2181 746 2246 constitutis
763 2202 936 2264 earumque
953 2180 1121 2245 ordinariis
1134 2179 1302 2255 Ministris,
1318 2181 1411 2264 plane
1422 2181 1525 2246 otiosa
1541 2188 1599 2248 est.
1626 2182 1703 2249 Non
1716 2183 1774 2247 dif-

312 2273 440 2336 fitemur
451 2275 558 2335 tamen
572 2293 664 2335 usum
680 2291 773 2334 suum
785 2269 903 2334 habere
918 2270 951 2333 in
965 2273 1051 2334 statu
1063 2268 1235 2348 Ecclesiae,
1249 2291 1305 2352 per
1317 2269 1462 2334 haereses
1475 2275 1532 2336 aut
1543 2272 1696 2336 scismata
1709 2277 1774 2336 tur·

311 2361 408 2437 bato;
431 2363 487 2425 aut
510 2381 582 2424 cum
599 2360 694 2424 verba
709 2358 854 2423 facienda
870 2362 944 2422 sunt
959 2359 1044 2442 apud
1060 2357 1267 2422 Adversarios
1284 2363 1340 2422 aut
1353 2361 1371 2423 6
1383 2359 1518 2424 veritate
1531 2361 1663 2426 alienos.
1692 2360 1770 2426 Vide

313 2449 459 2533 exempla
473 2449 567 2514 Pauli
578 2449 679 2514 Actor.
707 2449 757 2511 17.
774 2448 797 2512 b
811 2448 864 2510 24.
877 2449 900 2513 dc
914 2447 966 2511 26.
1127 2509 1132 2516 ,
1373 2523 1376 2532 1

359 2537 432 2603 XII.
457 2539 607 2624 Epilogus
623 2559 693 2602 cum
707 2541 833 2618 tempus
846 2535 978 2618 patitur,
990 2534 1104 2620 subjici
1116 2537 1238 2618 potest:
1253 2535 1372 2620 sedqui
1384 2536 1604 2602 brevissimam
1620 2539 1776 2603 dictorum

313 2627 546 2712 repetitionem,
560 2627 583 2692 b
596 2625 792 2710 patheticam
812 2646 909 2707 quam
920 2623 1071 2695 δεινότητα
1083 2623 1243 2688 contiueat
1256 2648 1263 2699 ;
1278 2629 1314 2688 ut
1326 2625 1453 2690 aculeus
1466 2626 1628 2690 inanimis
1643 2627 1776 2692 Audito·

314 2739 386 2780 rum
401 2715 612 2799 relinquetur.
637 2712 751 2778 Omitti
767 2717 875 2777 tamen
887 2715 1004 2796 potest,
1020 2711 1151 2796 &saepe
1167 2712 1272 2792 debet,
1289 2735 1361 2777 curu
1381 2713 1591 2779 concionator
1602 2715 1643 2780 ad
1656 2715 1778 2801 clepsy-

225 2827 231 2842 ’
313 2806 404 2869 dram
423 2805 540 2882 dicens,
567 2825 605 2868 ex
628 2802 765 2886 abrupto
784 2802 927 2866 desinere
939 2800 1096 2884 congitur.
1123 2799 1229 2884 Atque
1241 2799 1319 2866 baec
1331 2801 1494 2866 sufficiant
1506 2805 1544 2868 de
1559 2805 1687 2870 ratione
1698 2828 1777 2870 con-

313 2893 469 2958 cionandi.
493 2891 565 2956 Duo
576 2891 783 2974 requiruntur
795 2891 836 2954 ad
850 2889 1015 2954 conciones
1028 2889 1201 2954 studium&
1213 2911 1330 2975 preces.
1355 2890 1404 2955 De
1417 2896 1573 2975 apparatu
1590 2894 1776 2958 concionum

316 2983 368 3068 egi
388 2982 421 3045 16
444 2983 513 3046 raeci
537 2979 745 3046 Bibliotheca.-
765 2978 817 3043 hia
832 2979 942 3062 itaque
954 2998 1016 3040 uon
1029 2983 1148 3062 repeto.
1173 2978 1245 3043 Duo
1257 2981 1332 3042 siret
1343 2979 1508 3064 generalia
1523 2981 1691 3065 requisita,
1707 3005 1778 3066 pre·

315 3094 367 3135 ees
379 3073 402 3138 b
414 3070 563 3135 studium.
587 3067 641 3134 Sic
654 3067 855 3153 Augustinus
868 3067 924 3132 lib.
938 3065 968 3130 4.
982 3067 1020 3130 de
1033 3067 1132 3132 doctr.
1147 3066 1266 3134 Christ.
1289 3090 1357 3151 cap.
1378 3068 1429 3131 15.
1448 3068 1499 3134 16.
1524 3071 1623 3134 verba
1641 3071 1729 3136 illius
1741 3071 1778 3134 de

316 3159 461 3244 precibus
482 3181 520 3222 ex
540 3179 608 3242 cap.
625 3159 674 3221 15.
692 3157 852 3222 asscribe:
866 3163 946 3240 Apul
962 3177 1034 3239 erpo
1050 3167 1206 3241 qrcualum
1222 3158 1486 3240 persequamur
1501 3159 1586 3237 dicit,
1602 3171 1638 3224 ul
1654 3161 1775 3227 1616111-

315 3259 435 3334 966166,
451 3259 485 3314 ul
497 3247 633 3326 libenter,
646 3258 681 3312 ru
693 3245 868 3310 obedienter
882 3245 1035 3310 audietur
1043 3267 1054 3321 ;
1081 3242 1113 3310 e
1128 3245 1202 3309 baec
1216 3265 1248 3309 ae
1261 3265 1350 3330 pesse
1365 3247 1393 3309 ei
1403 3248 1547 3330 pomeria,
1573 3247 1605 3312 a·
1620 3249 1656 3312 la
1668 3269 1778 3334 quan-

292 3397 294 3402 .
318 3350 385 3404 turn
410 3337 555 3421 6666611,
577 3337 689 3421 pietate
714 3335 817 3420 tuopte
831 3335 1011 3399 orationum
1031 3354 1129 3418 qaum
1148 3345 1316 3399 oratorum·
1330 3335 1478 3418 [66611616
1508 3356 1574 3401 aaa
1592 3337 1709 3403 urerer
1723 3362 1733 3408 :
1745 3347 1777 3402 ul

317 3427 439 3493 orando
464 3447 524 3511 pre
539 3445 571 3490 ee
592 3445 629 3490 uc
645 3445 705 3509 pro
717 3425 779 3489 illie
791 3445 868 3510 quos
879 3433 921 3488 erl
933 3423 1095 3501 61166666,
1111 3424 1150 3488 sil
1163 3433 1268 3487 mutor
1282 3435 1452 3510 autequam
1467 3424 1582 3490 doctor.
1607 3425 1687 3491 Cum
1713 3427 1779 3490 An-

318 3515 439 3600 gustini
462 3513 620 3579 666166ιί6
642 3513 789 3577 convenit
812 3511 891 3575 illud
914 3511 1156 3595 pervulgatum:
1184 3511 1264 3578 Phae
1285 3513 1451 3597 proficitur
1472 3515 1779 3601 orandoquuruslu·

280 3604 281 3607 ’
317 3606 428 3672 deado.
453 3603 501 3668 De
522 3602 619 3668 studii
641 3602 828 3665 necessitate
851 3600 928 3664 ibid.
940 3601 1137 3685 ,1696611666
1149 3621 1217 3685 cap.
1238 3601 1289 3665 16.
1313 3601 1630 3686 Slrcdiumbjuatem
1647 3625 1780 3688 praepa·

317 3695 474 3760 rationem
497 3691 616 3776 requiri
643 3689 809 3754 indubium
834 3692 902 3754 est:
923 3689 1093 3772 aliquando
1106 3693 1214 3753 tamen
1230 3711 1268 3753 ex
1280 3693 1423 3774 tempore
1439 3692 1605 3757 conciones
1617 3693 1780 3757 habendae

318 3784 352 3847 in
367 3805 442 3848 casu
461 3779 678 3856 necessitatis;
704 3801 776 3844 cum
795 3778 862 3843 scil.
876 3799 1046 3862 aegrorum
1062 3779 1085 3843 86
1101 3777 1362 3843 moribundorum
1376 3779 1559 3845 visitatione
1573 3779 1782 3847 concionator

319 3876 407 3937 totus
419 3870 606 3954 occupatur';
626 3871 682 3933 aut
702 3867 843 3932 turbatio
867 3889 924 3950 per
935 3866 1091 3946 incendia,
1104 3866 1338 3946 inundationes,
1352 3867 1493 3932 hostiurn
1506 3868 1699 3953 irruptiones
1711 3873 1780 3934 stu·

318 3960 406 4025 dium
430 3982 466 4024 ac
489 3959 629 4042 quiete1n
647 3956 830 4041 prohibuit;
855 3959 911 4019 aut
931 3954 1081 4038 Collegae
1105 3956 1321 4020 concionaturi
1338 3955 1462 4022 subitus
1480 3959 1610 4023 morbus
1628 3965 1682 4024 661
1696 3981 1781 4023 mors

319 4048 486 4131 repentina
507 4068 637 4130 operam
663 4049 752 4110 tunm
772 4045 805 4107 in
823 4043 1035 4109 concionando
1062 4044 1206 4126 requirit.
1231 4043 1332 4109 Extra
1351 4045 1409 4110 hos
1437 4046 1622 4132 similesque
1638 4069 1724 4113 casus
1740 4067 1781 4109 ex

318 4142 461 4219 tempore
478 4136 518 4200 ad
537 4135 700 4200 conciones
723 4134 751 4198 si
767 4133 838 4219 quis
859 4133 1013 4217 provolat,
1034 4132 1139 4197 Deum
1154 4136 1260 4196 tentat
1272 4155 1280 4209 ;
1293 4156 1351 4198 nec
1363 4135 1431 4218 ejus
1444 4135 1695 4202 benedictionem
1707 4155 1782 4199 cum

320 4223 381 4289 fide
396 4228 503 4307 petere
515 4224 625 4287 nasibi
639 4221 780 4306 polliceri
789 4225 904 4304 potest.
929 4221 966 4285 16
984 4221 1088 4285 studio
1100 4222 1335 4286 concionatoria
1346 4227 1411 4287 tres
1424 4221 1523 4288 libros
1538 4223 1709 4309 Discipulis
1721 4245 1783 4286 uo·

320 4313 394 4378 stris
410 4313 450 4376 ad
462 4311 639 4376 fructuosas
658 4309 1191 4389 lcefficaceseoncioneshebendas,
1208 4309 1337 4377 assiduo
1348 4311 1588 4395 perlustrandas
1600 4316 1623 4380 16
1635 4315 1782 4378 erohen-

320 4401 375 4464 dos
392 4399 610 4466 commendare
624 4399 719 4463 soleo.

1749 4487 1784 4550 1.
