3752 4858
257 289 422 357 Tarenll.
447 290 605 359 Saoan.
629 241 1291 360 11100111111011111101111111111110111110111.
1315 293 1459 362 011111.
1524 296 1589 360 219

122 477 200 543 satis
225 478 385 562 perspecti
408 500 476 544 esse
493 483 635 563 possunt,
659 481 771 561 majori
784 481 807 547 81
820 480 992 546 difficiliori
1008 481 1158 567 indagine
1170 503 1250 566 opus
1263 485 1329 558 est;
1343 504 1440 567 quam
1452 483 1485 546 in
1498 483 1588 560 vicis,
1665 531 1666 536 η

122 572 178 634 aut
201 567 235 630 in
259 564 438 650 Oppidulis,
462 575 519 632 aut
541 568 575 632 in
598 568 760 648 Ecclesiis,
784 591 863 653 quas
886 574 1009 649 vocant,
1023 570 1277 654 parochialibus3
1291 570 1345 635 ubi
1359 570 1590 638 Auditorum&

12 729 13 732 Ἴ
122 655 428 722 communicantium
443 679 594 722 numerus
607 662 655 722 est
667 680 821 742 perquam
838 659 982 744 exiguus,
1007 659 1077 724 Illis
1090 681 1165 744 ergo
1178 660 1239 724 hoc
1251 659 1376 724 consilii
1388 660 1539 741 dandum,
1553 665 1590 724 ut

122 745 265 811 ordinem
277 747 523 830 competentiam,
537 749 682 831 exemplo
698 747 849 831 antiquae
861 747 1033 827 Ecclesiae,
1047 749 1260 827 constituant3
1273 749 1307 812 in
1318 771 1414 831 quem
1426 750 1589 814 neminem

122 833 297 901 admittant
309 833 376 899 sine
390 834 534 899 exhibito
545 836 727 900 testimonio
735 837 773 900 de
786 835 967 902 Christiana
979 839 1002 904 81
1013 837 1169 901 inoffensa
1182 837 1430 903 conversatione.
1445 837 1588 903 Ministri

123 927 180 989 aut
190 921 333 988 Senioris
345 945 480 1008 quorum
492 923 681 1008 inspectioni
694 925 750 990 ille
763 925 923 990 districtus
936 947 991 990 seu
1004 923 1101 990 Urbis
1114 926 1203 1010 regio
1209 925 1391 1009 specialiter
1399 927 1589 991 demandata

123 1017 181 1078 est.
207 1010 382 1096 Propterea
392 1012 477 1077 inter
491 1012 628 1097 primam
639 1013 827 1098 petitionem
840 1015 1049 1097 competentis
1062 1015 1214 1097 cujusque
1226 1016 1250 1080 81
1261 1014 1398 1079 nominis
1415 1015 1448 1078 in
1462 1016 1589 1080 tabulas

124 1100 354 1167 ecclesiasticas
377 1101 574 1174 relationem,
596 1125 631 1167 ac
643 1102 727 1167 inter
738 1104 896 1168 actualem
912 1103 985 1167 fidei
998 1102 1227 1187 professionem
1240 1104 1263 1168 81
1275 1103 1359 1167 inter
1371 1105 1515 1169 membra
1528 1103 1590 1169 Ec-

124 1191 239 1256 clesiae
252 1189 507 1274 adscriptionem,
520 1191 649 1277 aliquod
660 1191 813 1276 temporis
824 1191 1028 1256 intervallum
1042 1191 1247 1277 (contractius
1256 1194 1313 1256 aut
1321 1193 1523 1275 protractius,
1533 1215 1591 1276 pro

124 1279 261 1364 renata)
274 1279 466 1364 prefigatur:
481 1300 544 1363 quo
555 1280 734 1364 repetendis
746 1282 770 1347 81
782 1302 838 1364 per
851 1280 997 1345 0111111111
1009 1279 1269 1345 hebdomadatim
1280 1281 1475 1345 recurrentia
1487 1281 1591 1346 incul-

124 1368 234 1434 candis
246 1367 404 1452 capitibus
416 1367 592 1453 religionis,
606 1371 697 1450 juxta
713 1369 854 1432 ordinem
867 1368 1071 1448 catechesios,
1084 1374 1306 1444 exerceantur3
1325 1372 1420 1453 atque
1433 1368 1480 1433 ita
1492 1368 1591 1434 Mini-

125 1457 201 1523 stris
218 1456 242 1521 da
262 1454 448 1521 Senioribus
467 1460 591 1522 constet
603 1458 640 1522 de
653 1457 794 1541 ipsorum
806 1457 839 1520 in
855 1458 1034 1522 necessaria
1045 1457 1225 1542 cognitione
1237 1456 1399 1542 profectu,
1413 1479 1477 1522 una
1494 1458 1592 1523 etiam

12 1565 14 1578 ·
125 1569 183 1631 per
209 1544 361 1630 speciales
377 1545 465 1609 illius
477 1546 628 1630 regionis,
641 1567 737 1630 quam
749 1545 904 1625 incolunt,
918 1545 1115 1629 Inspectores
1128 1545 1289 1610 sufficiens
1302 1545 1480 1629 exploratio
1496 1550 1593 1630 atque

125 1633 312 1701 informatio
327 1633 365 1698 de
377 1633 445 1698 vita
456 1636 479 1700 81
489 1635 632 1700 moribus
648 1633 933 1699 eorumhabeatur.
941 1632 1007 1699 Ubi
1020 1635 1085 1718 jam
1093 1634 1210 1720 aliquis
1219 1634 1477 1700 hebdomadatim
1486 1657 1593 1700 recur-

126 1727 233 1789 rentes
257 1723 506 1806 competeutium
528 1723 745 1788 institutiones
769 1723 847 1788 satis
870 1745 1029 1809 superque
1052 1721 1281 1809 frequentasse,
1307 1723 1445 1790 &sinon
1461 1724 1590 1804 eximia,

126 1813 243 1878 saltem
265 1811 437 1902 mediocria
459 1811 619 1896 profectus
643 1812 693 1877 sui
704 1811 887 1895 specimina,
901 1811 1118 1896 respondendo
1129 1812 1169 1875 ad
1182 1812 1382 1896 quaestiones
1395 1813 1588 1897 propositas,

126 1899 264 1967 edidisse
274 1899 435 1964 videbitur
442 1922 452 1983 3
465 1900 609 1984 nihilque
625 1901 658 1964 in
670 1900 737 1964 vita
748 1902 772 1967 81
783 1900 1020 1965 conversatione
1033 1899 1216 1965 Christiana
1230 1898 1481 1984 Explorantibus
1494 1898 1590 1966 inno-¹

125 1989 237 2069 tuerit,
261 1988 344 2072 quod
367 2010 440 2052 eum
464 1989 583 2054 diutius
596 1992 615 2052 1
627 1988 750 2055 (leenae
766 1989 985 2054 communione
1002 2011 1108 2054 arcere
1120 1993 1244 2073 posset:
1258 1989 1285 2053 is
1298 1991 1391 2054 adeat
1407 1988 1592 2055 Ministrum

126 2083 184 2145 aut
208 2077 363 2144 seniorem
384 2099 460 2142 suae
472 2078 622 2162 regionis,
635 2080 658 2144 81
669 2077 710 2141 ab
722 2099 759 2143 eo
771 2078 990 2143 testimonium
1003 2082 1102 2162 petat,
1115 2078 1230 2163 quoad
1246 2078 1420 2143 solemnem
1433 2079 1506 2143 fidei
1518 2100 1591 2162 pro·

127 2167 299 2232 sessionem
319 2165 482 2245 edendam,
504 2167 703 2250 8110110111,
718 2189 755 2231 ac
766 2189 824 2251 per
840 2189 910 2232 eam
923 2167 963 2231 ad
974 2166 1227 2232 communionem
1240 2166 1366 2231 admitti
1382 2167 1492 2251 possit.
1517 2166 1593 2251 Ipsa

128 2255 203 2322 fidei
226 2253 382 2319 confessio
406 2256 429 2320 81
444 2253 663 2320 Membrorum
678 2256 828 2339 receptio,
840 2255 970 2320 statutis
982 2255 1172 2338 quibusdam
1186 2255 1296 2320 diebus
1309 2256 1506 2336 celebranda,
1519 2278 1592 2340 pro-

129 2346 217 2410 xime
229 2343 361 2408 instanti
375 2343 643 2410 administrationi
659 2342 881 2409 Eucharistiae
893 2343 1128 2427 praemittatur.
1137 2343 1190 2408 An
1199 2348 1306 2409 autem
1314 2366 1420 2410 coram
1432 2349 1500 2410 toto
1512 2343 1592 2430 Syn·

127 2432 226 2512 edric,
250 2454 291 2496 an
314 2454 389 2496 vero
412 2455 517 2497 coram
542 2433 702 2519 aliquibus
726 2430 918 2518 aSynedrio
941 2431 1119 2518 DelegatiS,
1143 2455 1184 2497 an
1207 2433 1334 2517 publice
1347 2433 1379 2498 in
1392 2432 1537 2518 Templa
1552 2456 1593 2498 111

127 2521 398 2608 privato-publice
421 2521 456 2584 in
472 2521 613 2586 conclavi
637 2521 857 2599 ecclesiastice,
871 2521 1018 2586 admissis
1030 2520 1241 2586 Auditoribus
1253 2527 1322 2586 tum
1339 2521 1592 2602 Catechnmenis,

128 2617 199 2678 tum
217 2608 488 2694 Competentibus,
508 2613 577 2674 tum
593 2609 757 2675 Fidelibus
770 2610 832 2695 (uti
847 2609 907 2674 hoc
919 2610 988 2674 fieri
1001 2611 1105 2693 solet),
1118 2611 1306 2694 prudentiae
1318 2612 1470 2695 cujusque
1482 2611 1593 2676 Eccle-

128 2701 196 2766 siae
222 2699 394 2764 secundnm
406 2699 660 2764 circumstantias
673 2699 883 2782 disposituras
895 2699 1157 2764 committendum
1171 2703 1227 2764 est.
1252 2699 1427 2764 Consilium
1439 2699 1501 2764 boc
1513 2703 1531 2764 a
1543 2722 1594 2766 me

126 2789 278 2866 relatum,
298 2791 316 2851 a
329 2785 483 2872 Synedrio
495 2788 591 2872 hujus
603 2787 765 2852 Ecclesiae
777 2791 904 2851 nostrae
916 2791 988 2871 post
1000 2787 1104 2852 varias
1116 2788 1139 2852 81
1151 2788 1249 2852 serias
1262 2787 1506 2853 deliberationes
1518 2792 1594 2852 ante

128 2899 231 2944 annos
254 2877 378 2960 aliquot
389 2880 586 2960 conceptum,
599 2877 622 2942 81
638 2875 798 2941 ordinaria
809 2876 898 2959 praxi
910 2876 1064 2941 hactenus
1081 2898 1143 2940 non
1156 2875 1224 2940 sine
1236 2877 1353 2941 eximie
1365 2875 1472 2941 fructu
1484 2877 1593 2942 obser-

127 2969 240 3032 vatum
264 2965 336 3029 fnit.
360 2963 411 3029 Ι11
434 2969 470 3030 ut
492 2968 646 3030 nontam
668 2963 763 3029 facile
786 2987 870 3029 nunc
892 2965 1045 3048 irrepant,
1070 2965 1298 3028 elementorum
1323 2965 1397 3029 fidei
1408 2964 1524 3051 ignari,
1539 2970 1595 3030 aut

129 3053 343 3120 intercutibus
363 3057 520 3118 scatentes
537 3054 634 3134 vitiis,
650 3053 683 3116 in
696 3057 808 3137 aperta
819 3053 968 3118 seandala
981 3053 1114 3117 subinde
1127 3053 1383 3137 erumpentibus:
1405 3053 1460 3137 qui
1471 3053 1595 3138 profes·

129 3144 219 3210 sione
244 3142 407 3229 religionis
430 3143 556 3208 malunt
577 3141 761 3206 bominibus
784 3143 920 3226 placere,
937 3163 1034 3226 quam
1046 3140 1132 3226 Deo;
1146 3143 1169 3207 81
1181 3141 1238 3205 ubi
1253 3141 1286 3205 in
1299 3141 1422 3227 gremio
1434 3142 1595 3208 Ecclesiae

128 3231 333 3310 incaluerint,
348 3231 380 3294 in
393 3231 532 3296 vomicas
544 3232 567 3298 81
583 3231 795 3296 carcinomata
807 3231 884 3314 ejus,
898 3230 1061 3296 occasione
1074 3230 1120 3294 ita
1131 3230 1265 3310 ferente,
1282 3231 1427 3296 evadunt.
1454 3229 1596 3307 Quorum

129 3323 164 3386 in
188 3321 314 3406 magnis
336 3317 491 3401 Urbibus,
515 3343 578 3384 non
602 3321 754 3404 exiguum
771 3341 839 3384 esse
851 3324 1041 3404 proventum
1054 3341 1147 3384 nemo
1163 3319 1311 3406 ignorare
1324 3323 1447 3404 potest:
1461 3319 1524 3385 nisi
1539 3321 1595 3406 qui

130 3410 227 3476 nrbes
251 3412 274 3476 81
296 3408 463 3475 hominum
485 3411 659 3474 multorum
683 3407 861 3472 confluxum
877 3407 1015 3493 ignorat.
1040 3406 1102 3474 Sed
1115 3408 1197 3472 forte
1210 3408 1282 3493 quis
1294 3409 1526 3488 obmurmuret,
1539 3431 1596 3493 per

129 3499 216 3563 hunc
237 3498 379 3563 ordinem
402 3497 498 3562 nimis
520 3498 624 3582 rigide
648 3497 863 3584 observatum,
888 3498 979 3584 [pag.
1005 3497 1085 3583 856]
1106 3499 1230 3582 aliquos
1249 3497 1409 3581 simplices
1430 3497 1595 3564 &minime

129 3587 232 3652 malos
248 3585 428 3665 absterreri,
441 3609 481 3650 10
496 3588 537 3652 ad
549 3587 688 3652 Coenam
698 3583 829 3649 Domini
841 3586 1001 3651 accedant.
1024 3585 1083 3650 Oui
1102 3586 1285 3670 respondeo,
1297 3585 1402 3650 nullas
1413 3587 1512 3671 leges,
1524 3587 1597 3650 nul-

132 3677 181 3741 las
204 3674 350 3754 διατάξεις
382 3679 449 3739 tam
472 3676 649 3740 necessarii)
661 3674 684 3739 81
695 3675 867 3759 prudenter
878 3697 1019 3758 unquam
1032 3675 1114 3739 latas
1126 3696 1205 3754 esse,
1218 3679 1255 3738 ut
1266 3674 1400 3758 alicujus
1412 3674 1559 3751 hominis,
1573 3675 1596 3740 a

132 3785 225 3830 casus
248 3767 394 3849 respectu
416 3786 479 3828 non
503 3765 671 3829 videantur
693 3762 814 3847 aliquid
826 3763 929 3847 iniqui
942 3763 1079 3828 habere:
1093 3785 1155 3847 quo
1164 3763 1237 3847 ipso
1248 3767 1357 3827 tamen
1369 3763 1445 3848 legi,
1458 3763 1481 3828 81
1494 3763 1594 3828 ordini

12 3911 14 3916 .
131 3853 308 3920 constituto
323 3856 380 3917 aut
394 3853 614 3918 constituendo
627 3875 689 3918 non
706 3852 952 3936 praejudicatur.
977 3851 1055 3917 (luia
1067 3853 1157 3916 nulla
1169 3853 1220 3916 lex
1233 3851 1375 3916 hnmana
1387 3851 1464 3916 ferri
1480 3855 1596 3937 potest,

131 3964 215 4027 quae
237 3940 386 4007 omnibus
410 3941 504 4006 lactis
527 3941 745 4027 singularibus
757 3944 846 4026 (sunt
859 3941 945 4005 enim
961 3940 1100 4024 infinita)
1113 3962 1213 4025 aeque
1229 3941 1412 4017 conveniat3
1424 3941 1496 4005 ideo
1508 3941 1596 4005 adhi-

132 4033 227 4096 betur
240 4029 372 4103 ἑπείκεια,
390 4052 446 4114 per
465 4048 562 4116 quam
575 4029 749 4114 exceptioni
763 4030 864 4114 alege
876 4033 932 4093 aut
943 4029 1174 4113 dispensationi
1191 4029 1230 4093 de
1245 4033 1282 4093 011
1295 4029 1382 4093 locus
1395 4029 1596 4114 relinquitur.

131 4119 221 4196 Quae
245 4119 343 4184 etiam
366 4119 400 4182 in
415 4119 476 4182 hoc
487 4119 616 4204 negotio
628 4119 703 4182 hinc
715 4118 846 4182 minime
859 4118 977 4197 exulat,
990 4117 1178 4201 praesertim
1190 4117 1223 4181 in
1240 4140 1315 4182 casu
1326 4117 1458 4182 affectae
1471 4119 1596 4199 aetatis,

12 4271 14 4280 ,
131 4213 190 4274 aut
206 4211 397 4284 parthanius,
417 4211 473 4272 aut
485 4209 577 4291 quasi
589 4207 763 4286 surditatis,
781 4211 837 4270 aut
848 4207 1072 4271 melancolicae
1084 4207 1202 4280 δειλίας,
1217 4211 1273 4271 aut
1285 4207 1417 4271 alterius
1429 4208 1597 4291 cujuscun.

12 4313 13 4316 ’
133 4321 196 4382 que
218 4295 459 4374 imbecillitatis,
489 4299 545 4361 aut
562 4297 717 4361 transitus
730 4296 770 4360 ab
785 4299 908 4360 errante
922 4295 1029 4378 aliquo
1041 4297 1064 4362 81
1077 4315 1209 4380 segrege
1221 4299 1313 4360 coetu
1329 4297 1368 4360 ad
1380 4299 1524 4362 nostram
1535 4294 1597 4361 Ec-

133 4386 283 4454 clesiam:
297 4385 442 4451 modone
455 4385 558 4452 fiatin
572 4386 718 4452 fraudem
730 4385 822 4474 legis,
835 4385 868 4450 in
880 4387 1076 4453 contemtum
1091 4384 1210 4454 ordinis
1222 4407 1259 4452 ac
1269 4385 1435 4476 regiminis
1452 4384 1596 4450 ecclesia·

1516 4472 1598 4557 stici,
