3722 4850
316 280 358 350 34
688 267 1247 348 PontrtcnnEceaasusrtclnPlnsl.
1273 281 1337 346 Ina.
1351 269 1392 348 ll.

316 471 492 556 &Lunqtta
518 465 737 534 Tertullianus
757 468 790 532 in
810 467 981 554 Apologet.
1004 491 1072 553 oap.
1096 471 1125 532 2.
1152 466 1279 532 exhibet
1299 467 1516 531 testimonium
1533 466 1637 533 Plinii
1648 463 1769 552 &cundi

320 561 458 647 ,(exstat
481 559 514 623 in
539 559 607 642 ejus
622 558 722 643 Epist.
740 558 791 623 tit.
811 559 863 622 10.
876 559 934 642 Ep.
953 557 1020 642 97.)
1033 581 1096 644 quo
1110 557 1260 636 declarat,
1274 556 1355 620 nihil
1369 556 1456 620 aliud
1472 579 1506 620 se
1522 557 1559 620 de
1576 556 1768 622 sacramentis

253 652 257 660 '
320 671 447 728 ,eorum
470 647 673 732 comperisse,
699 669 796 731 quam
819 650 926 712 coetus
939 647 1144 712 antelucanos
1161 647 1200 710 ad
1212 645 1388 712 canendum
1401 645 1527 709 Christo
1544 645 1658 711 &Dea
1683 644 1768 708 Plinii

315 736 464 802 formalia
487 737 584 801 verba
608 739 699 802 sunt:
724 736 809 821 quod
831 747 930 801 essent
954 736 1037 800 soliti
1060 748 1139 800 stato
1152 735 1286 800 dieante
1299 735 1398 800 lucem
1409 735 1581 814 eorttenire,
1595 754 1770 820 carmenque

320 825 443 894 Gltrieto
454 826 547 912 quasi
562 825 625 890 Deo
636 825 735 890 dicere
746 824 806 889 sibi
818 825 958 890 invicem.
980 822 1070 888 Idem
1082 825 1199 888 citatur
1211 824 1251 887 ab
1264 823 1394 888 Eusebio
1407 823 1472 887 lib.
1486 825 1515 886 3.
1530 824 1611 888 Hist.
1623 825 1703 890 Ecel.
1712 843 1769 908 cap.

316 915 369 980 27.
393 914 438 980 Et
453 915 495 978 ab
506 915 700 998 Hieronymo
716 914 752 979 itt
763 912 869 978 Addit.
883 913 925 978 ad
937 913 1064 978 Eusebii
1076 913 1262 979 Chronieon.
1278 912 1450 996 Nicephoro
1461 913 1580 978 Histor.
1596 911 1768 978 Eccleslit

316 1005 347 1067 3.
364 1026 389 1070 c.
404 1003 455 1068 17.
474 1004 584 1070 Oresio
599 1003 666 1068 Lib.
679 1003 797 1068 Hister.
810 1023 877 1086 cap.
894 1002 945 1067 12.
969 1000 1059 1077 Quod
1073 1002 1176 1066 solnm
1189 1000 1349 1066 sufficeret
1361 1001 1401 1064 ad
1414 1001 1692 1065 demonstrandam
1706 1023 1769 1065 mn-

319 1095 477 1170 ,stantem
500 1092 652 1176 antiquae
675 1089 838 1156 Ecclesiae
862 1091 985 1175 praxin.
1011 1089 1165 1176 Origenes
1189 1089 1258 1154 Lib.
1273 1089 1302 1154 8.
1321 1094 1431 1154 contra
1444 1089 1581 1168 Oelsum,
1594 1090 1653 1154 sub
1667 1090 1769 1154 finem:

320 1183 481 1268 ,Hymnus
492 1181 577 1246 enim
593 1180 628 1245 in
642 1181 746 1246 sol-um
758 1181 862 1246 Deum
877 1181 1100 1246 cainaeorum
1112 1180 1267 1258 canimus,
1283 1178 1314 1244 u·
1325 1180 1430 1244 Deum
1442 1179 1571 1244 uerbum
1586 1179 1653 1262 qus
1669 1180 1770 1264 unqe·

319 1271 452 1348 ,nilum
462 1268 680 1334 Theodoretus
692 1269 730 1333 de
743 1267 967 1334 curationibus
982 1267 1090 1334 Graec.
1104 1269 1218 1332 Allert.
1231 1289 1325 1332 serm.
1340 1268 1370 1331 8.
1383 1267 1439 1351 qui
1455 1272 1503 1332 est
1515 1269 1552 1332 de
1565 1268 1769 1352 martyribus:

315 1359 413 1444 Saepe
427 1358 535 1448 dutus
550 1359 686 1442 sinqulis
696 1379 805 1423 eorum
821 1357 1026 1442 (martyrum)
1039 1359 1168 1424 donnino
1184 1355 1342 1444 (δεσπότῃ)
1355 1357 1490 1442 ltqrnnos
1510 1357 1686 1444 offertorius.
1699 1355 1770 1420 lbid.

315 1447 349 1522 in
362 1449 440 1512 fine:
454 1449 578 1533 Proque
590 1447 647 1514 illd
658 1447 750 1512 ueteri
759 1447 881 1531 pompd
893 1445 1083 1524 (Gentilium
1098 1447 1180 1528 soil.)
1201 1445 1256 1512 ue.
1268 1448 1350 1534 fiunt
1363 1446 1519 1512 rttodestae
1527 1447 1581 1511 lle.
1590 1445 1770 1529 festinatque,

314 1557 381 1602 non
404 1537 476 1603 illue
497 1535 626 1622 quidem
648 1535 793 1600 tabentes
816 1533 871 1600 tte.
896 1535 950 1600 sed
972 1536 1081 1600 divina
1097 1536 1217 1600 cantico
1229 1533 1358 1620 (ὕμνους)
1375 1533 1406 1599 ll
1421 1555 1585 1600 sonoram
1597 1555 1771 1600 sarnanum

314 1623 464 1701 ἀκρόασιν,
485 1623 736 1710 &precationem
748 1625 896 1711 lacrqntis
909 1624 1002 1690 hade
1013 1625 1118 1712 diqms
1133 1634 1330 1692 exornatum.
1356 1622 1474 1688 Concil.
1488 1621 1703 1688 Laodicenum
1714 1627 1771 1708 (ce-

313 1711 474 1778 lebratum
497 1735 581 1777 anno
605 1712 693 1796 364.)
718 1712 794 1778 Oen.
817 1713 869 1776 23.
895 1713 947 1777 21.
962 1713 1108 1778 meminit
1120 1717 1285 1778 cantorum
1302 1713 1449 1777 &cantus
1461 1711 1679 1778 ecclesiastici.
1702 1710 1772 1794 Epi·

313 1800 454 1885 phanius
466 1801 500 1866 in
511 1801 575 1866 fine
587 1801 722 1885 panarii,
733 1801 790 1866 ubi
800 1801 1078 1868 fidemltordinem
1088 1801 1250 1866 Ecclesiae
1259 1801 1386 1884 repetit,
1395 1802 1554 1880 rnututini,
1562 1801 1680 1885 inquit,
1689 1801 1774 1866 etiarn

315 1889 429 1956 tenni
452 1891 487 1956 in
510 1891 580 1976 ipati
603 1892 712 1956 sanotd
735 1891 858 1958 arcesiti
880 1894 1027 1976 perpetuo
1050 1893 1143 1978 fiunt,
1167 1889 1197 1955 u·
1218 1890 1309 1976 [pag.
1335 1889 1416 1975 523]
1429 1891 1775 1956 orationosmatutinua

348 1979 399 2043 ino
424 1979 502 2044 satis
515 2001 671 2063 superque
684 1983 828 2044 constare
841 1979 978 2044 arbitror
991 1980 1028 2043 de
1041 1979 1144 2044 Oantu
1159 1978 1373 2043 Ecclesiarum
1389 1978 1452 2059 jam
1464 1978 1537 2043 inde
1550 1982 1568 2042 a
1583 1979 1775 2063 temporibus

315 2067 556 2151 Apostolorum.
582 2066 761 2132 Orientales
776 2067 925 2132 ridentur
936 2067 969 2131 in
985 2067 1045 2133 hoc
1057 2089 1173 2153 genere
1185 2067 1284 2132 oflicii
1296 2067 1396 2132 fuisse
1407 2067 1633 2132 ferventiores:
1652 2072 1675 2134 u
1691 2066 1775 2132 Orci-

316 2155 459 2221 dentales
471 2159 580 2220 tamen
591 2155 673 2222 illud
683 2179 747 2221 non
759 2156 1022 2239 posthabuerunt.
1047 2157 1221 2242 Angustia.
1234 2156 1290 2220 lib.
1304 2157 1335 2219 0.
1348 2156 1483 2221 confess.
1497 2179 1567 2240 cap.
1582 2157 1612 2220 7.
1630 2156 1694 2221 ait:
1711 2157 1776 2224 Non

316 2244 406 2330 lonqe
424 2256 562 2330 coeperat
580 2245 716 2311 Ecclesia
736 2245 977 2310 Mediolanensis
992 2265 1091 2330 penus
1110 2245 1167 2310 boe
1188 2246 1407 2310 consolationis
1426 2243 1695 2312 &exhortationis
1706 2245 1775 2310 cele·

319 2332 420 2413 trare,
443 2355 559 2418 maqno
582 2335 685 2400 studio
700 2334 840 2417 fratrum
857 2335 1086 2400 concinentium
1098 2334 1221 2400 vocibus
1234 2333 1265 2400 ll·
1279 2335 1434 2400 cordibus.
1460 2333 1670 2400 Occasionem
1683 2335 1775 2419 hujus

317 2421 378 2485 aeli
389 2421 488 2487 refert
499 2421 622 2501 itidem,
636 2423 720 2506 quod
731 2445 803 2487 eum
815 2422 869 2506 pia
879 2423 971 2506 plebs
980 2424 1151 2488 excubaret
1159 2423 1191 2486 in
1202 2423 1352 2500 Ecclesia,
1363 2426 1415 2509 (ne
1424 2423 1491 2488 soil.
1502 2425 1660 2507 templum
1670 2445 1777 2488 eorum

318 2508 359 2573 ab
382 2508 539 2590 Arrianis
563 2513 587 2577 b
610 2511 799 2575 Ambrosius
822 2511 988 2595 episcopus
1011 2511 1089 2596 ipsis
1112 2511 1311 2596 eriperetur),
1335 2513 1518 2577 institutum
1535 2512 1778 2588 tuncluerit,ut

317 2597 430 2684 ltqtnni
458 2598 490 2666 a·
508 2600 627 2684 psalmi
645 2612 832 2666 canerentur
853 2600 1027 2667 secundum
1046 2598 1164 2665 morem
1185 2602 1388 2668 orientalium
1404 2601 1561 2686 partium,
1583 2621 1624 2666 ne
1639 2603 1780 2686 poprtlus

316 2689 467 2753 momoria
492 2689 591 2754 toedio
614 2689 850 2755 contabesceret:
877 2687 908 2753 a
926 2712 964 2754 etc
976 2690 1039 2768 illo,
1052 2689 1167 2775 inquit,
1181 2690 1216 2753 in
1228 2690 1419 2756 hodiernum
1431 2690 1525 2769 diem,
1539 2692 1729 2774 multiejam
1745 2710 1780 2752 ac

314 2794 415 2859 paene
435 2776 581 2842 omnibus
599 2777 754 2862 qreqitas,
775 2776 873 2863 ltper
883 2789 1001 2842 coelem
1015 2777 1100 2842 ortis
1111 2779 1316 2844 imitantibus.
1331 2778 1421 2855 Quod
1433 2800 1493 2864 ego
1505 2801 1569 2842 non
1581 2779 1620 2844 de
1632 2779 1781 2844 omnibus

317 2861 456 2929 Canticis
476 2865 573 2930 sacris
594 2865 628 2929 in
647 2865 798 2930 Ecclesiis
816 2865 1073 2931 Occidentalibus
1092 2867 1153 2951 (uti
1169 2869 1232 2934 lac.
1259 2868 1652 2952 retransmeant
1683 2869 1778 2931 1000.

316 2953 456 3038 quaesita
478 2953 648 3039 Auquotini
670 2974 722 3039 qu.
750 2954 815 3031 19.)
839 2954 954 3019 sedda
977 2955 1139 3020 nocturnis
1163 2957 1338 3041 (occasione
1361 2962 1437 3022 tuno
1459 2956 1507 3020 ita
1526 2957 1738 3040 postulante),
1759 2955 1781 3020 u

316 3039 353 3104 de
376 3039 533 3106 Arrianae
557 3042 709 3126 perfidiae
732 3042 885 3126 oppositis
898 3043 1116 3127 accipiendum
1128 3045 1276 3108 arbitror.
1300 3044 1378 3109 'l'ale
1394 3045 1472 3129 quid
1486 3044 1619 3110 innuere
1632 3046 1783 3110 videntur

314 3128 411 3193 rerba
424 3151 493 3214 cap.
506 3130 536 3194 6.
552 3131 612 3198 Nec
623 3131 764 3196 satiabar
775 3132 838 3196 illis
851 3131 958 3197 diebus
970 3133 1132 3199 dulcedine
1140 3133 1279 3199 mirabili
1288 3135 1485 3200 considerare
1491 3133 1695 3200 altitudinem
1703 3154 1780 3200 con·

314 3216 377 3282 silii
393 3219 440 3284 tui
451 3238 549 3302 super
559 3221 691 3286 salutern
702 3221 825 3305 qeneris
839 3220 984 3285 humani.
1010 3222 1173 3302 Quantum
1185 3223 1256 3308 flevi
1268 3225 1303 3288 in
1315 3223 1443 3310 bqrunis
1458 3221 1490 3286 8:
1504 3223 1634 3288 conticis
1646 3224 1712 3288 tuis
1724 3223 1782 3289 lle.

312 3324 398 3370 voces
413 3307 485 3372 illae
500 3307 675 3394 influebant
687 3309 819 3374 auribus
833 3309 921 3388 moia
935 3308 966 3375 a·
977 3310 1174 3396 eliquabatur
1186 3313 1300 3377 veritus
1315 3325 1369 3378 tua
1382 3312 1417 3376 in
1428 3332 1481 3377 cor
1498 3332 1603 3378 nicam
1620 3309 1678 3378 uc.
1693 3313 1779 3378 Con·

313 3390 453 3472 ferenda,
477 3415 559 3477 quae
583 3396 682 3461 habet
703 3397 770 3462 hil.
788 3396 836 3460 10.
853 3399 990 3482 Consors.
1004 3419 1071 3483 cap.
1086 3399 1138 3462 33.
1155 3400 1321 3483 exquibus
1333 3423 1408 3464 mox
1420 3401 1529 3484 aliqua
1541 3400 1781 3468 exhibebimus.

311 3479 362 3544 Ex
375 3481 548 3568 Nicephoro
559 3484 624 3549 Lib.
639 3485 670 3550 9.
682 3505 707 3549 e.
722 3485 774 3548 24.
790 3488 813 3551 b
828 3485 1011 3566 Athanasio,
1025 3489 1047 3553 u
1061 3487 1167 3553 Pltotii
1178 3489 1327 3572 Hpitomd
1340 3490 1543 3574 Philostorqii
1554 3489 1619 3555 Lib.
1633 3491 1663 3554 3.
1677 3492 1708 3575 ξ.
1726 3491 1779 3554 13.

313 3568 462 3635 discimus
475 3571 590 3636 Arium
603 3573 733 3656 ejusque
745 3577 916 3639 sectatores
929 3580 1070 3640 mutasse
1083 3577 1114 3639 in
1132 3575 1499 3660 Hymnisecclcsiasticis
1508 3582 1669 3662 receptam
1678 3579 1782 3644 doxo-

312 3656 417 3742 logiae
441 3658 614 3725 formulam
634 3661 751 3746 (qloria
767 3664 855 3746 patr-i
875 3662 906 3729 li·
928 3665 1003 3750 filio,
1023 3662 1190 3750 &spiritui
1202 3667 1341 3751 sancto);
1361 3666 1631 3750 insuperatam
1644 3667 1782 3732 Cantica

312 3742 461 3828 (ἁσμάτικ
485 3749 626 3832 appellat
650 3749 845 3816 Athanasius
860 3752 897 3816 iu
920 3763 1006 3818 tract.
1019 3754 1057 3818 de
1068 3755 1195 3820 Decreta
1208 3755 1330 3841 Sqnodi
1342 3755 1508 3840 llicenae);
1526 3754 1623 3820 etiam
1634 3756 1782 3832 nautica,

311 3832 455 3934 molaria,
470 3836 615 3917 viatoria,
629 3839 753 3920 aliaque
765 3841 978 3922 composuisse
990 3845 1025 3906 ut
1039 3843 1079 3905 ad
1090 3865 1182 3907 suam
1193 3843 1394 3928 impietatem
1406 3843 1673 3932 homincsfurtim
1681 3867 1783 3929 rape·

309 3923 369 3984 ret.
393 3918 445 4021 Ore
471 3923 613 4008 loquitur
628 3927 763 3992 Plotius
779 3929 814 3992 in
825 3928 971 4012 epitome
985 3930 1144 3997 Historiae
1161 3933 1362 4018 Philostorqii
1377 3932 1429 3998 tit.
1447 3935 1477 3998 2.
1502 3933 1530 4017 ἓ.
1560 3935 1590 3998 2.
1614 3931 1681 3998 Ista
1699 3956 1784 4020 ergo

309 4028 471 4108 occasione
482 4013 667 4080 Ambrosius
679 4015 713 4079 in
726 4014 894 4080 Occidente
909 4017 1044 4100 hymnos
1056 4019 1246 4085 inEeclesiis
1253 4021 1465 4087 decantandos
1474 4021 1666 4105 composuit;
1675 4043 1783 4106 quem

308 4094 400 4159 balii
411 4119 450 4161 ex
461 4097 584 4167 Latinis
597 4104 698 4168 seculi
710 4107 795 4182 sunt,
807 4108 844 4168 ut
857 4104 1024 4186 Paulinus,
1037 4107 1192 4188 Hilurica,
1209 4109 1358 4194 Prosper,
1371 4111 1581 4190 Prudentius,
1599 4109 1781 4178 Vennonius

264 4272 270 4288 ι
306 4183 508 4284 Fortunatus,
521 4191 677 4271 Sedulias,
692 4191 818 4258 Paulas
830 4193 1003 4271 Diaconus,
1017 4197 1114 4275 Beda,
1134 4197 1364 4284 Tlteodalpltus,
1377 4199 1583 4284 Freculptus,
1592 4199 1716 4284 aliique
1727 4201 1783 4265 in·

307 4274 385 4334 oertr
397 4271 535 4374 Antores
548 4300 556 4352 ;
580 4300 715 4361 quorum
727 4282 869 4368 qunos
885 4283 1008 4366 aliquot
1024 4285 1210 4368 superstites
1223 4309 1295 4354 sum
1310 4289 1551 4354 Cotumnnatiio
1566 4288 1785 4356 elucidatorio

256 4367 261 4376 ’
306 4379 363 4421 stro
382 4359 594 4430 ecclesiastico
618 4367 751 4433 inseruit
769 4370 956 4437 Cliclttoueus
972 4394 1055 4436 anno
1071 4374 1165 4439 1517.
1190 4375 1336 4442 Basileae
1352 4377 1438 4462 apud
1450 4376 1645 4443 Frobenium
1656 4399 1785 4445 excuso

1746 4491 1787 4532 m
