3766 4866
176 247 177 252 ¹
287 251 351 316 296
676 245 835 312 Pammene
847 243 1099 312 Eoenasmsmma
1114 246 1193 310 Pras
1205 247 1232 312 l.
1257 247 1322 312 Ine.
1334 246 1377 313 II.

185 2743 326 2805 ’5.

288 441 311 504 b
330 435 573 503 elementariam
588 435 696 507 Kopion
711 433 901 516 ¹dogmatum
918 455 955 497 ex
968 431 1141 516 Scripturis
1155 434 1400 517 explicationem
1416 459 1452 499 ac
1460 433 1685 517 probationem
1699 457 1756 518 pro
1777 443 1780 448 “

288 525 478 602 rudioribus,
502 523 556 588 sed
575 521 599 586 ta
612 519 770 604 pleniores
783 543 821 585 ae
833 520 1021 586 eruditiores
1033 521 1282 601 dissertationes,
1296 521 1455 600 elenchos,
1467 525 1490 588 tr
1505 545 1621 588 risuum
1633 522 1757 606 praeti-

288 638 398 682 cornm
424 611 665 696 applicationes,
691 609 724 674 iu
748 607 938 692 quibusdem
963 609 1060 674 etiarn
1072 609 1190 676 indicia
1201 609 1353 676 historica
1366 611 1563 696 dogmatum,
1575 610 1757 688 haeresion,

288 725 459 770 consensus
480 723 551 765 eum
564 697 716 781 'antiquis
736 697 886 763 Conciliis
911 699 934 764 tt
965 697 1124 777 Patribus,
1148 698 1278 766 immo&
1291 699 1500 783 (necessitate
1511 697 1559 764 ita
1571 701 1755 783 postulante

289 793 354 858 sive
378 791 411 855 iu
435 788 578 854 materiis
605 786 795 871 dogmaticis
818 787 938 852 sivein
962 787 1122 871 practicis)
1149 809 1221 852 eum
1242 787 1471 854 recentioribus
1484 787 1756 866 Confessionibus,

289 881 487 966 Synodorum
501 875 645 952 decretis,
663 875 776 958 primis
788 874 980 940 Ductoribus
999 875 1193 944 reformatis.
1217 874 1306 942 Haec
1328 881 1460 961 propter
1479 876 1647 942 hominum
1671 877 1756 942 duri·

289 971 378 1048 tiene,
403 965 645 1050 obloquentium
658 963 946 1048 importunitatem,
959 964 1294 1032 &circumsisionem
1313 965 1566 1030 adversariorum
1579 966 1756 1030 contentio-

289 1081 373 1133 nem,
390 1055 524 1120 subinde
536 1053 607 1118 fieri
618 1073 746 1116 necesse
759 1056 823 1117 eat:
838 1057 874 1118 ut
890 1054 916 1117 si
929 1052 990 1136 ipsi
1011 1053 1245 1138 argumentis&
1258 1054 1469 1119 solutionibus
1481 1053 1658 1134 directis&
1676 1054 1756 1118 indi·

289 1147 386 1213 reetis
402 1150 470 1210 tum
485 1128 507 1201 l
527 1140 668 1201 ἀδυνάτου
679 1143 749 1204 tum
761 1141 828 1200 κατ’
841 1141 1009 1216 ἄνθρωπον,
1021 1141 1120 1221 idest,
1135 1142 1174 1206 ad
1187 1141 1360 1221 hominem,
1373 1165 1436 1208 non
1447 1146 1644 1220 moveantur,
1657 1142 1757 1208 nostri

289 1236 404 1301 saltem
425 1235 535 1298 eontra
548 1227 681 1292 insidias
696 1233 793 1312 atque
806 1227 944 1295 insultus
957 1253 1067 1296 eornm
1081 1230 1205 1295 abunde
1217 1231 1418 1296 instruantur
1430 1255 1467 1298 ac
1481 1233 1679 1296 muniantur.
1693 1230 1756 1296 lte·

289 1323 460 1410 petitiones
485 1315 641 1404 ejnsmodi
659 1317 854 1396 concionum,
871 1319 894 1383 a
907 1319 1092 1384 collationes
1105 1318 1315 1385 catecheticas
1327 1343 1398 1385 eum
1411 1320 1512 1406 gradu
1525 1321 1706 1398 emientiae,
1722 1319 1753 1384 in

289 1415 349 1478 bac
373 1409 462 1476 Urbe
491 1405 662 1472 admodum
686 1406 792 1483 utileS,
821 1405 918 1472 immo
939 1411 961 1474 tt
985 1407 1179 1474 necessarias
1192 1431 1260 1474 esse
1272 1431 1366 1474 nemo
1374 1408 1580 1488 inficiabitur,
1593 1407 1651 1492 qui
1663 1409 1755 1486 norit,

289 1506 367 1587 quot
392 1495 665 1564 Heterodoxorum
690 1494 858 1560 insidiis&
882 1497 1118 1562 seductionibus
1141 1519 1215 1562 oves
1241 1501 1368 1562 nostrae
1386 1501 1529 1582 pateant.
1555 1496 1673 1582 Utjam
1695 1520 1756 1562 non

289 1592 403 1665 dicam,
416 1608 488 1651 cum
501 1581 646 1668 profectu
666 1583 773 1667 aliquo
786 1586 805 1646 a
820 1583 950 1649 novitiis
965 1583 1123 1652 Studiosis
1135 1584 1317 1672 theologiae
1333 1584 1511 1665 destinatis,
1523 1586 1600 1671 quin
1615 1588 1638 1653 b
1651 1589 1671 1650 a
1686 1586 1756 1650 tbe·

290 1678 415 1764 ologiae
439 1671 596 1740 Studiosis
622 1674 644 1738 b
668 1672 839 1736 ministerii
858 1671 1042 1738 Candidatis
1070 1674 1151 1739 tales
1182 1674 1368 1740 collationes
1389 1675 1502 1740 audiri.
1526 1675 1757 1758 Praeterquam
1862 1679 1863 1760 s

291 1767 375 1853 quod
394 1787 430 1829 ex
447 1763 504 1827 illo
528 1760 744 1826 exercentium
769 1760 903 1845 collegio
916 1762 995 1826 alios
1009 1762 1040 1826 iu
1055 1762 1144 1827 verbi
1156 1761 1382 1842 Praelectores,
1394 1763 1647 1849 Ludimagistros
1664 1765 1756 1830 Cate-
1862 1773 1863 1840 l

291 1857 421 1931 obistaS,
441 1853 647 1936 aegrotorum
672 1849 893 1913 Cernsolatores
914 1850 1109 1934 promoveri;
1136 1849 1432 1932 aliosinSeniores,
1445 1851 1639 1919 &Diaconos
1663 1852 1757 1936 hujus
1862 1841 1863 1896 3

292 1947 492 2025 aliarumque
504 1937 721 2004 Ecclesiarum
735 1937 810 2022 eligi
823 1961 830 2014 ;
843 1938 923 2002 alios
936 1963 991 2003 seu
1009 1942 1096 2004 metu
1112 1940 1250 2024 proprio,
1266 1940 1333 2004 sive
1349 1964 1443 2006 suasu
1464 1963 1585 2019 eorum,
1607 1941 1664 2026 qui
1677 1942 1757 2006 dona
1862 1983 1863 1992 κ

293 2034 352 2098 Dei
377 2055 415 2096 ex
441 2028 504 2093 illis
521 2026 681 2093 exercitiis
698 2029 863 2109 perspecta
875 2026 1003 2106 habent,
1016 2027 1161 2112 quamvis
1174 2029 1285 2103 serius,
1299 2030 1339 2094 ad
1350 2030 1456 2095 studia
1467 2053 1501 2095 se
1513 2029 1666 2108 conferre,
1679 2053 1756 2114 quo·

292 2145 363 2187 rum
388 2141 482 2184 cursu
502 2115 532 2180 in
547 2113 694 2203 Linguis,
709 2113 853 2192 Artibus,
867 2117 890 2181 e
903 2114 1081 2202 Theologirt
1093 2116 1229 2181 feliciter
1242 2122 1380 2201 peracto,
1394 2119 1433 2182 ad
1448 2119 1537 2182 verbi
1549 2118 1760 2184 ministerium

293 2209 400 2276 vocari
428 2205 605 2287 contingat.
630 2202 743 2268 Simile
767 2202 843 2288 quid
859 2203 893 2268 in
916 2203 1030 2289 Belgio
1042 2207 1065 2272 tt
1077 2205 1156 2270 alibi
1172 2205 1345 2270 intendisse
1362 2207 1508 2271 ridentur
1524 2207 1689 2272 reformati
1706 2229 1760 2270 rur·

294 2299 352 2364 atri
381 2294 656 2370 Praedecessores,
681 2290 838 2354 institutis
870 2292 1071 2359 exercitiis&
1094 2293 1237 2378 collegiis
1261 2293 1762 2380 ProphetantiumbProponen-

294 2387 397 2452 tium:
418 2384 455 2448 de
480 2379 598 2466 quibus
615 2381 691 2465 Cup.
705 2381 852 2466 sequenti.
878 2379 1008 2445 Nullius
1021 2382 1130 2446 oculus
1143 2383 1237 2446 debet
1251 2406 1318 2448 esse
1336 2384 1449 2461 malae,
1463 2384 1490 2448 si
1505 2383 1567 2448 Dei
1585 2387 1684 2448 bonus
1704 2389 1760 2448 est.

295 2471 447 2551 eramvis
470 2489 580 2534 omncs
608 2493 671 2537 non
697 2468 763 2531 sint
789 2469 890 2532 futuri
914 2468 1167 2548 concionatores,
1187 2494 1245 2536 nee
1257 2471 1289 2535 id
1301 2471 1495 2536 intenderint
1511 2470 1653 2537 Ministri
1669 2472 1761 2556 hujus

295 2560 467 2635 Ecclesiae,
492 2556 547 2644 qni
571 2557 670 2640 prirui
693 2556 772 2620 illud
800 2557 970 2642 collegium
987 2559 1202 2624 exercentium
1219 2564 1290 2642 prist
1306 2583 1425 2624 annrrm
1443 2562 1539 2624 1619.
1564 2561 1760 2636 inchoarunt,

296 2654 319 2718 b
345 2649 399 2803 qui
413 2647 589 2712 etiamnum
601 2643 687 2712 idern
700 2646 900 2710 continuant:
922 2651 986 2711 stat
997 2659 1105 2711 tamen
1118 2648 1196 2732 ipsis
1212 2649 1331 2712 testare
1348 2649 1441 2714 debet
1453 2649 1533 2714 illud
1549 2652 1564 2713 l
1584 2651 1654 2715 cor.
1671 2650 1719 2712 14.
1732 2671 1759 2711 a.

374 2739 445 2803 elius
470 2739 576 2802 uectem
599 2751 707 2801 ornaes
729 2755 783 2798 cos
804 2735 891 2820 loqui
910 2736 1037 2820 lipparis,
1052 2738 1152 2822 irrepis
1165 2749 1311 2802 terraenae
1322 2739 1520 2821 prophetetis.
1542 2739 1619 2804 &ut
1630 2737 1758 2822 quilibet
1862 2769 1863 2774 κ

296 2828 405 2894 fideles
430 2825 495 2890 sint
513 2824 668 2890 Doctores
691 2823 784 2888 Iletr.
813 2825 842 2886 5.
860 2825 949 2888 ult.
974 2825 997 2888 a
1021 2837 1104 2890 terro
1118 2827 1213 2910 pteae
1229 2827 1269 2892 aie
1289 2825 1759 2911 seiendaleboeuerelutioquia
1862 2875 1863 2908 ,

296 2920 420 2983 ulcerea
433 2914 533 2979 erroris
549 2911 754 3000 elangentibus
766 2911 832 2976 Jcs.
848 2913 899 2976 ll.
914 2935 942 2977 v.
960 2913 990 2976 9.
1004 2913 1047 2976 Et
1059 2936 1098 2978 ne
1110 2914 1243 2978 tollatur
1255 2914 1353 2980 clavis
1370 2915 1570 3000 cognitionis.
1585 2918 1660 2982 eoa
1671 2919 1718 2980 ll.
1732 2935 1755 2977 r.

299 3009 350 3069 52.
377 3003 536 3068 Audiatur
564 3022 750 3088 responsum
767 2999 866 3066 Mosis
885 2999 1019 3066 Numer.
1036 3002 1085 3066 ll.
1100 3025 1129 3066 v.
1147 3002 1199 3066 29.
1214 3004 1260 3068 Aa
1282 3004 1401 3069 invides
1414 3016 1448 3069 lu
1461 3025 1529 3069 aretae
1541 3007 1662 3070 mino?
1676 3003 1757 3089 olqre'
1861 2999 1863 3060 ἶ

218 3128 220 3132 ·
297 3096 423 3159 eliaam
447 3097 530 3156 tolles
553 3091 691 3176 populus
713 3090 842 3154 Jelrorue
866 3091 1147 3174 essentpropbeloe
1159 3092 1283 3158 iaciente
1293 3092 1407 3158 letoio
1422 3093 1573 3177 spiritura
1584 3116 1681 3162 suurn
1692 3093 1754 3158 illis.
1862 3097 1863 3144 1

298 3181 449 3264 Excipiet
472 3179 554 3242 forte
580 3180 660 3261 quis,
674 3177 816 3242 onmium
828 3177 968 3263 ingenia,
988 3179 1179 3259 vocationes
1193 3203 1242 3245 res
1255 3175 1431 3246 familiares
1443 3204 1506 3246 non
1519 3181 1614 3261 ferre,
1627 3187 1663 3246 ut
1676 3179 1756 3246 lecti-

298 3294 358 3335 one
376 3268 528 3336 Thesauri
541 3267 717 3352 [pagtbss]
730 3267 896 3332 eeleelutici
908 3268 988 3332 Festi
999 3269 1141 3335 Hounuii
1152 3272 1175 3335 te
1187 3269 1356 3334 collatione
1367 3273 1514 3334 textuum
1522 3270 1590 3336 illic
1598 3271 1757 3336 citatorum
1862 3263 1863 3266 '

300 3383 333 3425 se
350 3359 388 3424 ad
403 3354 588 3422 exercitium
600 3357 661 3422 hoc
673 3360 872 3440 praeparent.
897 3353 950 3420 Sic
962 3360 1021 3430 est,
1033 3358 1056 3422 b
1068 3356 1127 3422 hoe
1143 3357 1242 3441 probe
1257 3363 1373 3422 norant
1384 3356 1526 3424 Ministri
1543 3358 1640 3444 hujus
1656 3359 1758 3424 Eccle-

300 3450 376 3524 siae,
402 3447 455 3532 qui
479 3444 540 3510 hoc
555 3443 828 3510 Catechieantinm
841 3443 1026 3509 exercitium
1039 3449 1112 3510 ante
1125 3450 1263 3511 erectam
1277 3445 1482 3512 Academiam
1493 3448 1547 3512 hio
1558 3447 1759 3514 instituerunt
1862 3469 1863 3534 ,

301 3535 557 3609 &excoluerunt3
574 3555 632 3599 uec
651 3536 723 3618 post
736 3536 873 3596 erectam
885 3532 1091 3598 Academiam
1104 3535 1302 3600 dimiserunt.
1326 3535 1400 3600 Ideo
1417 3536 1595 3619 promiscue
1608 3535 1759 3622 quoslibet
1862 3549 1863 3556 ³

300 3628 339 3691 ad
356 3624 436 3688 illud
451 3645 514 3686 nou
530 3621 707 3688 invitarunt
718 3625 774 3686 ant
786 3621 996 3699 admiseruut;
1020 3623 1075 3686 sed
1086 3627 1212 3688 tantum
1226 3623 1363 3689 delectos
1377 3625 1529 3710 quosdam
1545 3625 1759 3690 adolescentes
1862 3699 1863 3704 γ

301 3716 325 3782 tr
350 3711 371 3778 J
374 3732 507 3776 avenes:
532 3732 668 3796 quorum
687 3709 817 3795 ingenia
833 3713 856 3776 tr
872 3710 1012 3775 rationes
1024 3709 1084 3776 hoc
1095 3712 1178 3777 ferre
1195 3735 1285 3796 posse
1298 3713 1465 3798 putabant,
1482 3718 1518 3778 ut
1525 3713 1696 3779 sectionem
1712 3735 1759 3776 ca·
1862 3719 1863 3758 ³

301 3801 490 3868 techetieam
515 3802 660 3864 accurate
684 3799 913 3882 imprimerent,
940 3799 1072 3864 eandem
1092 3823 1148 3884 per
1171 3805 1278 3886 partes
1310 3801 1445 3868 divisam
1468 3800 1654 3886 Scripturas
1674 3799 1758 3866 dictis

304 3891 401 3957 etiam
428 3887 614 3953 memoriter
633 3886 848 3972 pronuntiatis
875 3887 1047 3968 munirent,
1069 3890 1108 3953 ad
1125 3889 1327 3976 quaestiones
1351 3889 1758 3974 &objectionesiallinistro

303 3977 480 4064 propositas
505 3977 742 4062 responderent,
763 3976 786 4040 a
810 3976 871 4060 ip'si
894 3975 1033 4041 vicissim
1058 3978 1298 4064 quaestionibus
1313 3979 1336 4044 tr
1352 3978 1583 4063 objectionibus
1596 3977 1757 4064 propositis

301 4064 462 4132 ulterioris
474 4064 698 4130 illustrationis
713 4064 909 4129 occasionem
920 4065 1110 4149 praeberent
1125 4089 1161 4132 ac
1173 4069 1371 4153 quaererent.
1397 4066 1479 4144 Quid
1501 4068 1529 4132 si
1540 4075 1649 4134 antem
1660 4068 1692 4131 iu
1702 4067 1755 4130 hac

303 4155 391 4222 Urbe
404 4153 478 4232 siut,
492 4154 539 4218 uti
548 4157 622 4220 sunt
635 4176 696 4218 non
710 4151 801 4237 pauci
817 4153 838 4218 J
841 4175 957 4218 avenes
969 4157 1039 4218 tum
1051 4155 1172 4220 literati
1184 4159 1253 4220 tum
1266 4156 1420 4235 illiterati,
1444 4155 1526 4221 nulli
1537 4156 1584 4242 rei
1597 4154 1754 4221 familiaris

303 4265 397 4311 curae
417 4240 555 4320 obnoxii,
580 4242 696 4326 quibus
720 4240 807 4306 Deus
822 4240 902 4306 haee
913 4241 979 4306 otia
991 4243 1076 4322 lecit,
1090 4247 1126 4308 ut
1138 4245 1176 4308 de
1187 4265 1270 4328 pane
1286 4267 1342 4329 per
1354 4244 1483 4309 diurnas
1490 4267 1604 4328 operas
1618 4242 1754 4309 lucrando

303 4354 366 4399 nou
389 4351 515 4396 necesse
539 4331 581 4396 sit
604 4353 656 4395 eos
672 4329 833 4416 cogitare:
852 4353 892 4394 an
905 4330 994 4395 nefas
1011 4336 1105 4413 esset,
1117 4333 1198 4398 tales
1211 4333 1250 4396 ad
1263 4333 1316 4417 pia
1329 4333 1482 4418 ejusmodi
1492 4333 1643 4400 exercitia
1654 4335 1754 4417 sponte

1598 4421 1752 4498 confluere,
