3736 4860
307 279 420 346 Tutor.
433 281 475 346 ΙΙ.
499 251 587 345 Saea.
600 251 661 346 111.
687 281 735 346 Du
750 283 1031 348 Aommsranrroau
1042 251 1202 350 Burrrsrn.
1224 283 1295 350 Otr.
1309 283 1367 350 Ν.
1509 286 1569 349 181

94 463 130 530 in
149 466 265 530 eadem
281 465 444 530 educatur.
468 465 559 542 Quod
576 467 637 531 rite
658 468 854 552 promittere,
867 472 924 532 aut
935 469 1049 552 exequi
1061 492 1125 533 non
1136 472 1252 552 potest,
1265 469 1327 535 nisi
1344 469 1497 534 Parentes
1510 467 1568 534 In·

94 555 202 620 fantis
215 555 358 620 volentes
370 555 404 619 in
416 554 584 638 Baptismo
597 561 653 624 aut
669 560 742 628 autc
755 556 957 640 Baptismum
969 558 1202 622 communicent
1213 556 1457 642 Susceptoribus
1469 561 1525 622 aut
1536 558 1569 622 in

94 667 153 706 eos
178 643 377 708 transferant
399 645 498 708 talem
522 648 723 728 potestatem,
744 647 837 729 juxta
852 646 995 710 ordinem
1011 645 1172 718 Ecclesiae
1184 645 1411 712 Bohcmicae&
1428 643 1569 711 Gallicae

1 775 2 824 ,
93 755 199 816 snpra
212 733 402 806 indicatura
415 734 438 798 ta
451 733 578 816 quidem
594 735 791 818 approbante
803 757 867 799 non
880 738 1006 800 tantum
1017 735 1171 812 Ecclesia,
1183 736 1238 800 sed
1250 738 1272 802 s
1285 735 1397 818 politia
1407 734 1506 800 talem
1518 758 1566 799 or·

1 841 2 848 ¹
92 821 220 899 dinem,
235 826 292 886 aut
302 821 417 886 saltem
430 821 570 905 ejusdem
582 823 701 887 ordinis
714 823 875 908 publicam
888 823 1139 906 permissionem.
1152 823 1203 888 Ex
1211 821 1402 890 Lutheranis
1410 823 1478 888 tot.
1490 825 1566 889 Ger-

1 949 2 971 t
93 911 227 976 hardas
247 911 281 975 in
300 913 368 976 Lor.
391 913 510 976 Cornan.
528 913 551 978 ds
567 933 638 976 oum
651 935 687 976 eo
700 911 901 978 Pruclrnerus
914 911 1042 988 Quaest.
1058 913 1110 978 55.
1124 912 1266 978 coneedit
1277 913 1485 978 heterodoxos
1498 934 1566 978 esse

1 975 2 1004 ¹
92 999 327 1080 admittendos,
349 1001 377 1064 si
395 998 551 1066 sanabiles
570 1001 644 1077 siat,
663 1001 694 1066 d·
706 1002 741 1066 in
753 1002 791 1066 iis
803 1022 872 1084 spes
884 1002 1093 1086 conversionis
1104 1004 1272 1088 assatpeat;
1286 1013 1438 1068 nonsant
1450 1002 1567 1067 admit-

91 1089 195 1166 tendi,
221 1091 249 1154 si
271 1089 440 1154 obstinaces
460 1089 544 1174 (lege
558 1090 744 1174 pertinaces)
764 1092 837 1169 sint,
854 1091 1075 1156 mceeehsiane
1086 1089 1451 1157 Matonenternaadiaat
1464 1089 1566 1154 Math.

1 1187 2 1222 l
95 1178 150 1242 18.
164 1199 197 1242 v.
214 1177 265 1243 17.
282 1175 367 1242 Side
383 1177 569 1242 Parentibus
582 1201 655 1243 suos
668 1179 708 1242 ad
720 1179 922 1262 Baptismnm
930 1178 1136 1243 offerentibus
1147 1178 1207 1243 hoc
1215 1179 1349 1257 dicatur,
1359 1179 1475 1263 quibus
1486 1177 1507 1243 J
1509 1202 1565 1244 ure

90 1265 207 1330 divino
228 1267 251 1332 dr
271 1266 410 1331 naturali
430 1266 602 1332 infantium
618 1290 693 1331 eura
705 1271 728 1334 h
740 1268 884 1333 educatio
900 1269 1063 1352 competit,
1077 1267 1241 1332 assentior.
1266 1265 1330 1332 Sed
1341 1269 1379 1333 de
1395 1265 1566 1351 Suscepto·

1 1371 2 1384 ¹
90 1355 190 1418 ribus
207 1378 271 1419 non
283 1355 329 1419 ita
341 1355 513 1430 assentior;
526 1356 588 1420 nisi
601 1355 683 1421 forte
695 1357 760 1421 sint
775 1355 875 1434 Avus,
889 1356 1037 1435 PatruuS,
1051 1355 1247 1434 Avunculus,
1261 1356 1316 1439 qui
1329 1355 1520 1421 Parentibus
1532 1355 1565 1420 in

1 1443 2 1520 Τ
88 1443 156 1507 hac
179 1445 374 1509 succedanea
385 1447 460 1508 curis
473 1449 578 1508 essent
590 1443 737 1529 proximi.
761 1438 941 1529 Nam'quao
953 1445 1035 1510 ratio
1048 1446 1170 1523 suadet,
1184 1449 1220 1510 ut
1235 1443 1387 1510 Parentes
1400 1449 1565 1510 assumant

1 1573 2 1592 r
89 1555 160 1606 cos,
176 1531 235 1616 qui
247 1533 309 1617 ipsi
321 1533 354 1597 in
367 1531 418 1597 viat
430 1533 551 1600 autvix
564 1534 596 1598 in
610 1534 662 1598 via
675 1537 759 1612 sunt,
772 1534 869 1617 &ipsi
881 1533 1082 1599 institutione
1094 1533 1127 1597 in
1140 1533 1201 1598 fide
1216 1532 1391 1620 orthodoxi
1402 1532 1565 1618 indigent;

1 1635 2 1648 ¹
89 1625 113 1687 dt
127 1622 173 1684 de
186 1643 323 1704 quorum
336 1622 541 1687 orthodoxiae
554 1623 751 1706 susceptione
768 1622 849 1687 nihil
866 1623 945 1688 certi
956 1623 1018 1688 sibi
1029 1622 1179 1706 pollicere
1192 1626 1334 1705 possunt.

137 1711 173 1773 3.
202 1717 324 1782 Quaest.
350 1711 435 1794 Quiri
452 1713 481 1776 si
497 1713 648 1777 Haeretici
667 1711 849 1796 blasphemi,
865 1713 985 1778 rtotorie
996 1713 1097 1795 impii,
1110 1710 1161 1776 hc.
1177 1711 1343 1794 stipant-ar,
1357 1731 1402 1775 aa
1417 1709 1566 1776 Eecham

88 1799 265 1864 admittere
284 1801 425 1866 tenetur?
447 1802 538 1884 Hesp.
557 1803 629 1884 Nep.
651 1803 773 1867 &recte
785 1801 845 1866 hoc
856 1804 976 1886 negant
987 1801 1180 1877 Baldainas,
1193 1802 1229 1864 ia
1243 1799 1381 1874 Casibus,
1396 1821 1433 1863 ac
1444 1821 1517 1863 cum
1529 1821 1566 1863 eo

88 1887 306 1954 Priscianus
331 1891 454 1971 Quaest.
479 1891 529 1953 56.
556 1889 617 1964 Qui
633 1889 716 1954 idern
730 1892 854 1973 Qtruest.
869 1890 921 1954 52.
935 1912 1006 1954 cum
1024 1889 1138 1955 (lensii.
1153 1889 1316 1974 tlaeolopieo
1329 1888 1414 1972 apud
1425 1887 1565 1954 Dedete-

89 1999 178 2044 nam
195 1980 254 2043 ool.
271 1980 299 2042 1.
310 1991 394 2062 part.
409 1980 438 2042 2.
451 1999 523 2064 pap.
540 1981 613 2042 119.
634 1977 715 2044 hanc
735 1979 893 2044 cautelam
913 1979 1069 2064 suggerit,
1082 1980 1119 2044 ut
1130 1997 1245 2060 parens
1258 1980 1405 2042 teneatur
1417 1980 1491 2040 ante
1504 1979 1565 2041 Ba-

91 2066 262 2150 ptismum
277 2065 483 2151 Susceptores
503 2067 627 2132 Pastori
647 2067 795 2148 indicare,
812 2071 908 2152 atque
925 2068 971 2132 ita
994 2067 1097 2132 omnis
1118 2063 1227 2144 ἀταξία
1241 2065 1474 2150 praeveniatur.
1499 2063 1564 2130 Ra-

90 2155 204 2220 tiones
221 2154 312 2219 nobis
332 2155 397 2220 sint
417 2157 507 2221 istae.
530 2157 559 2222 1.
575 2158 651 2242 qaia
669 2157 751 2220 tales
770 2179 901 2221 munere
910 2157 981 2240 jam¹
990 2156 1147 2240 explicato
1159 2155 1220 2219 rite
1232 2155 1326 2240 fungi
1339 2177 1402 2218 non
1415 2158 1564 2237 possunt;

89 2265 152 2308 nec
180 2243 335 2309 Parentes
358 2245 398 2332 iis
421 2246 485 2310 tale
501 2245 710 2310 committere.
735 2246 764 2312 2.
781 2247 857 2332 qaia
872 2244 1016 2310 Ecclesia
1027 2243 1283 2328 profanationem
1296 2242 1454 2327 Baptismi
1471 2241 1564 2306 aPa-

91 2333 247 2397 rentibus
271 2335 351 2400 tales
375 2333 581 2419 susceptores
603 2335 830 2400 adducentibus
847 2334 1058 2412 commissam,
1071 2334 1207 2418 probare
1220 2333 1394 2398 videretur:
1408 2331 1564 2415 siquidem

90 2445 149 2486 eos
166 2443 226 2486 nos
239 2429 370 2488 arceret.

140 2513 176 2574 4.
203 2512 330 2592 Quaest.
349 2512 599 2594 Qaidsitarnen,
611 2512 827 2578 nonobstante
844 2512 1090 2596 praemonitione
1103 2511 1257 2589 Pastoris,
1269 2523 1325 2576 ant
1336 2509 1483 2597 Synedrii
1499 2509 1566 2576 Pa·

92 2621 175 2665 rrus
188 2602 265 2666 tates
279 2601 454 2678 addraeret,
471 2612 526 2666 aut
539 2602 600 2685 ipsi
615 2602 676 2686 ipsi
687 2623 719 2665 se
736 2599 874 2669 ἀτάκτως
886 2602 1069 2686 inperarent,
1081 2613 1136 2667 aut
1147 2600 1249 2686 ripido
1262 2599 1465 2684 Magistratus
1470 2600 1576 2682 jassa

90 2691 291 2774 pertinacem.
314 2690 520 2768 Haereticam,
544 2702 599 2755 aut
619 2689 1072 2774 eatrerneirapiurnadrnittere
1084 2701 1250 2776 caperetur.
1275 2689 1365 2772 Hesp.
1379 2687 1470 2772 [pag.
1485 2685 1564 2774 708]

90 2778 235 2842 tertium
247 2801 355 2842 casum
367 2779 516 2863 proponit
528 2780 731 2845 Prrretnerus
745 2781 868 2861 Quaest.
884 2780 936 2843 59.
949 2782 1054 2845 &eum
1066 2779 1136 2845 tot.
1150 2777 1312 2845 Gertardo
1325 2777 1360 2842 ia
1372 2777 1441 2842 Lac.
1453 2797 1564 2840 eoram.

91 2868 116 2932 d
139 2865 277 2952 Konigh
291 2867 324 2931 iu
344 2867 450 2934 Casib.
471 2867 673 2933 catecheticis
688 2869 873 2949 respondet:
886 2867 1091 2952 rejiciendum
1104 2889 1182 2944 esse,
1192 2867 1219 2931 si
1231 2867 1309 2931 eitra
1320 2865 1471 2931 Ecclesiae
1479 2864 1565 2948 peri·

96 2957 231 3034 ,aeirem
250 2957 320 3044 fieri
338 2969 442 3042 queat:
461 2956 510 3020 sin
529 2955 645 3032 minus,
666 2957 825 3036 admittat,
843 2957 897 3021 sed
916 2958 1039 3022 scanni
1057 2977 1129 3022 arra
1139 2955 1369 3045 protestatione,
1383 2975 1464 3038 quae
1481 2952 1566 3018 tollit

96 3045 318 3123 ,scandalum
332 3044 509 3112 &Ministri
521 3045 730 3110 eonscientiae
743 3044 910 3110 satisfacit.
931 3043 1038 3111 Satius
1051 3044 1136 3108 enim
1149 3047 1198 3108 est
1209 3043 1370 3109 interdum
1382 3044 1417 3107 ia
1428 3063 1462 3106 re
1474 3041 1565 3107 odia·

96 3134 225 3218 ,pharii
248 3133 454 3220 Magistratui
478 3133 597 3212 cedere,
623 3155 719 3216 quam
742 3133 919 3200 Ecclesiam
941 3135 975 3198 in
996 3131 1379 3210 discrimenconstituere,
1396 3129 1451 3194 ubi
1465 3131 1564 3215 ipsius

97 3221 330 3300 ,orthodoxiae
339 3225 466 3306 jactura
476 3223 646 3287 metuenda
659 3223 711 3300 sit,
724 3222 747 3287 dt
760 3220 892 3288 Pastore
904 3223 1079 3288 orthodoxo
1091 3223 1209 3305 reiecto
1221 3220 1431 3285 heterodoxus
1440 3218 1564 3284 substi-

97 3315 245 3388 ,tuatun
271 3311 354 3386 Quid
374 3312 402 3377 si
415 3311 631 3397 distinguatur
642 3310 727 3375 inter
738 3311 915 3376 haereticos
928 3316 1000 3377 vere
1017 3311 1061 3376 sic
1073 3311 1183 3388 dictos,
1196 3309 1307 3394 quales
1320 3307 1460 3385 Arriani,
1473 3306 1563 3371 Pho-

91 3400 227 3478 tiniani,
241 3400 368 3484 illisque
381 3401 511 3476 affinem
536 3403 559 3466 tt
570 3400 654 3464 inte1
667 3423 719 3465 eos
731 3401 786 3482 qni
798 3401 869 3466 toa.
885 3401 1058 3480 Gerhardo,
1071 3400 1206 3484 aliisque
1218 3395 1410 3469 Eutheranis
1426 3395 1564 3462 Theolo-

1 3553 2 3558 ,
91 3489 150 3574 gis
163 3489 247 3554 tales
261 3489 419 3563 dicuntur,
432 3511 542 3554 revera
554 3492 662 3554 tamen
675 3511 739 3553 non
752 3492 835 3566 sunt,
849 3513 875 3554 e.
888 3511 937 3575 gr.
951 3489 1140 3567 Reformati,
1153 3510 1231 3572 quos
1241 3485 1431 3558 Oalvinistas
1441 3488 1564 3550 vocant.

91 3577 148 3643 De
158 3578 325 3663 prioritas
341 3578 466 3643 videtur
479 3577 705 3661 ampliandum,
719 3578 893 3661 &penitius
906 3579 1177 3657 considerandum,
1191 3599 1231 3641 an
1245 3599 1308 3640 non
1320 3575 1427 3660 aliquo
1443 3574 1477 3638 in
1490 3595 1565 3638 casu

93 3672 229 3750 praeter
245 3667 517 3751 protastationen,
530 3670 653 3731 exserte
669 3667 835 3731 dicendum
849 3671 867 3731 a
879 3666 1038 3742 Ministro
1055 3690 1088 3731 se
1101 3670 1230 3750 accepta
1242 3664 1309 3730 solis
1320 3663 1490 3748 sponsione
1503 3661 1565 3726 Pa-

91 3761 230 3821 rentum
253 3755 512 3834 orthodoxorum,
537 3757 559 3821 dt
584 3759 704 3820 resecta
727 3756 896 3838 sponsione
918 3755 1151 3824 haereticorum
1170 3759 1226 3820 aut
1239 3755 1379 3818 extreme
1395 3751 1566 3836 impiorum

90 3867 291 3930 sponsomm
311 3866 586 3930 non-sponsorum,
603 3843 719 3909 infanti
735 3843 938 3927 Baptismum
950 3845 1103 3910 conferre.
1127 3847 1175 3910 De
1187 3840 1421 3928 posterioribus,
1438 3839 1566 3904 omniuo

92 3934 203 4000 nostri
224 3931 403 3999 Reformati
423 3956 486 4010 eos,
500 3955 626 3998 securos
639 3955 707 3998 esse
723 3935 921 4016 &praestare
934 3933 1099 3998 deberent:
1114 3955 1172 3997 nec
1182 3932 1243 3997 hoc
1255 3931 1349 4008 ferre,
1363 3930 1478 3994 nedum
1491 3951 1565 4013 pro·

91 4045 224 4100 curare,
248 4027 286 4087 ul
308 4021 451 4088 Ecclesia
471 4021 653 4087 Lutherans
664 4017 779 4100 invita,
787 4021 902 4088 Pastor
915 4025 934 4086 a
945 4021 1138 4107 Magistratu
1152 4026 1285 4106 cogatur
1297 4018 1498 4102 Baptismum
1511 4017 1566 4082 ad·

91 4112 284 4178 ministrare
308 4111 367 4176 sub
390 4111 558 4194 sponsione
582 4133 701 4188 eorum,
721 4133 804 4194 ¹qnos
817 4111 872 4175 ille
881 4107 1003 4194 judicat
1015 4109 1217 4184 Haereticos3
1231 4131 1328 4193 quam
1343 4112 1451 4172 tamen
1465 4127 1565 4190 spon-

91 4203 225 4268 sionem
247 4200 400 4265 Parentes
423 4199 561 4265 Infantis
586 4198 815 4283 aSusceptore,
827 4199 984 4283 praestari
996 4198 1108 4274 nolint,
1127 4201 1149 4265 dt
1163 4198 1230 4282 ipse
1242 4197 1413 4281 Susceptor
1430 4196 1520 4272 sciat,
1533 4218 1566 4260 se

1 4320 2 4323 ¹
91 4311 164 4355 non
186 4289 427 4374 praestiturum.
451 4289 635 4354 Praestaret
652 4293 755 4352 totum
770 4289 850 4364 illud
863 4287 1088 4372 Susceptorum
1100 4309 1216 4352 munus
1229 4287 1289 4351 hoc
1305 4285 1338 4350 in
1354 4308 1429 4351 casu
1441 4283 1565 4359 omitti,

91 4383 158 4448 aut
173 4378 269 4448 alteri
281 4376 406 4447 Pastori
421 4377 615 4457 Lutherano,
636 4377 663 4441 si
684 4377 755 4466 quis
767 4377 850 4446 forte
868 4375 901 4446 in
921 4377 1114 4446 conscientia
1135 4397 1200 4443 non
1211 4373 1566 4526 gravareturreforpra-

1513 4481 1568 4526 um
