3752 4858
325 323 390 390 212
715 319 876 391 Ponmcsa
887 317 1136 388 Eccnransrrcrr
1148 317 1230 386 Pras
1240 319 1267 384 1.
1290 317 1359 384 Ias.
1369 315 1415 384 ll.

323 520 462 576 summat
477 519 721 585 souanwntum,
737 506 893 592 0000101000
905 527 964 592 per
974 506 1100 573 diuinas
1112 505 1144 573 o
1154 525 1261 572 sacras
1272 523 1385 590 preces,
1401 503 1620 590 dominicaque
1630 501 1731 568 uerba.
1741 501 1784 568 Er

326 597 502 663 Pontificiis
514 595 695 662 Stanislaus
708 595 892 661 Socolovius
904 596 939 660 in
951 594 1222 661 Annotationibus
1235 593 1276 658 ad
1287 615 1355 677 cap.
1369 592 1423 660 eit.
1433 613 1441 656 ε
1453 591 1788 678 arbitranturpluiquc

324 687 437 772 (immo
450 707 570 764 omnes,
583 685 638 769 qui
648 686 688 749 ad
696 685 875 750 Ecclesiam
883 681 1063 749 Romanam
1071 705 1135 749 non
1143 682 1373 759 transiverunt)
1381 703 1419 746 cu
1428 682 1564 760 Gracus,
1573 682 1787 746 0000011οΜ-

323 777 370 840 bis
382 775 515 840 Domini
526 775 699 854 pretiosum
713 795 827 858 eorpus
835 773 866 840 a·
874 774 1064 860 sanquinem
1076 773 1153 839 lesu
1167 771 1282 839 Cbristi
1289 771 1408 857 confici
1421 771 1474 836 sed
1485 772 1557 837 aliis
1566 771 1640 836 item
1647 772 1740 836 sanis
1751 769 1787 834 ad

324 865 432 930 Deum
442 863 596 949 precibus,
607 865 787 948 pretiorum
799 863 984 942 actionibus,
990 861 1242 948 iubilationibus,
1254 860 1510 945 confessionibus,
1521 859 1786 945 postulationibus.

976 1045 1154 1113 Ornlss.

629 1234 677 1302 Dr
690 1233 841 1302 Petronis
852 1231 1119 1310 distribuentibus,
1135 1230 1498 1298 &annuntiaturae

369 1371 533 1440 Hactenus
547 1375 585 1438 de
601 1372 755 1458 symbolis
771 1394 827 1435 seu
841 1371 1018 1450 elementis,
1032 1391 1205 1454 eorumque
1219 1369 1471 1436 consecratione:
1483 1391 1568 1435 nunc
1580 1369 1743 1435 dicendum
1753 1371 1786 1434 de

325 1462 586 1547 Personis3quae
597 1463 649 1526 vel
661 1460 898 1538 distribuentes,
912 1460 963 1523 vel
974 1459 1255 1524 communicantes.
1461 1511 1463 1516 .

369 1550 606 1617 Distribueutes
622 1554 697 1615 sunt
708 1548 768 1614 soli
782 1547 924 1612 Ministri
940 1547 1119 1631 euarrgelii:
1137 1548 1186 1612 uti
1201 1547 1365 1633 colligitur
1389 1571 1427 1613 ex
1443 1548 1719 1614 administratione
1730 1547 1786 1612 Ra·

326 1640 447 1726 ptismi‚
463 1641 502 1705 da
518 1662 581 1724 quo
597 1661 693 1724 supra
705 1639 778 1704 Sect.
792 1637 820 1722 ξ.
834 1659 873 1701 ex
887 1637 995 1702 Mottb.
1014 1637 1066 1700 28.
1083 1657 1112 1702 0.
1127 1637 1179 1701 19.
1193 1635 1252 1702 (lui
1264 1637 1349 1701 enim
1361 1637 1565 1702 commissum
1579 1659 1695 1702 munus
1706 1659 1787 1721 prae·

326 1729 451 1794 dicandi
472 1727 687 1813 euangelium,
712 1726 814 1792 eidem
826 1725 994 1790 commissa
1006 1725 1241 1790 administratio
1253 1729 1540 1803 sacramentorum
1553 1747 1636 1810 quae
1648 1727 1788 1808 idemper

325 1817 420 1903 signa
435 1816 576 1881 visibilia
592 1816 755 1894 exhibent,
772 1815 858 1898 quod
872 1813 1069 1898 praedicatio
1084 1813 1175 1880 verbi
1187 1837 1244 1898 per
1258 1814 1388 1899 signum
1403 1814 1562 1880 audibile:
1588 1813 1652 1880 Hie
1667 1836 1740 1900 ergo
1755 1813 1788 1878 ad

325 1899 482 1989 majorem
494 1905 738 1970 elucidationem
752 1903 927 1987 quaeritur.
1852 1959 1854 1982 ,

376 1995 405 2058 1.
433 1993 557 2073 Quaeet.
581 1995 630 2059 Au
641 1992 767 2078 quilibet
774 1992 874 2076 possit
886 1992 1113 2060 administrare
1126 1993 1286 2059 00000007
1298 1993 1389 2076 Resp.
1407 1993 1481 2076 Nep.
1495 1991 1589 2072 Quia,
1600 1992 1684 2057 illud
1695 1993 1730 2058 de
1743 2015 1788 2056 sa·
1852 1995 1854 2072 j

327 2083 468 2148 cardolio
486 2082 602 2146 veleris
617 2079 813 2146 Testamenti
829 2079 924 2146 Hebr.
943 2084 973 2145 5.
989 2103 1018 2146 υ.
1033 2083 1064 2146 4.
1080 2102 1172 2146 uerno
1184 2083 1281 2146 sumit
1293 2079 1353 2145 sibi
1368 2081 1453 2146 bunc
1464 2081 1625 2160 1100ον001,
1639 2083 1689 2148 ss.
1704 2082 1787 2144 011010
1852 2079 1854 2134 l

315 2170 515 2236 'Pastoribua
528 2169 553 2238 N
557 2221 564 2234 .
578 2169 616 2234 Τ.
630 2168 785 2254 applicari
797 2168 891 2232 debet
902 2173 939 2233 ut
950 2171 973 2236 ta
985 2170 1075 2236 Iloua
1091 2171 1142 2234 10.
1156 2191 1186 2234 a.
1197 2172 1247 2234 lb.
1260 2168 1314 2235 Illi
1327 2169 1413 2233 enim
1424 2190 1487 2234 nou
1500 2170 1616 2248 minus,
1629 2191 1724 2254 quam
1736 2167 1788 2232 tti-
1852 2141 1854 2254 l

327 2258 421 2323 nistri
436 2258 553 2324 vetans
565 2255 773 2333 Testamenti,
787 2257 827 2320 ad
839 2279 928 2322 sacra
939 2259 1132 2344 peragenda,
1145 2258 1339 2342 praeparari,
1356 2258 1509 2341 separari,
1522 2258 1610 2343 eligi,
1624 2261 1649 2324 lt
1661 2257 1788 2323 sanctiti-
1851 2279 1854 2366 p

328 2346 393 2412 cari
405 2345 532 2412 debent.
546 2346 688 2425 Accedit,
701 2345 785 2430 quod
797 2343 901 2410 claves
913 2343 1018 2432 Regni
1031 2345 1209 2425 Coelorum,
1222 2351 1372 2432 (quarum
1385 2347 1487 2411 altera
1499 2351 1548 2412 est
1559 2343 1730 2426 doetrinae,
1742 2367 1788 2410 sea
1851 2367 1854 2430 t

327 2433 488 2514 scientiae,
500 2435 560 2500 hoc
573 2439 631 2515 est,
646 2434 735 2500 verbi
747 2434 950 2518 praedicatio,
964 2435 988 2499 b
1000 2439 1272 2500 sacramentorum
1281 2435 1528 2520 administratio)
1538 2435 1662 2499 nemini
1670 2440 1705 2500 ut
1712 2435 1788 2518 prin·

327 2523 411 2609 cipio
427 2523 451 2589 b
467 2523 609 2608 subjecto
629 2544 702 2607 quo,
725 2522 948 2606 appropriatos
968 2528 1052 2603 sunt,
1069 2523 1131 2588 nisi
1147 2523 1363 2588 Ecclesiamm
1376 2522 1573 2588 Pastoribus.
1598 2523 1685 2588 Hinc
1696 2523 1786 2587 elcut
1851 2535 1853 2580 t

328 2633 424 2696 quam
431 2612 645 2697 paradoxasit
656 2611 799 2677 (10010100
807 2610 1030 2677 libertinorum
1039 2634 1095 2677 seu
1104 2611 1786 2690 Enthusiastarum,semi-Euthusiaslarum,
1852 2659 1853 2682 2

329 2703 352 2768 lt
367 2699 609 2767 Sooinianorum
625 2701 710 2784 apud
724 2699 898 2766 Stuulciurn
909 2702 1002 2785 Disp.
1018 2701 1056 2768 dc
1067 2701 1242 2767 Ministerio
1254 2714 1322 2767 sect.
1336 2701 1366 2765 2.
1380 2699 1437 2764 ubi
1448 2700 1564 2784 probat
1580 2723 1618 2766 ex
1632 2701 1732 2766 Actor.
1746 2701 1788 2762 10.
1851 2713 1853 2760 t

327 2810 357 2856 u.
376 2787 430 2854 48.
447 2793 646 2854 sacramenta
662 2787 884 2853 administrata
901 2792 920 2852 a
934 2787 1113 2870 Fratribus,
1123 2790 1163 2854 ad
1179 2790 1393 2855 ministerium
1409 2787 1573 2854 Ecclesiae
1590 2789 1787 2854 uon-vocalis.
1850 2853 1852 2860 ,

327 2875 396 2943 1100
407 2878 635 2961 respondemus
645 2875 863 2961 baptizantem
878 2876 972 2941 illum
984 2876 1083 2943 fuisse
1096 2883 1152 2943 aut
1164 2879 1270 2962 ipsum
1281 2878 1425 2958 Petrum,
1443 2879 1533 2962 cujus
1548 2879 1733 2943 mandatum
1745 2898 1787 2940 re·
1850 2877 1852 2930 ὲ

328 2963 802 3119 substansia
814 2965 1528 3138 talesanslanstesten.
1537 2963 1788 3140 institi

354 3140 416 3207 ilas
427 3142 528 3207 Actor.
544 3141 595 3206 15.
611 3163 641 3208 o.
658 3141 710 3206 22.
728 3143 779 3204 23.
794 3139 912 3225 Apollo
927 3143 943 3205 l
961 3143 1030 3209 Cor.
1046 3141 1096 3208 16.
1109 3163 1137 3209 o.
1154 3145 1205 3208 12.
1220 3144 1239 3207 2
1255 3146 1324 3212 Cor.
1343 3145 1372 3210 1.
1385 3165 1415 3210 0.
1430 3145 1459 3208 l.

308 3271 311 3276 -
378 3231 408 3294 2.
435 3231 559 3311 Quaest.
572 3229 624 3295 Au
635 3231 780 3314 princeps
791 3241 847 3294 aut
861 3229 1064 3316 Mapistratus
1075 3231 1184 3297 babeat
1193 3244 1374 3316 potestatem
1388 3233 1641 3299 administrandi
1648 3234 1789 3299 Caenia?

329 3319 419 3406 Resp.
432 3317 493 3382 Est
504 3317 564 3383 hoc
575 3317 723 3383 insanum
735 3317 850 3382 aetatis
863 3323 991 3383 nostrae
1002 3320 1171 3400 somnium,
1185 3343 1224 3385 ex
1236 3321 1342 3386 000010
1354 3321 1472 3406 quibus
1486 3321 1654 3387 clementis
1665 3321 1787 3406 phanta-

329 3407 428 3486 sticis,
447 3406 482 3470 in
503 3403 572 3472 Scri
594 3410 628 3471 10
641 3405 789 3490 Angliec,
801 3406 853 3470 cui
866 3407 917 3472 tit.
930 3407 1103 3474 beobtban
1115 3430 1311 3493 expressum.
1334 3409 1403 3475 Nos
1418 3431 1516 3493 supra
1531 3411 1727 3476 ostendimus
1736 3427 1788 3471 non

328 3495 433 3562 claves
448 3492 554 3580 Regni
566 3429 743 3574 doelorum,
756 3494 811 3559 scd
825 3495 970 3579 gladium
981 3495 1188 3582 Magistratui
1201 3497 1354 3563 divinitus
1366 3499 1582 3563 commissum.
1593 3499 1703 3566 naut.
1712 3495 1757 3562 lb.
1769 3495 1787 3559 t

332 3583 383 3650 18.
397 3583 468 3649 0011.
482 3605 554 3647 cum
566 3583 657 3649 Rom.
673 3584 723 3646 13.
739 3588 942 3667 Argumenta
953 3583 1020 3649 illic
1032 3585 1178 3665 adducta,
1190 3585 1244 3650 hic
1258 3609 1321 3652 nou
1335 3587 1521 3671 repetimus.

375 3673 406 3736 3.
421 3673 544 3754 Qrtaest.
558 3671 608 3737 Au
619 3671 690 3757 quis
705 3671 840 3736 Coenam
851 3672 871 3734 b
881 3672 1025 3738 Ministro
1037 3673 1198 3753 haeretico,
1206 3687 1261 3740 aut
1269 3675 1465 3752 heterodoxo·
1473 3687 1529 3742 aut
1542 3677 1577 3742 in
1585 3675 1791 3742 oomrnurdant

329 3759 480 3827 Eccleuu
490 3759 665 3836 bameticae,
678 3770 732 3825 aut
744 3758 956 3826 idololatricae
963 3774 1073 3844 petere
1090 3761 1122 3827 11
1132 3764 1265 3847 recipere
1275 3765 1374 3849 possit
1382 3765 1398 3830 ‚⁹
1412 3767 1501 3849 llesp.
1517 3765 1591 3851 Nep.
1605 3765 1687 3841 Quia
1702 3763 1789 3828 eccle·

330 3847 458 3915 siastica
476 3848 655 3913 communia
673 3869 746 3912 cum
761 3843 952 3930 Haereticis,
969 3851 992 3915 lo
1011 3847 1192 3916 Idololatria
1213 3852 1346 3918 colenda
1362 3875 1428 3918 non
1444 3857 1503 3919 est.
1520 3853 1610 3940 Ergo
1625 3876 1683 3918 nec
1698 3852 1790 3918 Coeno

330 3957 404 4002 cum
415 3933 493 4020 ipsis
505 3935 703 4000 celebranda.
720 3935 920 4001 Antecedeus
932 3935 1087 4021 probatur
1099 3962 1138 4004 ex
1150 3940 1241 4007 Rom.
1257 3941 1308 4007 16.
1321 3963 1351 4007 o.
1366 3943 1416 4007 17.
1433 3943 1485 4007 18.
1500 3944 1515 4006 1
1534 3943 1605 4009 Cor.
1618 3945 1650 4010 5.
1662 3964 1690 4008 o.
1705 3941 1753 4004 11.
1764 3939 1790 4004 2.

334 4023 404 4090 Car.
421 4023 451 4088 6.
464 4043 493 4088 υ.
508 4024 559 4088 14.
573 4025 761 4109 17100001.
779 4023 830 4088 18.
843 4044 871 4088 o.
886 4030 916 4089 4.
929 4025 1033 4092 Actor.
1052 4027 1102 4092 19.
1116 4049 1145 4093 o.
1158 4027 1189 4094 9.
1202 4029 1336 4113 aliisque
1349 4030 1578 4098 testimoniis&
1594 4028 1790 4117 argumentis,

270 4187 276 4200 .
332 4112 448 4194 quibus
464 4111 623 4194 separatio
635 4111 675 4176 ab
688 4111 831 4177 Ecclesia
842 4109 990 4178 Romana
1002 4117 1138 4196 suaderi,
1151 4117 1175 4182 la
1187 4119 1413 4202 syncretismus
1425 4111 1497 4184 cnm
1509 4125 1547 4184 eb
1562 4117 1734 4186 dimuaderi
1745 4137 1789 4182 so-

332 4198 386 4263 let.
410 4197 459 4262 Do
475 4198 591 4281 quibus
609 4201 697 4265 Part.
713 4202 744 4264 3.
761 4201 806 4266 tit.
824 4199 862 4266 ae
873 4203 1093 4289 Syruretisrno,
1106 4206 1143 4271 do
1160 4207 1370 4274 Moderatioue
1381 4208 1412 4274 a·
1432 4210 1620 4289 Tolerautr'a,
1632 4207 1788 4296 agendum

330 4283 442 4384 Unum
457 4286 560 4384 solum
578 4286 630 4352 hic
650 4309 798 4372 suggero,
811 4286 893 4363 Quia
905 4293 1076 4358 celebratio
1089 4293 1213 4359 (leenae
1226 4301 1274 4360 est
1288 4299 1410 4362 tessera
1421 4295 1639 4377 confessionis,
1651 4297 1675 4363 t
1686 4295 1789 4362 frater·

331 4375 442 4438 nitatis
463 4394 495 4436 m
514 4372 624 4440 eadem
644 4373 787 4440 Ecclesia
808 4376 823 4438 1
849 4377 918 4443 Cor.
934 4381 985 4443 10.
999 4401 1027 4444 o.
1050 4383 1097 4447 tt.
1111 4405 1183 4448 cum
1196 4383 1375 4450 Haereticis
1388 4387 1411 4452 br
1423 4385 1606 4452 Idololatria
1618 4408 1708 4452 nemo
1724 4383 1789 4448 colit

1730 4489 1788 4534 asse
