3752 4858
352 273 517 338 Γ1111111.
542 273 629 338 Sam.
644 273 702 338 Ill.
726 274 774 339 Dr
789 275 1065 340 Aunrrrsrmrrour
1078 275 1235 340 Barrrsur.
1261 275 1332 342 011.
1346 275 1405 342 IV.
1543 277 1607 339 199

124 461 150 526 11
171 457 391 524 sectariorum
411 459 609 544 Baptismum
631 457 828 545 confugiant,
852 463 941 526 extra
960 465 1086 545 tempus
1106 462 1258 526 ordinarii
1270 467 1443 527 conventus
1456 463 1606 547 privatim

124 553 189 612 aut
209 549 321 632 petius
340 549 608 631 privato-publice
626 549 808 632 Baptismus
821 549 953 614 subinde
965 551 1216 628 administratur,
1230 551 1326 635 inque
1340 574 1411 616 eum
1427 552 1522 638 finem
1539 551 1605 617 dies

124 637 259 721 aliquis
271 637 472 720 baptismalis
484 638 568 701 inter
580 637 752 702 dominicos
764 637 949 720 interjectus
961 639 1178 703 hebdomatim
1192 662 1355 704 recurrens
1368 641 1558 718 inst'tuitur,
1573 641 1604 704 in

124 727 200 790 illis
220 725 292 789 scil.
312 725 399 802 lesia,
416 725 472 789 ubi
487 726 613 790 nonnisi
633 726 743 792 diebus
763 727 854 812 [pag.
869 725 949 812 730]
962 728 1128 791 dominicis
1144 727 1288 793 Ecclesia
1300 729 1340 793 ad
1352 729 1517 793 conciones
1530 749 1605 792 oon·

125 815 248 878 uenire
271 813 368 888 solet;
389 835 463 895 que,
483 817 540 878 aut
558 814 621 878 alie
634 815 746 897 quovis
759 819 849 878 extra
861 814 953 878 illum
966 815 1142 900 (occasione
1160 817 1204 879 ita
1216 816 1353 905 ferente)
1366 821 1473 881 coetus
1490 815 1605 900 aliquis

124 925 167 966 ex
182 903 388 979 Senioribus,
401 901 562 980 Diaconis,
576 903 707 980 Amicis,
720 901 843 966 Vicinis
856 902 922 967 sive
934 927 991 986 per
1003 905 1183 988 Campanae
1196 907 1323 988 pulsum
1337 906 1403 969 sive
1412 929 1468 988 per
1478 906 1607 990 aliquod

123 991 226 1056 aliud
234 990 388 1054 indicium
400 996 602 1069 convocatur,
615 1013 720 1055 coram
736 991 852 1074 quibus
873 991 1098 1057 &Parentibus
1111 1016 1146 1056 ac
1156 991 1604 1076 Susceptoribusbaptizaudi,

121 1079 320 1164 baptismus
346 1079 439 1143 modo
458 1081 579 1144 &more
599 1081 693 1144 solito
710 1080 904 1145 celebratur:
923 1103 984 1144 non
1000 1086 1106 1144 tamen
1121 1082 1189 1144 sine
1202 1082 1376 1165 praemissa
1388 1082 1478 1145 brevi
1494 1081 1605 1166 aliqua

122 1168 358 1244 instructione,
380 1173 436 1231 aut
448 1168 661 1246 conciuncult,
675 1171 697 1234 11
711 1168 841 1252 speciali
856 1170 1078 1252 praecautione
1091 1169 1295 1252 Baptismum
1311 1171 1351 1234 ob
1363 1171 1539 1253 peculiares
1553 1194 1605 1236 ra·

121 1258 336 1325 tionesnunc
345 1255 404 1320 hoc
412 1257 564 1320 collatum
572 1278 635 1320 uon
642 1257 805 1332 medii,sed
811 1261 935 1322 tantum
943 1258 1298 1340 praeceptinecessitatc
1307 1259 1603 1324 essenecessarium.

173 1349 212 1408 3.
240 1347 367 1426 (licceat.
399 1349 448 1410 An
460 1346 646 1429 Baptismus
656 1346 931 1416 adrninistrendns
943 1347 981 1410 sit
992 1358 1061 1430 post
1075 1349 1235 1412 solennem
1249 1347 1494 1424 benedictionem,
1511 1346 1604 1413 udi-

121 1437 273 1499 rnissum
285 1433 481 1499 correionem?
493 1437 582 1518 desp.
599 1436 671 1519 Nep.
685 1432 722 1497 In
736 1434 926 1517 quibusdam
943 1435 1094 1498 Ecclesiis
1110 1437 1215 1520 malus
1227 1436 1282 1500 ille
1294 1458 1362 1500 mos
1376 1437 1429 1498 diu
1446 1436 1602 1502 obtinuit:

121 1547 168 1587 an
184 1522 297 1586 adhuc
310 1522 427 1586 alicubi
439 1523 592 1600 obtineat,
602 1523 717 1586 nescio.
727 1521 789 1586 Sed
799 1523 915 1586 directe
925 1527 1083 1607 repugnat
1092 1522 1229 1588 Statutis
1239 1524 1459 1590 ecclesiasticis
1468 1525 1604 1609 aliisque

121 1613 294 1676 hactenus
307 1611 449 1676 adductis
461 1615 570 1675 contra
582 1611 796 1694 Baptismum,
808 1612 928 1694 absque
937 1613 1134 1687 necessitate,
1144 1613 1296 1696 privatim
1306 1613 1603 1679 administrandum.

121 1699 293 1776 Quamvis
312 1698 397 1763 enim
415 1699 449 1762 in
470 1698 614 1783 Temple,
632 1701 716 1783 quod
731 1700 827 1784 paulo
839 1704 913 1764 ante
925 1700 1040 1763 habuit
1050 1699 1238 1779 Ecclesiam,
1252 1724 1314 1766 non
1326 1705 1433 1766 tamen
1445 1701 1478 1764 in
1492 1701 1602 1766 Eccle-

123 1790 193 1866 sia,
207 1783 289 1853 ‘vero
302 1786 362 1852 Dei
375 1786 519 1871 Templo,
533 1789 784 1854 administratur.

173 1878 213 1940 4.
240 1877 363 1958 erccst.
395 1875 447 1940 An
459 1877 566 1943 dicbus
575 1878 742 1954 111111ιὶ11111
754 1899 857 1956 mane,
873 1899 916 1942 un
928 1889 997 1961 post
1012 1878 1175 1942 rneridiem
1186 1901 1198 1954 ;
1208 1891 1279 1944 unte
1292 1880 1468 1943 concionem
1479 1899 1524 1943 un
1533 1893 1603 1964 post

120 1967 326 2042 concionem,
339 1965 379 2030 sit
391 1965 687 2032 adenis-iatronem?
699 1969 790 2050 desp.
803 1965 964 2031 Posterius
977 1966 1129 2048 cujusque
1143 1966 1304 2032 Ecclesiae
1314 1967 1602 2033 arbitriocommit-

120 2055 281 2120 tendum.
305 2053 354 2118 De
369 2054 467 2136 priori
478 2054 511 2117 in
525 2055 770 2138 particularibus
783 2054 972 2139 quibusdam
985 2053 1121 2136 Synodis
1135 2054 1272 2137 Belgicis
1284 2057 1445 2120 decretum
1457 2059 1507 2120 est
1518 2058 1603 2121 ordi-

120 2143 228 2208 nario
241 2141 316 2226 (nisi
329 2142 499 2225 peculiaris
511 2144 708 2208 necessitatis
722 2143 926 2224 dissuadeat),
939 2142 1126 2225 praesertim
1141 2143 1173 2206 in
1185 2145 1270 2222 vicis,
1280 2149 1352 2228 post
1360 2145 1525 2209 meridiem
1535 2169 1603 2211 esse

120 2231 379 2298 celebrandum:
397 2230 479 2294 hauc
499 2232 627 2296 unicum
646 2232 686 2296 ob
704 2232 871 2308 rationem,
891 2254 930 2294 ne
952 2230 1118 2313 Baptismo
1134 2237 1208 2297 aute
1221 2235 1389 2317 prandium
1402 2237 1530 2316 peracto
1547 2257 1604 2318 per

120 2341 271 2405 operosa
289 2318 432 2383 mnuivia
451 2320 656 2402 baptismalia
674 2321 749 2384 ilico
764 2321 923 2396 inchoata,
944 2319 967 2383 b
988 2341 1087 2401 usquc
1101 2321 1141 2383 ad
1156 2321 1327 2408 finemdiei
1343 2322 1528 2386 continuata
1541 2323 1602 2408 (uti

120 2411 192 2474 hoe
207 2408 308 2491 vulgo
319 2412 396 2471 tunc
407 2407 476 2470 fieri
489 2409 583 2488 solet)
592 2408 736 2494 homines
746 2409 910 2473 conciones
918 2406 1153 2490 pomeridianas
1162 2411 1373 2496 negligerent,
1384 2411 1602 2496 potioremque

119 2496 295 2562 Sabbathi
308 2495 405 2560 sacris
416 2497 578 2561 tribuendi
593 2495 716 2581 partem
729 2498 899 2582 genialiter
912 2497 1143 2561 comlnrrerent.
1165 2498 1297 2564 Talibus
1310 2499 1462 2564 conviviis
1476 2523 1602 2564 cessan-

119 2588 234 2662 tibus,
257 2585 305 2648 uti
321 2585 355 2647 in
372 2584 483 2648 multis
502 2585 582 2650 bene
595 2586 777 2650 constitutis
790 2585 952 2661 Ecclesiis,
969 2585 1158 2667 praesertim
1172 2587 1300 2666 urbicis,
1314 2611 1465 2673 magnam
1478 2593 1600 2671 partem

120 2697 219 2739 nunc
241 2677 375 2748 cessant,
393 2673 524 2756 perinde
545 2677 593 2738 est
613 2674 678 2738 sive
697 2679 770 2738 aute
787 2675 853 2738 sive
873 2678 945 2757 post
961 2673 1127 2737 meridiem
1149 2674 1333 2760 Baptismus
1351 2677 1600 2741 administretur.

121 2765 245 2846 Atque
265 2761 343 2825 liaeo
362 2761 516 2827 hactenus
536 2763 574 2826 de
594 2763 695 2837 modo,
717 2763 883 2847 adjunctis,
905 2762 1153 2826 circumstantiis
1172 2765 1414 2832 administrandi
1433 2764 1600 2848 Baptismi.

120 2853 195 2917 Hic
205 2851 373 2934 abrumpo,
383 2852 523 2916 &volens
532 2855 695 2934 praetereo
708 2853 825 2935 partim
836 2854 978 2914 veterum
990 2850 1106 2932 partim
1117 2853 1302 2930 mediorum,
1311 2854 1428 2937 partim
1438 2875 1601 2933 novorum,
1613 2875 1620 2890 ·

122 2943 180 3006 lac
194 2961 270 3005 cum
284 2939 377 3002 melle
390 2939 537 3017 mixtum,
550 2940 696 3023 idemque
709 2963 780 3004 curn
789 2941 863 3016 vino
873 2939 1009 3002 mixtum
1018 2938 1189 3020 baptizatis
1199 2943 1318 3020 datum,
1329 2941 1600 3021 Oleiunctionem,

121 3049 284 3094 accensos
304 3049 420 3104 cereos,
439 3032 542 3092 vestes
562 3029 721 3106 candidas,
742 3028 1013 3092 confirmationem
1034 3049 1106 3090 mor
1125 3029 1285 3112 baptismo
1305 3031 1489 3113 subjectam,
1503 3030 1601 3094 etiam

121 3138 254 3182 coenae
267 3116 529 3194 communionem,
543 3118 566 3181 a
579 3121 664 3180 serta
676 3141 731 3180 seu
745 3139 875 3180 coronas
887 3115 1064 3198 impositae,
1078 3120 1147 3179 octo
1160 3118 1226 3182 dics
1240 3118 1337 3182 festos
1349 3118 1389 3182 ob
1399 3118 1600 3200 Baptismum

120 3207 287 3292 agitatos,
312 3208 477 3287 praeterea
496 3204 614 3268 festum
634 3205 717 3269 diem
734 3205 993 3288 anniversarium,
1011 3207 1132 3285 septem
1146 3207 1286 3270 noctium
1299 3206 1479 3291 pervigilia,
1492 3208 1600 3271 oscula

120 3293 299 3378 baptizato
320 3293 542 3374 abaptizante,
555 3295 578 3358 11
591 3295 825 3376 srisceptoribus
838 3293 1015 3376 pangenda,
1030 3291 1213 3378 similesque
1226 3295 1473 3371 observationes,
1490 3298 1599 3378 quales

120 3385 304 3448 sexcentae
316 3381 386 3464 pari
396 3381 477 3464 jure,
490 3382 560 3464 pari
573 3382 707 3464 mysticat
719 3383 880 3466 theologia
893 3381 1085 3444 accumulari
1099 3383 1276 3466 potuissent
1303 3383 1351 3447 De
1364 3384 1510 3447 omnibus
1523 3383 1597 3459 illis,

122 3472 205 3536 vide
219 3491 372 3554 magnam
384 3492 519 3535 messem
532 3473 551 3534 a
567 3470 741 3535 Vicecomile
752 3472 887 3534 factam:
901 3469 957 3552 qui
969 3468 1041 3531 aliis
1054 3474 1161 3534 tamen
1173 3472 1373 3558 spicilegium
1387 3472 1514 3554 aliquod
1526 3472 1598 3536 reli·

120 3559 217 3646 quit.
229 3558 279 3622 De
292 3559 539 3634 confirmatione,
554 3558 632 3623 alibi
643 3559 734 3623 nobis
748 3559 926 3623 dicemlum.
939 3557 988 3620 De
1001 3556 1136 3623 festibus
1149 3561 1231 3625 ferte
1240 3561 1324 3625 infra
1333 3561 1398 3626 Lib.
1407 3561 1438 3624 4.
1447 3561 1600 3624 nonnulla

121 3647 398 3734 perstringemus
412 3643 460 3710 De
473 3648 578 3712 (1111110
590 3647 661 3710 vide
673 3669 774 3732 supra
785 3659 871 3712 tract.
885 3649 912 3708 l.
926 3666 994 3729 cup.
1009 3645 1038 3707 7.
1052 3649 1106 3711 ubi
1120 3649 1157 3713 de
1173 3651 1369 3714 Cermnoniis.
1383 3647 1494 3711 Ritum
1507 3648 1599 3712 lactis

119 3741 149 3804 81
169 3735 254 3814 viai,
267 3739 302 3798 ut
314 3737 336 3800 11
349 3735 440 3798 lactis
453 3757 489 3800 ae
501 3735 605 3800 mellis
614 3736 804 3820 jampridem
817 3736 850 3799 in
867 3734 1014 3798 erunibus
1031 3733 1120 3820 [pag.
1137 3739 1216 3822 131]
1230 3737 1380 3802 Ecclesiis
1396 3737 1598 3820 antiquatum

119 3827 257 3890 fatetur
269 3823 431 3888 Vicccomes
439 3824 503 3887 Lib.
519 3825 549 3886 5.
558 3845 625 3907 cup.
636 3826 688 3887 44.
699 3824 818 3888 Mirum
827 3847 903 3888 saue
913 3843 1039 3905 passam
1048 3826 1108 3889 hoc
1117 3826 1214 3890 fuisse
1223 3824 1399 3890 Ecclesiam
1409 3823 1597 3902 Romanam,

120 3935 215 3998 quae
229 3911 263 3975 in
276 3912 448 3976 retinendis
461 3915 518 3976 aut
530 3907 722 3990 revocandis,
736 3917 792 3978 aut
804 3911 957 3996 augendis
966 3913 1062 3992 atque
1071 3913 1377 3996 ornandisejusmodi
1387 3912 1511 3990 ritibus,
1525 3935 1597 3996 per-

122 4004 233 4086 petuo
255 4001 462 4083 praetendere
478 4001 560 4065 solet
578 4004 647 4065 tum
667 4002 903 4084 antiquitatem,
918 4005 987 4063 tum
1001 4002 1154 4065 rationem
1167 4003 1319 4085 mysticae
1332 4001 1574 4087 significationis
1590 4023 1596 4066 :

120 4089 212 4174 quin
230 4089 299 4171 ipse
321 4090 482 4153 Vicecomes
502 4090 574 4154 ibid.
589 4090 612 4153 81
626 4091 868 4175 antequitatem,
882 4088 1111 4169 &mysterium
1128 4090 1284 4154 excitatis
1299 4091 1450 4155 Clemente
1461 4089 1596 4156 Alemon-

119 4179 240 4254 drine,
259 4176 282 4240 11
303 4177 504 4263 Hieronymo,
518 4178 585 4260 jam
602 4178 800 4261 probaverat.
814 4177 950 4242 Unicum
965 4173 1009 4236 ibi
1022 4179 1206 4257 νεα-ἀρχαῖον
1217 4201 1255 4243 ex
1268 4179 1420 4258 Lindano,
1437 4179 1597 4262 quideme

119 4265 362 4334 Dordracensis
374 4270 452 4344 erat,
465 4265 534 4330 Lib.
548 4267 579 4330 4.
593 4266 725 4351 Panopl.
738 4289 806 4350 cap.
821 4267 872 4329 25.
886 4267 1034 4344 retertur,
1048 4267 1115 4331 suis
1127 4268 1316 4349 temporibus
1329 4267 1363 4333 in
1370 4269 1596 4336 1111111ἀῦ01-

119 4355 280 4423 drocensi
298 4355 555 4423 consueludinem
574 4354 664 4420 lactis
680 4359 702 4422 11
723 4355 827 4419 mellis
840 4355 991 4441 gustandi
1002 4356 1106 4422 adnm
1114 4357 1319 4445 percelerasse
1333 4379 1340 4422 :
1353 4357 1413 4424 hoc
1425 4361 1483 4436 est,
1496 4377 1596 4508 usqup

1555 4465 1574 4506 a
