3712 4850
240 339 244 351 ·
340 294 404 363 260
640 292 721 364 Pras
744 291 804 364 III.
827 289 877 360 Da
900 289 1052 362 llsourma
1075 289 1166 362 Ecca.
1192 315 1222 358 111
1246 315 1371 359 annuns.
1395 289 1461 360 Ius.
1484 286 1510 358 Ι.
1553 337 1557 348 ·

341 486 434 551 brmn
458 485 619 552 Ecclesiae
646 489 775 551 tenetur
796 484 936 572 recipere
959 487 983 552 81
1006 483 1183 570 approbare
1207 482 1363 567 judicium
1386 481 1523 568 synedrii
1541 479 1603 559 sui,
1616 477 1788 565 eutsynodi,

340 575 487 660 quamvis
497 576 734 649 oecumenicam
751 579 896 658 utsupra
912 573 1058 640 diximus.

386 664 416 728 6.
441 666 562 749 Eccept.
587 661 662 730 Non
675 663 738 728 fuit
750 663 803 729 hic
816 667 923 728 coetus
935 662 1193 747 presbyterorum
1206 666 1262 726 aut
1273 662 1492 727 ministrorum
1505 683 1543 725 ex
1555 658 1791 724 81191111Εωί1-

341 753 414 818 siis:
439 754 493 818 sed
516 758 643 818 tantum
669 752 875 838 congregatio
888 753 1049 817 Ecclesiae
1062 751 1372 836 Hierosolymitanae
1388 773 1460 816 cum
1471 749 1629 834 delegatis
1640 747 1789 814 Ecclesiae
1839 791 1841 794 -

344 841 581 920 Antiochenam
598 864 678 927 quos
690 840 790 906 fuisse
802 841 846 905 ibi
860 841 1024 905 ministros
1036 839 1212 905 ordinarios
1227 840 1358 925 probari
1369 861 1431 904 nou
1444 842 1557 924 potest.

388 932 479 1015 Resp.
490 931 560 996 Hoc
572 954 636 996 non
644 930 748 995 variat
760 933 816 995 aut
827 930 913 994 tollit
921 929 1132 994 substantiam
1141 951 1196 993 seu
1207 931 1345 1014 speciem
1353 926 1597 994 combinationis
1605 925 1793 991 Ecclesiasti-

343 1043 410 1086 cae.
431 1019 505 1085 Sive
525 1021 590 1085 sint
606 1019 746 1084 ministri
765 1018 929 1101 ordinarii,
950 1019 1016 1084 sive
1036 1018 1092 1081 alii
1112 1018 1266 1103 delegati3
1291 1019 1356 1083 sire
1380 1019 1506 1102 integra
1518 1015 1722 1100 presbyteria,
1734 1016 1792 1080 sira

342 1109 442 1193 aliqui
454 1108 595 1195 delegati
604 1108 837 1193 apresbyteriis
848 1131 855 1172 :
866 1108 1012 1192 singulae
1024 1111 1131 1172 tamen
1143 1106 1305 1172 Ecclesiae
1313 1107 1347 1171 in
1355 1105 1561 1192 presbyteriis
1570 1105 1636 1170 suis
1644 1109 1793 1190 persecut

342 1221 400 1283 per
411 1221 484 1263 suos
498 1198 661 1283 delegatos
673 1197 847 1262 sententias
859 1197 1026 1262 conferunt
1039 1196 1061 1260 81
1073 1195 1202 1280 negotia
1213 1196 1436 1264 determinant.

389 1287 417 1351 7.
431 1289 554 1372 Eucept.
567 1285 642 1351 Non
655 1291 723 1351 erat
735 1286 787 1351 hic
798 1289 971 1352 conventus
983 1285 1143 1360 classicum
1157 1282 1306 1369 quianon
1319 1289 1409 1350 erant
1420 1283 1582 1350 Ecclesiae
1594 1283 1725 1350 vicinae.

387 1377 477 1460 Resp.
486 1371 602 1440 ¹Fuerit
614 1398 690 1466 ergo
703 1375 878 1460 synodicus:
892 1396 993 1458 neque
1007 1373 1092 1439 enim
1103 1374 1186 1438 ratio
1201 1371 1445 1440 combinationis
1453 1373 1603 1437 classicae
1611 1378 1680 1438 toto
1688 1391 1793 1458 genere

343 1465 507 1530 differtus
553 1464 651 1530 odies
1279 1473 1284 1498 ⁴

386 1487 672 1639 Mamblgamus
684 1553 880 1618 vicinitatem
892 1574 960 1618 esse
977 1551 1164 1636 simpliciter
1171 1551 1382 1617 necessariam
1392 1551 1432 1617 ad
1441 1550 1709 1617 combinationem
1719 1551 1793 1618 clas·

343 1644 451 1723 sicam,
464 1643 621 1726 imprimis
634 1643 662 1707 si
674 1643 789 1708 sitnon
802 1646 896 1721 stata,
909 1641 963 1706 sed
976 1641 1185 1706 occasionata.

388 1733 419 1798 8.
434 1731 557 1818 Except.
574 1731 769 1796 Aconventu
780 1731 921 1815 plurium
932 1729 1148 1795 Ecclesiarum
1158 1730 1192 1794 in
1204 1751 1280 1794 casu
1293 1729 1543 1795 extraordinario
1554 1751 1619 1794 non
1631 1730 1715 1795 valet
1726 1751 1793 1794 con-

345 1821 512 1906 sequentia
523 1821 563 1885 ad
574 1824 675 1885 statas
690 1821 714 1886 81
725 1819 900 1885 ordinarias
912 1818 1170 1902 combinationes.

387 1911 477 1996 Hesp.
492 1908 634 1986 Quidni?
653 1913 805 1994 potestas,
819 1931 901 1992 quae
913 1908 1011 1972 semel
1024 1912 1080 1972 aut
1092 1906 1261 1992 aliquando
1275 1908 1421 1994 legitime
1434 1913 1607 1988 exercetur,
1620 1930 1683 1973 non
1699 1907 1796 1973 variat

345 2000 429 2085 quod
437 2000 477 2063 ad
486 1999 666 2077 essentiam,
675 1999 703 2063 si
714 1995 1229 2081 ordinario&etatisordinatisque
1238 1996 1350 2062 mediis
1360 2020 1396 2062 ac
1404 1996 1601 2081 temporibus
1610 2001 1796 2062 exerceatur.

389 2090 419 2152 9.
436 2090 559 2172 Except.
566 2086 726 2172 Quidquid
737 2087 790 2151 hio
798 2087 891 2150 detur
899 2084 1405 2164 factumfuisse‚saltemEcclesia
1412 2084 1614 2151 Antiocheae
1622 2108 1683 2152 nou
1692 2084 1797 2150 babuit

347 2201 380 2243 se
392 2181 429 2241 ut
441 2177 584 2242 Ecclesia
596 2176 774 2262 dependens
787 2176 827 2239 ab
840 2175 954 2254 aliena,
967 2197 1024 2239 seu
1036 2175 1167 2240 alterius
1178 2174 1349 2240 ministerii
1361 2179 1418 2239 aut
1429 2175 1590 2240 Ecclesiae
1602 2175 1779 2240 autoritam.

389 2267 480 2351 Resp.
492 2262 567 2330 Non
580 2265 683 2351 magis
696 2268 752 2329 aut
764 2264 867 2328 minus
879 2263 1077 2349 dependebat
1089 2264 1129 2327 ab
1142 2264 1205 2328 alia
1217 2263 1361 2330 Ecclesia
1373 2268 1429 2329 aut
1441 2263 1629 2343 ministerio,
1639 2287 1738 2349 quam
1749 2264 1800 2327 illa

345 2356 409 2420 alia
421 2353 561 2420 vicissim
574 2354 771 2440 dependebat
786 2354 826 2417 ab
839 2353 919 2438 ipsa,
932 2355 955 2420 81
967 2353 1037 2437 ipsa
1046 2356 1065 2416 a
1073 2375 1129 2417 suo
1138 2353 1326 2418 ministerio:
1334 2353 1423 2418 nulla
1432 2353 1518 2417 enim
1526 2352 1579 2418 hic
1586 2352 1800 2437 dependentia,

346 2466 444 2528 quam
461 2443 596 2523 socialis,
617 2442 769 2521 fraterna,
789 2440 991 2519 collateralis,
1012 2445 1134 2518 mutua,
1151 2446 1336 2527 spontanea,
1349 2464 1387 2506 ex
1396 2442 1468 2527 jure
1481 2441 1731 2526 adaequatiouis,
1742 2441 1801 2508 &ri

346 2537 540 2617 spontaneae
551 2531 834 2597 confoederationis
850 2553 887 2596 ac
898 2530 1153 2595 combinationis.

391 2623 409 2707 5
423 2622 453 2686 8.
499 2621 693 2708 Arpumcuto
704 2621 819 2686 directa
831 2643 870 2685 ex
882 2623 997 2684 natura
1008 2620 1179 2703 praedicati
1194 2623 1278 2684 sunt.

394 2715 420 2776 l.
433 2711 566 2796 Arpum.
579 2710 668 2786 Quod
679 2710 757 2775 facit
770 2710 810 2774 ad
821 2709 972 2774 tutiorem
984 2710 1007 2774 81
1019 2707 1241 2792 perfectiorem
1249 2707 1463 2774 Ecclesiarum
1472 2707 1673 2794 singularum
1681 2710 1715 2774 in
1722 2731 1802 2776 com·

345 2801 436 2865 muni
451 2800 523 2880 fide,
543 2801 566 2866 81
584 2823 708 2864 morum
725 2798 892 2881 disciplina
913 2797 1193 2872 conservationem
1206 2797 1287 2862 illud
1305 2821 1381 2863 saue
1393 2819 1455 2862 non
1468 2802 1594 2862 tantum
1607 2799 1741 2875 licitum,
1753 2795 1803 2862 sed

346 2889 435 2968 utile,
454 2889 552 2953 immo
564 2890 588 2955 81
599 2889 785 2972 plerumque
797 2886 1026 2952 necessarium:
1040 2888 1094 2951 sed
1105 2887 1170 2950 tale
1183 2891 1231 2951 est
1243 2886 1387 2972 regimen
1398 2887 1565 2952 classicum
1577 2888 1802 2972 &synodicum

345 2977 442 3063 Ergo.
452 2976 609 3042 Minorem
616 2978 732 3061 probat
740 2976 823 3041 ratio
833 2976 923 3062 [pag.
936 2976 1013 3060 133]
1024 2975 1258 3059 &experientia
1267 2974 1316 3041 lta
1325 2976 1410 3040 enim
1419 2974 1452 3039 in
1461 2976 1556 3040 rebus
1564 2975 1714 3041 humanis
1724 2997 1804 3042 com·

346 3079 492 3152 paratum
503 3059 604 3146 est,'ut
617 3066 734 3149 ubique
747 3065 853 3129 valeat
864 3064 945 3129 illud
954 3087 962 3128 1
970 3063 1009 3128 Iu
1017 3064 1222 3129 multitudine
1235 3064 1487 3129 consiliariorum
1499 3065 1607 3130 stabit.
1621 3065 1752 3130 Et:Vae
1759 3063 1803 3127 illi

346 3156 402 3239 qui
410 3157 496 3220 solus
509 3160 557 3220 est
565 3156 603 3231 ;81
615 3155 698 3220 oculi
706 3156 778 3238 plus
790 3154 907 3231 vident,
920 3173 1016 3238 quam
1029 3153 1148 3229 oculus,
1157 3156 1207 3219 8ο.
1220 3152 1310 3230 Quod
1319 3153 1351 3217 iu
1360 3152 1498 3238 negotiis
1507 3151 1740 3224 Ecclesiasticis
1748 3155 1805 3218 im·

346 3244 458 3329 primis
468 3245 657 3328 experimur.
667 3243 785 3310 Contra
797 3243 991 3327 experientia
1003 3243 1109 3307 docuit
1121 3243 1261 3326 usquein
1269 3242 1458 3307 hodiernum
1467 3242 1562 3322 diem,
1571 3242 1805 3308 solitariasillas

346 3334 506 3398 Ecclesiae
518 3332 715 3417 parochiales
729 3336 764 3397 ut
775 3331 894 3415 optime
908 3331 1046 3416 primum
1063 3331 1251 3396 constitutas
1264 3332 1315 3398 111
1332 3335 1459 3395 tantum
1476 3331 1664 3416 sapientiae,
1676 3331 1805 3410 consilii,

347 3423 543 3487 fortitudinis
556 3421 696 3506 potuisse
708 3419 862 3500 conferre,
880 3425 1037 3504 quantum
1048 3420 1263 3485 Ecclesiarum
1275 3420 1525 3498 multitudinem
1546 3423 1806 3506 &consequenter

347 3511 401 3576 vix
409 3512 517 3596 aliquo
529 3515 671 3594 tempore
684 3509 826 3594 potuisse
835 3510 991 3574 immunes
1004 3531 1072 3574 esse
1081 3512 1100 3572 a
1108 3509 1275 3586 scismatis,
1285 3531 1343 3574 nec
1352 3532 1415 3573 uon
1423 3509 1616 3576 factionibus
1625 3507 1806 3594 Diotrephi·

348 3600 402 3680 cis,
413 3599 697 3685 autOligarchicis,
707 3602 763 3663 aut
772 3595 1008 3663 Ochlocraticis.
1022 3597 1125 3672 Quam
1134 3597 1274 3679 difficile,
1284 3598 1381 3664 immo
1389 3621 1483 3682 quam
1494 3621 1595 3683 paene
1603 3599 1806 3684 impossibile,

348 3694 384 3754 ut
410 3711 522 3775 corpus
546 3694 614 3753 tarn
637 3688 720 3752 male
750 3687 910 3766 affectum,
934 3686 995 3751 sibi
1023 3686 1085 3771 ipsi
1115 3687 1304 3752 medicinam
1328 3685 1450 3752 faciat?
1475 3686 1559 3764 Quid
1570 3689 1723 3768 dicemus,
1739 3709 1805 3752 cum

348 3778 576 3862 synedrium&
602 3777 738 3862 populus
759 3777 792 3841 in
816 3776 894 3840 duas
921 3776 1069 3860 aequales
1100 3781 1156 3840 aut
1182 3799 1282 3860 paene
1306 3777 1455 3861 aequales
1478 3781 1585 3860 partes
1599 3781 1663 3842 ase
1675 3777 1806 3842 invicem

348 3867 464 3932 divulsi
476 3871 575 3932 sunt?

392 3953 435 4021 ΙΙ.
459 3957 589 4042 Arpos.
613 3955 704 4033 Quod
727 3954 901 4032 confirmat,
930 3956 953 4019 81
979 3953 1120 4018 defendit
1136 3953 1297 4020 Ecclesiae
1314 3954 1531 4034 autoritatem,
1544 3955 1643 4020 immo
1655 3957 1735 4041 maj:
1755 3977 1804 4020 em

347 4045 397 4109 illi
413 4045 577 4122 conciliat;
589 4044 669 4110 illud
685 4045 791 4128 ipsum
803 4048 860 4122 est,
874 4041 924 4106 lec.
948 4041 1026 4107 Tale
1043 4047 1091 4107 est
1102 4043 1243 4128 regimen
1258 4043 1326 4109 hoc.
1351 4043 1449 4130 Ergo.
1473 4043 1579 4108 Minor
1590 4044 1739 4128 probatur
1755 4097 1756 4118 ,
1772 4066 1807 4108 ex

349 4134 529 4198 inductione
552 4134 747 4198 infinitorum
772 4155 872 4217 paene
893 4155 1033 4212 casuum,
1046 4154 1085 4196 ex
1098 4133 1214 4215 quibus
1227 4133 1349 4216 aliquos
1362 4132 1518 4197 delibabo.
1543 4133 1624 4198 Cum
1635 4139 1739 4218 pastm
1757 4139 1809 4198 aut

348 4228 502 4308 posterea,
527 4228 583 4288 aut
605 4223 748 4287 membra
772 4221 894 4304 aliquot
914 4221 955 4307 (si
982 4242 1045 4284 non
1061 4221 1227 4305 pleraque)
1241 4221 1391 4306 synodadi,
1408 4222 1610 4308 peregrinam
1622 4223 1739 4287 doctrir
1755 4243 1807 4298 arn,

349 4317 405 4376 aut
417 4311 616 4395 disciplinam
633 4333 669 4376 ac
679 4314 871 4394 potestatem
883 4310 1099 4374 introductum
1112 4316 1205 4387 eunt;
1224 4316 1281 4375 aut
1296 4319 1367 4375 cum
1379 4311 1446 4375 vitet
1459 4312 1484 4376 ts
1497 4311 1640 4376 moribus
1656 4313 1747 4397 impr¹
1755 4311 1809 4375 »his

349 4400 526 4476 luxuriant;
539 4405 595 4466 aut
606 4423 678 4465 curn
690 4399 871 4484 synedrium
883 4399 999 4482 injuste
1012 4399 1164 4484 opprimit
1177 4399 1359 4465 ministrum
1367 4404 1424 4466 aut
1434 4401 1608 4480 ministros,
1623 4406 1679 4465 aut
1689 4401 1809 4484 aliquot

1713 4513 1735 4552 11
1755 4511 1810 4554 em·
