3712 4850
296 279 409 348 Tusca.
434 282 477 348 Π.
502 285 550 350 Dc
574 285 711 362 Porsen,
735 285 807 352 Pon.
833 287 1153 356 accaronitarum.
1178 290 1248 355 Cur.
1274 291 1328 357 IX.
1476 294 1540 357 219

7 431 8 436 ¹
226 421 240 459 1

7 473 9 506 ³
94 469 185 532 lrrrrna
195 469 428 552 praescribant:
444 471 492 535 uti
504 473 648 536 nonnulli
663 496 829 557 perperam
842 475 1022 557 opinantur.
1040 477 1197 542 Secundae
1209 479 1354 562 exempla
1367 480 1442 558 sint,
1456 479 1540 565 quod

7 575 9 654 p
50 551 60 582 '
93 555 219 622 llinistri
231 557 355 643 Belgici
369 560 529 626 ordinario
542 566 664 645 aperto,
678 561 1045 646 Gallittiallo-Belgici
1058 570 1169 650 operto
1180 566 1284 650 capite
1296 568 1530 644 concionentur3

39 637 51 699 l
93 647 224 732 quodque
237 649 285 712 illi
299 650 331 712 iu
344 648 505 732 baptismo
517 650 610 728 trina,
621 651 676 716 isti
687 673 760 716 vero
774 653 867 716 unica
880 654 1061 737 aspersione
1076 659 1214 720 utantur.
1233 659 1350 722 Tortiae
1359 657 1539 742 exemplum

91 743 143 814 est,
167 738 245 822 quod
270 738 419 803 examina
443 739 681 824 praeparatoria
705 741 950 806 Candidatorum
966 744 1135 808 ministerii
1149 745 1537 830 vigeantpalicubietiam

92 847 208 890 examen
221 827 254 892 in
268 827 381 915 lingua
397 849 513 914 graeca
525 831 547 896 tt
560 829 709 896 hebraica
725 832 960 916 praemittatur.

651 1017 838 1084 Garun
894 1019 962 1086 IX.

7 1149 10 1266 t
188 1205 398 1288 Explicantur
423 1205 621 1286 Quaestioues
643 1207 761 1291 aliquot
785 1205 908 1307 tbeticpe
930 1207 967 1272 de
993 1206 1171 1274 Curionibus
1195 1210 1421 1276 Ecclesiasticis.

125 1361 150 1444 g.
162 1361 186 1424 l.
199 1360 249 1426 De
263 1359 446 1425 Canonibus
457 1361 519 1425 ista
532 1365 737 1446 quaeruntur.
753 1363 775 1427 I.
787 1362 890 1428 Probi.
906 1361 957 1426 An
971 1363 1106 1427 debeant
1119 1361 1354 1446 ossesCanoues3
1365 1366 1536 1430 secuudum

86 1472 157 1534 quos
178 1449 339 1514 Ecclesiae
363 1450 573 1515 communitae
591 1455 753 1536 regantur.
767 1453 857 1536 ltesp.
872 1452 900 1514 l.
917 1454 1016 1518 Conci.
1030 1451 1062 1516 N
1064 1475 1101 1516 on
1116 1456 1190 1516 sunt
1203 1453 1347 1517 absolute
1359 1454 1457 1518 cuivis
1472 1455 1533 1520 Ec·

83 1539 187 1603 clasiae
211 1539 398 1622 particulari
424 1541 594 1605 necessarii
616 1541 804 1605 necessitate
828 1541 933 1620 medii,
961 1565 1000 1606 ne
1024 1541 1152 1626 quidem
1175 1542 1344 1625 praecepti.
1371 1545 1400 1606 2.
1432 1546 1533 1610 Conci.

84 1625 178 1692 llultb
191 1627 296 1692 minus
312 1632 387 1693 sunt
399 1629 578 1708 necessarii,
591 1630 646 1716 qui
663 1630 702 1694 ab
715 1631 887 1695 universali
900 1631 1042 1696 Ecclesia
1053 1631 1182 1709 conditi,
1202 1653 1310 1695 omues
1326 1632 1534 1714 particulares

83 1739 335 1804 quommcunque
360 1717 450 1806 [pag.
479 1719 559 1804 263]
583 1725 762 1804 temporum
786 1721 807 1784 a
828 1720 968 1784 locorum
987 1720 1145 1784 Ecclesias
1157 1720 1302 1804 obligent
1314 1725 1370 1785 aut
1382 1721 1531 1806 dirigant.

84 1805 159 1870 liam
172 1809 278 1892 primo
290 1808 372 1872 tales
385 1829 548 1894 uunquam
560 1807 690 1873 fuerunt
701 1809 734 1874 iu
751 1831 855 1874 rerum
868 1813 998 1873 natura:
1013 1831 1176 1893 nunquam
1189 1809 1273 1874 enirn
1286 1815 1357 1892 post
1372 1833 1533 1876 excessum

82 1895 302 1980 Apostolorum
313 1897 422 1983 aliqua
439 1920 571 1981 persona
587 1903 644 1964 aut
659 1898 774 1984 aliquis
786 1903 892 1962 coetus
909 1898 981 1976 fuit,
994 1899 1049 1985 qui
1061 1920 1170 1964 omnes
1182 1898 1267 1962 orbis
1280 1898 1438 1964 Ecclesias
1452 1901 1532 1986 legi-

83 1984 151 2050 time
176 1989 441 2070 repraesentaret,
469 2009 640 2074 earumque
656 1986 819 2052 Potestate
835 1988 1019 2051 &mandato
1031 1988 1205 2052 instructus
1218 1986 1360 2052 Oanones
1377 1990 1532 2054 conderet.
1630 2001 1658 2037 ι·

81 2072 110 2138 Si
136 2075 187 2160 qui
209 2075 384 2158 opinantur
395 2076 433 2140 de
446 2076 537 2141 dictis
549 2077 728 2142 (lenonibus
742 2077 977 2161 Apostolorum,
992 2076 1172 2141 Cauoaibus
1184 2075 1344 2141 Ecclesiae
1357 2078 1532 2159 universae,

7 2195 8 2198 ¹
81 2161 312 2229 Traditionibus
328 2165 394 2228 sive
406 2167 587 2250 apostolicis
599 2167 665 2231 sive
678 2166 909 2231 Ecclesiasticis
922 2190 928 2241 ;
942 2166 989 2229 illi
1003 2167 1041 2230 de
1058 2165 1157 2229 solida
1169 2165 1356 2249 probatione
1372 2168 1530 2250 cogitent;

81 2253 1531 2340 quamhacteuusnouvidimus.Deindechimaericiillitlanones,quiomuesEcclesiasobli·

7 2371 9 2420 ρ
79 2342 1530 2431 garentautsaltemdirigereut,circaeaquaeduredivinodeterminatanonsunt,(namdc

7 2421 9 2493 l
78 2431 147 2498 lure
160 2431 267 2496 divino
280 2432 500 2498 determinatis
513 2435 606 2500 aliter
618 2436 641 2500 ta
653 2457 724 2499 curn
734 2434 934 2498 distinctione
943 2433 1165 2518 judicandum:
1183 2433 1220 2496 de
1234 2455 1295 2518 quo
1305 2433 1401 2512 iufra)
1410 2457 1467 2499 nec
1476 2436 1529 2500 de-

79 2521 145 2588 bent
157 2544 212 2586 nec
222 2525 358 2606 possunt
369 2521 470 2586 condi.
485 2521 566 2598 Quid
582 2523 667 2590 enim
679 2523 855 2601 absurdius
869 2545 965 2608 quam
979 2521 1216 2587 determinanda
1232 2523 1264 2585 in
1274 2523 1470 2605 particulari,
1480 2547 1529 2588 se·

78 2614 204 2678 eundum
212 2610 356 2675 infinitos
368 2609 435 2676 fere
443 2633 533 2677 casus
547 2613 748 2678 &mutabiles
758 2613 1010 2684 circumstantias
1022 2612 1055 2675 in
1072 2610 1274 2677 universali&
1287 2611 1319 2674 iu
1332 2616 1530 2678 antecessum

78 2700 291 2779 determinata,
304 2705 360 2764 aut
369 2701 607 2766 determinanda
619 2702 756 2788 fingere:
774 2702 866 2787 quasi
879 2701 944 2765 scil.
959 2701 1105 2765 omnibus
1119 2699 1217 2776 Viris,
1230 2699 1372 2784 Oppidis,
1382 2700 1529 2766 Civitati-

79 2789 136 2863 bus,
150 2787 336 2866 Provinciis,
350 2787 554 2868 Nationibus,
567 2793 617 2858 bc.
631 2814 694 2856 uua
706 2791 871 2876 regiminis
884 2793 906 2856 a
919 2791 1028 2874 legum
1041 2790 1152 2867 forma,
1165 2792 1221 2852 aut
1231 2789 1378 2854 omnibus
1387 2791 1529 2856 omnium

77 2883 257 2966 temporum,
283 2877 434 2956 locorum,
459 2881 709 2965 complexionum
732 2881 914 2944 homiuibus
931 2903 993 2943 cina
1006 2880 1100 2958 dosis,
1113 2901 1177 2941 una
1189 2878 1294 2942 diaeta
1306 2879 1494 2944 universalis
1511 2884 1529 2944 a

77 2972 201 3058 collegio
225 2967 334 3052 aliquo
357 2969 550 3035 medicorum
563 2971 596 3034 iu
612 2975 810 3034 antecessum
822 2969 1065 3053 praescribenda
1082 2972 1174 3032 esset.
1190 2969 1219 3030 3.
1237 2969 1336 3033 Conci.
1351 2967 1386 3031 Si
1400 2969 1454 3052 qui
1467 2969 1528 3033 Ca·

76 3082 163 3126 nones
185 3061 250 3125 sint
266 3057 448 3136 necessarii,
460 3059 683 3124 universaliter
695 3060 874 3142 obligantes
888 3062 910 3124 tr
923 3058 1128 3122 autoritative
1141 3056 1326 3141 dirigentes,
1339 3061 1435 3142 atque
1449 3059 1526 3123 adeo

76 3148 293 3224 immutabiles
306 3145 330 3209 ii
346 3145 368 3211 J
369 3169 425 3211 ure
438 3147 543 3212 divino
556 3154 613 3214 aut
624 3150 764 3214 naturali
776 3149 1035 3233 praescribuntur
1046 3172 1052 3224 ;
1065 3169 1123 3210 nec
1135 3145 1294 3210 habentur
1306 3169 1344 3210 ex
1356 3146 1527 3212 traditione

8 3253 9 3256 ’
75 3244 121 3304 aut
140 3235 371 3307 constitutione
393 3237 563 3317 Ecclesiae,
581 3239 636 3304 sed
648 3261 686 3303 ex
701 3238 797 3303 verbo
810 3237 887 3313 Dci;
901 3240 1129 3322 consequenter
1141 3257 1204 3299 non
1217 3238 1291 3299 sunt
1307 3259 1364 3299 nec
1381 3236 1528 3300 dicuntur

76 3332 189 3414 proprie
215 3324 443 3404 Ecclesiastioi,
468 3327 633 3417 dequibus
650 3328 824 3414 quaeritur,
838 3329 892 3392 sed
905 3326 1003 3390 divini
1016 3329 1071 3390 aut
1084 3324 1260 3408 apostolici.
1274 3327 1304 3388 4.
1322 3327 1423 3390 Conci.
1437 3324 1525 3390 Utile

9 3483 11 3492 ,
75 3423 167 3486 amen
190 3424 252 3497 est,
274 3415 442 3482 &subinde
455 3418 494 3480 ad
506 3416 585 3482 bene
598 3441 666 3483 esse
678 3418 838 3482 Ecclesiae
851 3417 985 3498 alicujus
997 3413 1208 3498 particularis,
1222 3413 1379 3497 imprimis
1392 3415 1431 3478 ad
1447 3415 1527 3479 bene

75 3529 130 3574 ttae
152 3509 298 3595 plurium
323 3503 536 3571 Ecclesiamm
552 3507 826 3590 correspondentia
838 3506 946 3592 aliqua
962 3505 1109 3588 synodica
1126 3502 1287 3566 unitarum
1303 3504 1525 3582 necessarium,

9 3587 10 3610 ¹
76 3603 103 3660 ut
118 3600 231 3684 scripti
246 3594 348 3680 aliqui
360 3595 426 3659 sint
438 3595 590 3661 Oenones.
606 3636 644 3644 —
664 3598 703 3661 II.
720 3596 827 3662 Prota.
846 3595 897 3660 Au
910 3595 1052 3659 (latrones
1065 3591 1281 3656 Ecclesiastici
1293 3593 1438 3677 obligent
1449 3616 1525 3658 con-

9 3679 10 3690 ³
75 3679 256 3754 seientiam?
281 3685 372 3767 Hesp.
395 3686 456 3771 dff.
481 3687 691 3750 communiter
718 3685 876 3750 Pontificii
901 3685 938 3748 de
962 3684 1109 3748 omuibus
1125 3680 1264 3764 Legibus
1281 3681 1441 3758 humanis,
1455 3686 1525 3746 tum

9 3785 10 3814 ³
74 3772 297 3844 Ecclesiasticis
320 3777 389 3836 tum
417 3774 564 3858 politicis.
578 3774 660 3840 Vide
675 3778 812 3852 Zrcrtrcs,
826 3776 964 3859 aliosque
975 3775 1145 3856 Scriptores
1157 3772 1194 3834 de
1205 3771 1345 3855 Lepidus,
1359 3772 1525 3836 Bellurrui·

75 3883 101 3928 ru
161 3867 219 3934 tit.
234 3869 267 3929 3.
280 3865 318 3929 cle
329 3865 462 3928 Ecclesia
474 3885 498 3929 c.
515 3865 566 3930 ll.
579 3865 761 3930 dresserum
775 3865 913 3949 (aliosque
925 3865 961 3927 de
976 3861 1166 3928 Conscientia
1180 3860 1393 3944 disputantes;
1412 3861 1524 3945 impri-

75 3973 101 4016 u
157 3958 347 4042 ttptnnsam
370 3955 391 4018 ὰ
418 3955 524 4018 Castro
536 3954 601 4019 Lit.
617 3955 646 4018 l.
659 3955 696 4018 dc
711 3954 860 4020 Potestutc
873 3954 946 4036 lepis
955 3951 1096 4036 poenalis
1109 3971 1174 4032 cap.
1193 3949 1222 4012 4.
1237 3949 1292 4013 ubi
1308 3953 1437 4032 operose
1450 3952 1473 4015 tc
1485 3973 1523 4015 ex

74 4062 101 4124 pr
133 4069 203 4112 esso
228 4045 372 4128 disputat
387 4046 496 4108 contra
508 4044 573 4106 tot.
590 4046 706 4109 Gersort
723 4044 760 4107 de
780 4044 843 4128 tjtta
856 4043 957 4125 spirit.
971 4042 1097 4106 (atrimae
1109 4042 1170 4103 lect.
1188 4039 1218 4102 t.
1236 4039 1378 4102 adductis
1391 4043 1460 4103 octo
1473 4062 1524 4104 ar-

73 4153 101 4214 gt
133 4135 240 4200 entis:
255 4139 353 4219 atquc
365 4135 428 4197 una
440 4132 588 4196 refutatis
601 4131 662 4217 (uti
673 4133 780 4217 putat)
793 4132 939 4195 omnibus
954 4129 1101 4194 Gersonis
1114 4131 1136 4192 b
1150 4127 1282 4190 aliorum
1297 4128 1438 4210 ejusdem
1451 4151 1523 4192 sen·
1582 4207 1590 4226 ·

71 4225 101 4286 tet
133 4225 178 4290 >re
190 4224 356 4290 fautorum
368 4220 607 4306 objectionibus.
625 4219 699 4305 Cup.
714 4222 743 4284 5.
758 4221 886 4299 limitat,
903 4243 963 4284 nou
978 4240 1103 4283 ornnem
1116 4216 1233 4301 Legem
1249 4216 1423 4281 humanam
1439 4240 1522 4282 sem·
1553 4269 1562 4295 ,

73 4331 101 4392 pe
133 4319 183 4380 .ut
199 4315 241 4382 ad
255 4333 382 4396 semper
393 4309 536 4395 obligare
549 4310 589 4374 ad
601 4311 906 4402 culpammortalem
920 4332 926 4372 :
945 4310 966 4372 b
980 4331 1034 4372 sex
1047 4308 1139 4392 sigua
1155 4329 1210 4370 seu
1224 4305 1411 4370 documenta
1423 4308 1521 4383 addu-

72 4401 101 4465 ril
137 4405 243 4471 ···ibns
256 4400 405 4488 cognosci
417 4404 522 4486 posset
535 4398 651 4485 Legem
669 4400 735 4466 sire
749 4400 874 4466 civilem
888 4399 953 4464 sive
966 4397 1149 4462 carronicam
1162 4396 1201 4458 ad
1214 4396 1341 4480 culpam
1355 4399 1522 4550 mpptalem

1333 4501 1340 4516 ·
1366 4507 1385 4550 o
1421 4506 1520 4570 rgare.
