3722 4850
289 283 333 350 40
666 277 1084 344 PonrrrcaaEccnnsmsrrcan
1096 276 1218 344 Pensl.
1242 274 1308 342 hro.
1323 271 1367 340 ll.

289 466 395 552 posita
417 465 515 530 aliam
526 464 612 530 viam
623 464 760 551 ingressi
772 469 846 529 sunt
859 462 931 529 Viri
943 463 1099 529 melodiae
1110 485 1218 530 sacrae
1235 460 1458 540 amantissimi,
1471 460 1531 525 hoc
1543 460 1649 526 solum
1661 483 1764 547 agen-

290 560 349 636 tes,
361 559 398 621 ut
410 558 569 620 retentam
581 555 691 640 podsin
705 554 843 621 [letberti
855 556 874 618 ir
885 554 1032 638 neglecti
1044 554 1159 637 pedum
1172 554 1196 618 dr
1207 551 1406 637 syllabarum
1418 550 1608 634 quantitate,
1618 551 1659 615 ab
1669 551 1767 635 inep-

242 677 247 690 ·
289 645 331 712 tis
343 648 367 712 b
378 644 552 710 fastidiosis
564 666 677 709 vocum
685 643 926 728 supplementis,
940 646 959 707 b
970 642 1099 707 vocibus
1114 642 1267 720 barbaris,
1277 639 1470 726 impropriis,
1478 661 1536 703 nec
1547 646 1676 716 γνησίως
1686 639 1766 704 Bel-

291 733 382 819 gicis‚
405 732 542 817 denique
565 736 586 797 a
606 733 678 797 rudi
701 732 837 797 istorum
848 735 1029 816 temporum
1039 731 1130 815 pobsi
1142 730 1311 814 rhytmice,
1325 730 1508 800 liberarent.
1520 733 1559 800 In
1570 733 1631 796 hoe
1644 750 1767 814 genere

251 821 256 827 “
290 821 497 887 utilissimam
520 842 649 904 operam
672 821 870 905 praestitisse
892 820 974 884 mihi
994 820 1081 885 risus
1106 821 1307 886 Christianus
1329 841 1393 884 ean
1413 823 1521 904 chle,
1535 823 1627 902 cuius
1642 818 1764 901 psalmi

291 909 490 976 Datheniani
510 909 696 994 interpolati
719 909 905 994 prodierunt
928 907 1028 994 Lugd.
1054 908 1166 973 Batav.
1184 932 1267 973 anno
1286 909 1381 972 1649.
1395 909 1457 976 Sed
1468 913 1548 977 haec
1561 911 1599 975 de
1614 907 1766 972 melodiis

292 999 390 1064 sacris
402 1021 476 1064 cum
488 997 601 1078 refero,
614 999 791 1083 putandum
802 1020 867 1064 non
879 1002 928 1063 est
940 1001 960 1062 ia
971 1019 1033 1076 me,
1045 1019 1103 1062 nec
1116 997 1156 1061 ah
1168 997 1321 1062 Ecclesiis
1333 999 1450 1064 nostris
1463 999 1613 1088 Belgicis,
1622 1019 1764 1079 quarum

293 1087 395 1154 ordini
419 1089 443 1154 b
465 1087 547 1152 mori
559 1087 694 1167 assuevi,
710 1087 914 1152 condemnari
930 1109 1052 1152 morem
1064 1086 1200 1151 aliarum
1212 1086 1438 1154 Ecclesiarum.
1455 1089 1560 1168 Absit,
1573 1087 1667 1152 absit
1683 1083 1764 1148 Om-

292 1177 387 1242 nibus
412 1177 550 1260 quidem,
574 1177 808 1260 comparatione
832 1175 992 1241 rariorum
1012 1175 1104 1250 ἠθῶν,
1123 1175 1190 1240 sire
1208 1174 1349 1254 ἄρχαίων,
1371 1177 1438 1242 sire
1450 1175 1766 1253 remansissemus,

292 1266 333 1331 ad
352 1264 473 1330 tutiora
484 1268 541 1330 aut
551 1265 785 1349 praestantiora
800 1265 989 1329 contendere
1002 1263 1093 1341 lieet3
1108 1263 1153 1328 sic
1165 1267 1272 1328 tamen
1283 1284 1323 1326 ne
1336 1263 1414 1330 alios
1427 1266 1461 1330 in
1473 1265 1655 1350 adiaphoris
1668 1265 1693 1329 e
1707 1285 1765 1326 err·

294 1353 394 1419 ternis
409 1353 601 1439 quibusdam
613 1354 707 1418 aliter
719 1357 851 1439 agentes
863 1353 1083 1418 condemnent.
1107 1351 1235 1436 Optime
1248 1355 1405 1418 statutum
1423 1353 1580 1439 aSynodo
1591 1351 1765 1418 Natiouali

292 1443 425 1528 Belgica
448 1442 703 1528 flagae-comitis
727 1464 810 1506 anno
824 1442 920 1511 1586.
933 1441 1034 1506 Artic.
1050 1441 1100 1506 78.
1116 1442 1154 1507 In
1165 1441 1257 1506 rebus
1269 1440 1455 1526 adiaphoris
1466 1443 1684 1528 reprobandae
1697 1461 1768 1504 neri

292 1543 368 1599 aunt
390 1533 541 1598 Emlesiae
563 1543 736 1610 extraneae,
749 1551 828 1616 qnae
839 1531 941 1596 ulium
952 1531 1065 1596 itabant
1075 1551 1182 1610 marn,
1199 1551 1235 1596 ae
1247 1551 1316 1596 nos.
1329 1529 1438 1597 Unum
1454 1531 1630 1598 necessaria
1646 1552 1768 1594 caren-

293 1621 370 1686 dum
381 1643 421 1685 ne
437 1619 569 1685 libertas
581 1620 615 1684 in
631 1620 794 1685 licentiam
808 1623 962 1698 transeat,
975 1621 998 1686 11
1010 1618 1152 1697 Cantica,
1165 1641 1247 1702 quae
1259 1619 1381 1704 aliquid
1392 1620 1587 1698 heterodoxi,
1601 1623 1660 1684 aut
1673 1617 1763 1702 peri·

293 1709 405 1788 culosi,
428 1713 485 1774 aut
507 1709 694 1788 scandalosi,
720 1711 776 1774 aut
786 1707 939 1793 gravitati
955 1730 992 1772 ac
1007 1707 1167 1772 devotioni
1180 1707 1410 1774 ecclesiasticae
1423 1709 1554 1774 minime
1570 1707 1769 1773 conveniens

294 1798 454 1864 continere
466 1797 755 1882 deprehenduntur,
768 1796 806 1862 de
819 1819 900 1861 novo
911 1797 1164 1876 introducantur,
1177 1799 1233 1860 aut
1244 1796 1427 1862 introducta
1438 1797 1648 1864 retineantur.
1662 1795 1770 1860 Paulo

295 1890 369 1952 ante
392 1886 584 1964 notavimus,
600 1887 756 1970 quomodo
769 1884 866 1950 Arius
878 1908 952 1950 cum
964 1885 1173 1950 sectatoribus
1189 1907 1245 1970 per
1258 1883 1389 1951 Cantica
1403 1909 1460 1952 sua
1472 1887 1638 1951 hominum
1652 1885 1770 1949 seduc·

294 1976 415 2041 fiunem
426 1974 530 2041 moliti
546 1975 620 2039 sint.
633 1973 790 2040 Similiter
805 1973 926 2039 Psalmi
938 1971 1238 2038 Valentinianorum
1252 1977 1271 2038 b
1287 1976 1479 2041 Tertulliano
1491 1974 1688 2039 damnantur
1698 1974 1769 2040 Lib.

297 2065 329 2130 2.
338 2064 376 2129 de
386 2084 480 2129 earne
493 2061 1772 2148 6111111111).17.8120.1111111Ε111111(111.11.7.1αρ.24.Ρ1111111181ωο111ουο

296 2153 487 2236 compositos
499 2153 533 2215 in
545 2151 720 2217 Ecclesiam
732 2151 831 2216 fuisse
843 2151 1049 2229 introductos,
1066 2151 1191 2235 rejectis
1205 2150 1354 2229 Psalmis,
1371 2153 1427 2237 qui
1440 2153 1479 2217 de
1491 2152 1618 2217 domino
1632 2151 1771 2216 Christo

297 2239 626 2325 loquebantur-111.
641 2241 678 2327 [l.
692 2239 752 2305 ΠΙ.
761 2241 784 2304 dr
793 2238 868 2327 IV.]
877 2240 952 2306 Scct.
962 2238 1011 2303 De
1018 2239 1269 2322 pobsibmusica
1278 2239 1491 2306 Canticorum.
1501 2240 1591 2317 Quod
1601 2241 1771 2324 adpoesin

296 2329 363 2396 sive
375 2328 567 2414 rhytmicarn
580 2328 747 2414 Europeis,
757 2327 930 2408 Arabibus,
940 2327 1056 2407 Persis,
1067 2327 1223 2392 Hebraeis
1232 2329 1395 2409 usitatam,
1404 2329 1470 2394 sive
1479 2329 1575 2394 aliam
1586 2351 1773 2412 quamcun-

298 2439 359 2503 que
365 2418 449 2501 apud
458 2416 594 2483 Graecas
603 2416 761 2485 &Latinos
770 2421 941 2501 receptam,
951 2417 1019 2501 ejus
1028 2439 1121 2481 usum
1130 2439 1199 2482 esse
1207 2416 1345 2482 inCantu
1355 2441 1443 2484 sacro
1452 2419 1492 2482 ad
1501 2417 1774 2503 intelligentiam,

295 2507 492 2586 memoriam,
516 2507 649 2572 affectus
671 2506 776 2590 magis
799 2506 991 2584 excitandos,
1016 2509 1193 2590 agnoscunt
1215 2528 1325 2571 omnes
1348 2507 1510 2572 Ecclesiae
1526 2509 1595 2570 tum
1607 2506 1774 2590 antiquae

296 2598 366 2660 tum
377 2595 565 2660 hodiernae:
580 2593 698 2679 quippe
711 2616 793 2680 quae
804 2595 924 2659 talibus
937 2593 1076 2658 Canticis
1088 2597 1233 2660 utuntur.
1247 2594 1295 2658 De
1307 2596 1403 2660 metri
1415 2595 1438 2660 11
1451 2594 1575 2680 ροὸεἱοε
1587 2617 1660 2672 usu,
1678 2617 1776 2678 prae

296 2683 426 2762 stantit,
449 2686 518 2748 arte
537 2683 571 2747 iu
599 2705 715 2768 genere
731 2686 986 2748 commentantur
1001 2680 1178 2766 Scriptores
1190 2683 1237 2748 rei
1248 2683 1401 2767 poeticae,
1412 2685 1474 2750 tut.
1491 2685 1605 2749 Caesar
1615 2683 1777 2769 Serdiper,

296 2772 488 2840 Rotortellar
499 2773 536 2838 in
550 2773 779 2837 Commentario
791 2772 834 2837 ad
845 2772 1019 2837 Aristotelis
1033 2772 1198 2850 Poe'tieam,
1220 2773 1354 2852 Vossius,
1367 2775 1429 2838 lae.
1445 2773 1622 2850 Pantanus,
1638 2775 1778 2858 Profirs·

295 2881 379 2928 sures
393 2859 700 2940 dementarentur
712 2861 746 2925 in
758 2860 1016 2946 Encyolepaediri;
1028 2861 1051 2926 1
1063 2882 1101 2924 ex
1113 2860 1254 2944 antiquis
1270 2861 1356 2926 Beda
1368 2864 1403 2926 in
1416 2861 1518 2928 Libris
1526 2863 1564 2926 de
1573 2862 1774 2928 liernctricd.

298 2951 328 3014 1.
343 2952 467 3034 Quaeri.
480 2947 534 3014 An
544 2971 653 3014 omnes
666 2948 797 3029 Psalmi,
809 2947 942 3032 Hymni,
955 2947 1086 3014 Cantica
1097 2948 1130 3012 in
1142 2947 1286 3014 Ecclesia
1298 2954 1373 3015 ante
1384 2949 1548 3015 Christum
1560 2951 1583 3014 b
1593 2954 1667 3034 post
1676 2949 1779 3016 Chri·

297 3043 383 3104 stum
405 3037 526 3104 fuerint
548 3038 669 3118 metris,
687 3037 902 3122 autrhytmis,
919 3041 976 3102 aut
991 3037 1134 3120 utrisque
1149 3037 1291 3117 astricta,
1306 3038 1448 3104 dubitari
1460 3042 1576 3124 potest.
1601 3037 1779 3104 Videntur

295 3127 423 3208 quidem
435 3126 560 3192 numeri
571 3127 595 3192 1
606 3131 709 3191 metra
722 3125 830 3191 cantui
841 3125 977 3190 maxime
989 3126 1171 3190 convenire:
1185 3125 1232 3190 ita
1243 3132 1410 3192 senserunt
1423 3127 1542 3192 Poetae
1553 3127 1683 3211 antiqui
1696 3133 1775 3194 turn

297 3215 409 3280 Graeci
431 3218 501 3280 tum
524 3214 642 3294 Latini,
665 3237 723 3280 uec
746 3236 810 3280 non
821 3214 972 3298 rhytmici
983 3236 1092 3279 omnes
1104 3212 1318 3280 Orientalium
1330 3217 1353 3282 11
1367 3217 1551 3301 vulgarium
1563 3215 1774 3300 linguarum.

297 3302 381 3369 Hinc
393 3307 451 3382 est,
464 3303 549 3388 quod
560 3305 595 3364 τὸ
607 3325 719 3369 canere
731 3303 755 3368 1
767 3325 894 3368 carmen
906 3325 1056 3387 pangere,
1069 3302 1235 3378 συνονὺμως
1246 3308 1449 3389 usurpentur.
1462 3304 1556 3370 Certe
1566 3305 1605 3369 de
1618 3305 1776 3390 antiquis

298 3390 490 3456 Christianis
513 3413 552 3457 ex
575 3385 693 3469 Plinio,
723 3393 935 3459 Tertullianus
957 3393 992 3456 in
1004 3393 1132 3476 Apolop.
1146 3413 1212 3476 cap.
1227 3393 1257 3456 2.
1270 3393 1452 3458 convenisse
1466 3415 1519 3458 eos
1531 3393 1574 3458 ad
1585 3395 1781 3460 aeneidum

303 3479 426 3548 Christo
450 3478 483 3546 'd
493 3481 576 3546 Deo:
588 3472 677 3545 Idem
689 3481 735 3546 sic
746 3479 845 3546 refert
857 3482 1072 3566 Hieronymus
1085 3481 1120 3544 in
1133 3481 1217 3565 [pag.
1232 3480 1314 3567 531]
1330 3482 1481 3548 Chronico
1493 3481 1622 3548 Ertaebii
1633 3481 1679 3545 ad
1690 3503 1781 3548 ann.

300 3569 378 3636 233.
400 3567 473 3653 lpse
486 3567 608 3634 Plinius
621 3591 717 3652 supra
732 3569 786 3635 cit.
800 3569 845 3634 sic
858 3569 966 3634 effert:
980 3590 1167 3655 carmenque
1184 3569 1317 3648 Christo,
1329 3571 1422 3656 qnasi
1434 3571 1511 3650 Deo,
1524 3571 1624 3636 diem
1639 3570 1705 3636 cibi
1724 3573 1783 3637 in-

299 3658 405 3724 vicem.
428 3655 581 3734 Quamvis
604 3661 711 3723 autem
731 3679 792 3722 vox
804 3657 953 3722 carminis
968 3657 1139 3740 aliquando
1155 3662 1245 3724 notet
1257 3659 1411 3743 quidquid
1423 3659 1583 3743 conceptis
1600 3659 1713 3725 verbis
1728 3661 1784 3725 di·

300 3750 435 3826 ceretur,
460 3747 629 3833 (quomodo
653 3745 897 3831 intelligendum
908 3746 1006 3811 illud:
1023 3745 1173 3812 Carmina
1184 3747 1222 3811 de
1234 3748 1321 3812 coelo
1333 3750 1467 3830 possunt
1478 3747 1630 3812 deducere
1642 3747 1784 3833 lunam)

301 3835 427 3921 proprie
438 3839 546 3899 tamen
559 3835 719 3919 significat
729 3835 901 3901 canticum:
916 3834 1073 3919 siquidem
1085 3839 1208 3901 veteres
1220 3857 1314 3902 casae
1326 3835 1474 3902 dicebant
1486 3858 1543 3920 pro
1554 3857 1642 3914 cano,
1651 3857 1785 3904 marne·

300 3945 361 3990 nae
371 3945 430 4009 pro
441 3943 615 4003 camomae,
628 3945 753 3989 carmen
764 3945 822 4008 pro
833 3944 969 3990 carnaea.
982 3923 1033 3987 Ex
1045 3923 1146 3989 Libris
1167 3923 1200 3991 V.
1217 3927 1251 3990 Τ.
1266 3923 1409 3990 Psalmos
1418 3923 1550 3989 Doridis
1559 3924 1709 4010 aliosque
1722 3925 1785 3992 Li-

302 4013 376 4078 bros
387 4009 668 4098 Hagiographosb
679 4011 834 4091 Poeticos,
848 4013 958 4077 metris
967 4012 1114 4077 astrictos
1123 4035 1191 4078 esse
1200 4013 1361 4078 contendit
1369 4014 1581 4101 Hieronymus
1590 4014 1625 4078 in
1636 4015 1787 4101 Eulepa

301 4102 344 4166 ad
363 4100 554 4166 Chronieum
565 4101 700 4180 emetri,
713 4104 737 4168 b
752 4102 785 4166 in
799 4102 939 4187 Praesat.
952 4101 996 4166 ad
1007 4101 1139 4166 Librum
1150 4102 1219 4167 Jobi
1226 4126 1238 4179 ;
1250 4103 1339 4186 cujus
1351 4103 1557 4167 autoritatem
1570 4101 1710 4185 plurimi
1726 4128 1785 4171 se-

302 4189 369 4254 cuti
393 4193 476 4254 sunt.
493 4187 525 4253 Α
535 4211 598 4273 quo
610 4190 757 4254 dissentit
768 4189 919 4256 Steaebus
937 4190 1142 4276 libentinam
1154 4191 1319 4276 eidemque
1331 4191 1468 4277 Scaliger
1480 4191 1515 4256 in
1532 4191 1619 4258 Notis
1632 4190 1665 4257 d·
1677 4197 1788 4260 ouati-

300 4277 480 4364 qatianibua
502 4279 545 4344 ad
566 4278 737 4345 Eusebium
756 4299 832 4364 pap.
856 4279 886 4344 7.
911 4279 986 4343 edit.
1009 4283 1128 4362 paster.
1148 4279 1252 4344 valide
1263 4279 1426 4358 reclamat,
1439 4277 1560 4366 negaris
1573 4278 1657 4344 ullas
1674 4284 1788 4348 metri

302 4367 390 4452 leges
402 4366 527 4450 uspiam
539 4370 680 4431 servatas
692 4389 771 4447 esse,
784 4367 846 4432 nisi
857 4367 891 4432 iu
903 4367 1033 4434 Cantica
1045 4369 1172 4434 Denter.
1190 4369 1242 4432 32.
1255 4367 1340 4452 quod
1351 4367 1516 4452 rhytmum
1528 4367 1628 4432 habet
1643 4367 1667 4432 b
1680 4391 1788 4436 acee-

1735 4459 1792 4525 dit
