3668 4856
316 293 380 358 302
615 295 697 402 Pras
720 293 779 362 111.
804 295 852 361 Du
875 293 1028 364 Reorurss
1052 297 1143 364 Ecca.
1167 319 1198 362 ru
1222 319 1344 362 arunas.
1367 297 1434 363 Lm.
1459 297 1485 363 Ι.

311 483 349 547 de
375 481 555 565 pastoribus
578 482 766 567 oppidorum
792 505 829 549 ac
840 483 990 563 vicorum,
1010 486 1064 570 qui
1077 485 1111 550 iu
1124 486 1277 562 classibus
1288 487 1406 552 nostris
1418 490 1619 572 comparent:
1643 487 1763 569 inillis,

312 592 383 635 cum
409 570 444 633 in
469 571 643 636 minoribus
666 573 730 637 illis
753 572 904 638 Ecclesiis
923 576 1158 640 concionatores
1181 577 1320 662 collegas
1343 577 1449 641 nullos
1473 576 1625 654 habeant,
1660 578 1767 642 electio

315 682 378 724 non
389 659 523 725 obtinet.

357 747 399 812 II.
415 750 538 831 eroest.
549 751 599 816 Aa
607 751 703 817 literis
711 751 857 818 mandati
864 750 895 817 d
900 753 973 842 fidei
979 774 1086 819 omues
1096 755 1186 839 lcyati
1195 755 1453 831 instruendam,
1466 754 1497 821 a
1502 775 1561 840 per·
1569 757 1671 842 quos?
1683 758 1768 841 desp.

356 837 382 902 Ι.
410 835 511 906 Conci.
535 837 583 903 De
595 839 696 904 literis
708 840 780 904 fidei
793 841 938 906 absolute
950 841 1145 907 affirmatur:
1170 843 1245 927 quia
1257 847 1332 908 sunt
1345 845 1484 930 delegati
1497 849 1766 928 repraesentantes

313 949 376 1006 eos,
397 930 416 992 a
437 927 552 1010 quibus
573 929 761 1006 mittuntur;
778 932 1050 1012 &attendendum
1063 954 1102 996 ne
1119 933 1174 1016 qui
1187 933 1351 1017 synodales
1366 933 1603 1018 hypobolimaei
1620 934 1767 1019 irrepant.

357 1015 398 1081 ll.
425 1018 526 1083 Coraci.
551 1013 597 1082 De
616 1017 717 1083 literis
730 1020 882 1099 mandati,
895 1042 951 1084 seu
964 1021 1001 1086 de
1013 1021 1218 1086 instructione
1232 1022 1291 1101 (uti
1303 1026 1430 1105 vocant)
1442 1023 1701 1108 distinguendum
1715 1031 1769 1091 est.

315 1105 501 1171 Mandatum
523 1111 572 1171 est
588 1107 638 1171 vel
651 1109 809 1192 generale,
822 1109 872 1173 vel
884 1109 1036 1193 speciale:
1064 1109 1150 1176 Illud
1161 1114 1210 1174 est
1222 1111 1259 1174 de
1272 1110 1358 1175 fideli
1370 1112 1393 1176 dr
1404 1112 1457 1196 pie
1469 1113 1612 1177 omnium
1625 1113 1767 1178 determi-

313 1196 458 1272 natione;
482 1195 577 1278 idque
603 1219 642 1260 ex
669 1197 765 1261 verbo
792 1196 862 1262 Dei.
887 1199 976 1264 Istrcd
997 1211 1051 1278 est,
1069 1201 1117 1264 vel
1130 1200 1168 1263 de
1179 1199 1425 1282 particularibus
1439 1201 1630 1285 quibusdam
1643 1202 1766 1267 nomine

313 1307 370 1349 suo
396 1283 428 1348 in
446 1284 577 1349 concilio
596 1287 807 1370 proponendis
820 1293 916 1372 atque
929 1288 1093 1374 urgendis:
1112 1288 1163 1353 vel
1176 1289 1214 1352 de
1229 1289 1389 1353 communi
1403 1289 1617 1355 Ecclesiarunr
1629 1291 1767 1356 doctrina

312 1397 348 1438 ac
362 1373 516 1458 regimine
528 1396 591 1439 non
603 1377 764 1454 mutanda,
777 1399 835 1460 per
846 1377 967 1442 subitas
979 1377 1002 1442 du
1015 1377 1213 1461 improvisas,
1226 1377 1397 1462 aliquando
1410 1378 1506 1444 etiam
1518 1379 1668 1445 subdolus
1679 1380 1767 1444 inno·

314 1463 454 1528 vationes
477 1463 500 1528 h
523 1463 721 1529 obtrusiones
744 1487 862 1544 eorum,
886 1467 924 1530 de
946 1467 1061 1550 quibus
1081 1466 1241 1532 Ecclesiae
1254 1467 1437 1552 delegantes
1450 1469 1695 1534 auteamonitae
1709 1491 1768 1534 uon

314 1556 398 1630 sunt,
419 1573 476 1617 nec
491 1551 666 1618 deliberare
682 1559 864 1637 potuerunt.
888 1555 936 1618 De
948 1555 1095 1620 omnibus
1107 1556 1172 1620 illis
1183 1556 1260 1639 quin
1276 1558 1423 1622 mandata
1436 1558 1697 1623 &instructiones
1711 1564 1769 1623 lor·

314 1641 395 1706 mari
418 1641 550 1725 possint,
571 1664 664 1706 nemo
685 1644 867 1728 negaverit3
891 1643 952 1708 nisi
976 1646 1032 1728 qui
1051 1645 1270 1729 oligarchiam,
1294 1646 1376 1710 &ex
1396 1651 1434 1710 eh
1452 1647 1543 1730 quasi
1556 1647 1769 1732 episcopatum

314 1752 419 1814 quem,
443 1730 592 1816 regimini
614 1731 836 1816 presbyteriali
863 1733 958 1797 nimis
985 1755 1082 1818 quam
1105 1734 1317 1814 insidiantem,
1330 1735 1436 1800 moliri
1448 1735 1535 1801 velit.
1560 1735 1679 1801 Contra
1691 1759 1767 1821 quas

316 1819 431 1884 idcirco
457 1824 610 1904 perpetuo
637 1820 886 1906 invigilandum:
912 1826 947 1887 ut
970 1821 1003 1885 in
1014 1822 1163 1888 omnibus
1175 1824 1224 1906 jus
1237 1824 1316 1888 illud
1332 1824 1583 1908 adaequationis,
1595 1826 1680 1910 quod
1692 1825 1773 1912 regi·

316 1909 411 1974 minis
430 1909 581 1973 nostratis
593 1908 835 1974 fundamentum
850 1915 908 1990 est,
925 1912 1044 1976 servari
1057 1912 1167 1997 possit.
1191 1912 1281 1988 Quod
1293 1914 1332 1977 ad
1348 1935 1459 1978 causas
1472 1913 1690 1997 particulares,
1703 1915 1772 1978 illae

316 2001 399 2078 sunt,
423 1997 473 2062 vel
484 1998 579 2081 plane
594 1997 784 2082 incognitae,
797 2001 846 2064 vel
861 2000 984 2065 emissis
995 2000 1235 2086 gravaminibus
1248 2024 1423 2086 expressae.
1448 2001 1550 2087 Super
1562 2003 1633 2068 istis
1645 2005 1772 2089 presby·

315 2087 397 2152 teria
423 2088 446 2152 h
472 2087 583 2171 synodi
606 2087 817 2153 districtuales
842 2111 898 2153 seu
921 2091 1036 2154 classes
1059 2113 1116 2174 pro
1139 2095 1197 2156 sua
1220 2096 1310 2175 parte
1323 2092 1534 2156 determinare
1547 2097 1681 2176 possunt
1689 2116 1700 2180 3
1722 2095 1773 2158 aut

316 2175 431 2262 legatis
449 2177 514 2240 suis
530 2176 679 2241 mandare
694 2181 729 2240 ut
744 2177 860 2242 auditis
877 2178 1012 2243 aliorum
1024 2181 1189 2244 sententiis
1206 2184 1269 2244 nna
1281 2203 1352 2250 cum
1369 2181 1501 2264 reliquis
1517 2182 1723 2266 synodalibus
1737 2205 1772 2246 er

318 2286 391 2329 vero
415 2266 438 2330 dr
464 2265 547 2329 bono
561 2265 722 2344 definiant,
736 2268 759 2333 a
771 2267 889 2350 synodo
901 2289 933 2332 se
948 2268 1149 2332 submittant.
1174 2268 1276 2353 Super
1288 2270 1426 2354 negotiis
1438 2271 1574 2335 &causis
1586 2271 1681 2355 plane
1693 2273 1775 2336 iuco-

298 2394 301 2400 ψ
317 2354 427 2438 gnitis,
452 2353 535 2418 nihil
558 2354 801 2420 instructione&
820 2357 966 2420 mandato
982 2357 1199 2442 delegantium
1211 2359 1310 2422 statui
1323 2363 1438 2442 potest.
1463 2358 1579 2435 Quales
1596 2364 1682 2442 sunt,
1696 2381 1772 2445 quae

318 2443 543 2528 particularem
555 2465 652 2527 quam
668 2443 853 2526 Ecclesiam,
867 2450 923 2510 aut
937 2445 1130 2527 ministrum,
1143 2451 1199 2512 aut
1210 2447 1336 2513 fidelem
1352 2453 1562 2515 concernunt:
1587 2451 1681 2533 &per
1696 2451 1773 2535 peti·

316 2531 436 2597 tionem
459 2533 525 2598 sive
548 2533 682 2608 consilii,
705 2533 770 2600 sive
794 2534 916 2616 auxilii,
941 2541 996 2600 aut
1017 2557 1074 2620 per
1096 2537 1276 2622 legitimam
1299 2538 1557 2622 provocationem
1580 2538 1620 2604 ad
1646 2539 1774 2605 concilia

318 2621 434 2685 deferri
446 2621 559 2686 solent.

361 2708 420 2774 ΙΙΙ.
447 2712 546 2777 Coraci.
570 2709 797 2777 instructiones
825 2714 1009 2780 &mandata
1021 2714 1124 2779 danda
1136 2719 1242 2780 sunta
1258 2716 1479 2802 delegantibus
1492 2739 1548 2782 seu
1565 2717 1772 2782 mittentibus.

318 2798 381 2865 Sed
407 2800 582 2883 quaeritur,
605 2822 646 2865 an
670 2801 730 2865 soli
753 2801 934 2867 immediate
948 2805 970 2869 tr
982 2804 1125 2888 proxime
1137 2805 1319 2890 delegantes
1334 2805 1387 2869 hic
1398 2805 1599 2892 intelligendi
1612 2807 1678 2871 sint
1690 2829 1716 2870 e.
1729 2827 1774 2890 gr.

318 2890 455 2973 synodus
478 2889 684 2954 districtualis
708 2913 764 2955 seu
787 2892 897 2978 classis
923 2892 1050 2956 mittens
1075 2892 1114 2957 ad
1137 2894 1547 2978 synodumprorincialem;
1573 2918 1615 2960 an
1631 2893 1775 2960 etiamad

316 2979 531 3043 abundantem
557 2979 714 3043 cautelam
730 2980 858 3066 singula
869 2982 1077 3067 presbyteria,
1091 2983 1130 3046 ad
1145 2983 1278 3047 classem
1290 2983 1453 3069 delegatos
1466 3007 1540 3048 suos
1552 2984 1724 3064 mittentia,
1737 3005 1771 3048 ex

316 3068 432 3154 quibus
456 3068 566 3132 classis
592 3069 805 3135 constituitur.
829 3069 941 3136 Praxis
965 3071 1050 3154 apud
1072 3094 1129 3136 nos
1152 3072 1264 3137 variat.
1290 3071 1418 3137 Alicubi
1442 3073 1527 3138 enim
1540 3075 1579 3138 ad
1592 3073 1773 3160 gravamina

316 3156 479 3241 synodalia
491 3157 523 3220 in
535 3157 669 3241 singulis
684 3159 890 3244 presbyteriis
902 3160 1125 3244 respondetur;
1143 3183 1241 3245 eaque
1254 3182 1404 3246 responsa
1416 3163 1440 3228 lt
1452 3161 1578 3230 decreta
1592 3164 1632 3227 ad
1644 3163 1772 3229 classem

317 3268 373 3329 per
386 3246 549 3331 delegatos
562 3246 764 3324 deferuntur3
778 3248 833 3312 ubi
848 3248 1024 3333 potioribus
1037 3249 1198 3335 suffragiis
1211 3250 1417 3316 concluditur.
1446 3250 1570 3318 Alibi&
1587 3252 1677 3338 [pag.
1699 3249 1772 3335 189]

317 3340 353 3398 ut
380 3336 553 3419 plurimum
577 3339 703 3400 tanturn
726 3337 879 3402 classibus
902 3342 1132 3423 proponuntur,
1151 3338 1174 3403 du
1190 3361 1284 3423 super
1297 3339 1336 3404 iis
1348 3340 1474 3404 decreta
1486 3341 1559 3405 inde
1573 3342 1613 3405 ad
1625 3341 1773 3426 synodum

316 3446 373 3508 per
399 3424 562 3509 delegatos
588 3425 783 3492 deferuntur.
808 3425 968 3492 Posterior
991 3428 1072 3492 ratio
1098 3429 1213 3514 agendi
1237 3428 1363 3493 videtur
1387 3429 1582 3514 expeditior:
1606 3432 1694 3515 prior
1706 3432 1773 3494 verb

317 3514 428 3593 tutior,
442 3514 464 3578 dt
481 3518 500 3576 a
515 3514 655 3596 periculo
671 3513 866 3600 eligarchiae
882 3517 1042 3581 remotior.

361 3600 420 3667 ΙΙΙ.
449 3602 571 3683 Qaruest.
596 3604 647 3668 Aa
667 3603 771 3669 literae
783 3605 855 3692 fidei
867 3604 897 3670 a·
908 3607 1053 3671 inundati
1061 3606 1182 3690 possim
1195 3607 1347 3692 delegatos
1363 3608 1425 3672 sioe
1437 3608 1547 3674 directe
1559 3609 1623 3674 siue
1635 3608 1773 3674 iculirmld

318 3692 515 3778 obstringere,
534 3714 572 3758 ae
585 3693 618 3758 ia
630 3695 725 3758 causa
737 3695 804 3773 illa,
817 3706 943 3778 propter·
955 3717 1051 3781 qaam
1063 3697 1153 3760 traice*
1164 3707 1219 3760 out
1227 3697 1443 3782 principaliter
1450 3699 1615 3764 corrodium
1628 3699 1772 3764 irrdicluru

317 3786 445 3862 norunt,
469 3783 682 3848 cletcrminenl.
708 3784 797 3866 serp.
822 3782 905 3869 Neg.
930 3783 999 3849 Hoc
1023 3784 1106 3848 enim
1130 3790 1213 3849 esset
1236 3790 1345 3851 contra
1369 3785 1585 3866 indictionem,
1609 3785 1773 3852 formam&
1822 3833 1824 3838 -

318 3894 448 3956 scopum
464 3872 555 3936 istius
567 3872 692 3937 concilii
703 3896 710 3950 ;
724 3874 746 3938 tr
758 3871 877 3936 faceret
889 3895 927 3936 ex
940 3873 1073 3938 concilio
1086 3896 1149 3938 non
1161 3875 1329 3940 concilium
1342 3898 1349 3953 3
1375 3877 1569 3960 colloquium
1581 3877 1648 3941 scil.
1666 3899 1698 3940 ac
1738 3873 1772 3937 ›l-

317 3959 468 4025 lationem
491 3983 588 4044 quam
611 3961 743 4026 duarum
766 3962 908 4046 partium
933 3963 1002 4046 pari
1017 3964 1088 4047 jure
1101 3963 1138 4028 de
1151 3967 1351 4029 controverso
1364 3964 1470 4049 aliquo
1482 3965 1710 4050 disquirentiu‘.
1739 3983 1772 4025 ac

317 4049 559 4134 disputantium.
583 4049 683 4125 Quale
706 4050 854 4135 sphalma
877 4052 1080 4116 commissum
1096 4051 1129 4115 in
1142 4051 1254 4132 literis,
1271 4075 1349 4136 quas
1362 4053 1501 4138 delegati
1518 4052 1718 4120 aemonae·
1738 4072 1772 4115 rs

317 4136 519 4223 Ultrajectini
543 4139 661 4224 synodo
677 4138 896 4204 Dordracenae
909 4163 991 4205 anno
1006 4140 1100 4204 1618.
1118 4141 1322 4207 exhibebant.
1346 4141 1416 4218 Quo
1427 4143 1558 4224 factum,
1572 4147 1608 4208 ut
1616 4145 1689 4231 jura
1738 4163 1771 4204 n·

316 4232 385 4290 tum
398 4228 547 4313 synodale
558 4251 621 4292 non
633 4229 860 4313 praest'teriut,
877 4253 934 4294 nec
947 4229 1116 4294 secundum
1129 4230 1210 4295 illud
1222 4235 1374 4315 tanquam
1384 4232 1505 4316 judices
1517 4253 1592 4297 cum
1603 4233 1675 4298 aliis
1685 4257 1702 4316 s,
1740 4251 1771 4293 o·

317 4317 441 4381 delibus
453 4317 601 4382 sederint.
622 4316 702 4381 Vide
715 4323 785 4382 acta
801 4319 941 4403 synodal.
955 4340 1027 4384 scas.
1042 4319 1094 4384 al.
1112 4320 1254 4385 &confer
1266 4319 1481 4388 narrationem
1494 4319 1706 4388 Historicaurr
1738 4318 1771 4382 tis

318 4405 523 4489 praemissam
534 4427 607 4492 pap.
621 4407 652 4473 3.
666 4408 696 4472 6.
714 4408 784 4473 edic
798 4407 830 4471 in
843 4408 897 4491 sot.
1738 4495 1754 4562 V
