3712 4850
292 317 409 383 211101.
432 315 494 384 III.
517 316 565 382 Dr:
589 316 795 384 Oouvnurmus
820 341 855 383 nr
879 317 1027 384 Ooausse.
1052 317 1178 384 Euctus,
1203 317 1276 384 (lar.
1300 317 1343 384 Il.
1488 319 1552 382 253

12 573 14 594 R
93 509 153 568 tum
172 507 287 570 mutua
299 503 323 569 b
335 503 480 588 aequalis
493 502 717 588 dependentia3
731 504 771 569 ad
782 505 895 567 mutua
911 502 1043 568 consilia
1058 503 1081 568 dr
1095 502 1214 568 auxilia
1227 503 1427 587 praestanda.
1441 502 1553 569 Omnis

12 655 14 666 ,
93 597 190 658 autam
210 593 356 658 fraterna
370 592 502 658 directio
513 615 570 676 per
581 593 771 657 decisionem
785 594 808 658 81
816 591 1068 676 jurisdictionem
1081 592 1246 677 analogice
1263 615 1319 658 seu
1330 593 1553 658 Ecclesiastice

12 683 14 704 l
92 684 131 747 sic
149 683 267 748 dictam
287 686 377 768 (nam
398 681 525 766 proprie
537 683 560 747 81
571 681 673 767 rigide
685 681 843 765 loquendo
858 681 1030 746 secundum
1043 703 1240 746 communem
1255 681 1448 747 &forensem
1460 705 1553 746 usum

93 773 168 836 rocis
189 773 223 836 in
248 771 374 856 politia,
398 793 496 855 penes
516 769 606 856 [pag.
628 769 707 856 123]
728 769 887 834 Ecclesiae
907 792 970 834 non
991 774 1039 833 est
1055 770 1246 855 jurisdictio)
1270 770 1337 836 sive
1361 774 1380 836 a
1398 771 1553 856 delegatis

12 865 14 876 ‘
91 861 300 926 Frnlesiarum
326 859 532 944 synodaliter,
555 859 621 924 sive
638 859 678 924 ab
699 859 845 924 omnibus
864 857 1014 923 Ecclesiis
1031 858 1253 943 delegantibus
1269 859 1311 924 sit
1326 858 1422 939 facta,
1439 863 1461 927 d
1481 860 1552 944 qui·
1576 930 1586 940 ,

89 949 155 1014 dem
185 971 244 1034 per
274 948 528 1033 resumptionem
551 951 607 1014 ant
634 949 837 1025 revisione1n3
865 947 989 1011 nullam
1012 947 1187 1012 Ecclesiam
1211 949 1315 1033 magis
1341 953 1397 1013 aut
1420 948 1554 1013 ulterius

12 1075 13 1080 κ
89 1038 221 1124 obligari
238 1039 280 1103 ad
291 1037 419 1102 decreta
428 1037 639 1121 “approbanda
651 1059 686 1102 ac
700 1037 896 1120 recipienda;
909 1058 1005 1119 quam
1018 1036 1191 1100 decisiones
1204 1033 1365 1103 Ecclesiae
1379 1040 1401 1104 81
1414 1037 1553 1122 synedrii

90 1127 278 1211 parochialis
290 1131 381 1190 extra
392 1147 520 1190 omnem
532 1126 799 1190 combinationem
814 1124 978 1190 classicam
994 1124 1158 1189 constituti
1170 1125 1295 1210 obligat
1307 1127 1553 1210 unumquodque

89 1217 283 1292 membrum3
296 1237 411 1300 nempe
424 1214 581 1298 quando&
593 1220 749 1299 qnatenus
763 1237 833 1279 cum
845 1213 939 1279 verbo
952 1212 1014 1278 Dei
1025 1214 1225 1294 conveniunt,
1238 1235 1320 1297 quae
1332 1214 1486 1280 credenda
1498 1219 1554 1280 aut

91 1305 277 1388 prolitmda,
292 1309 349 1368 aut
361 1301 507 1368 facienda
517 1301 737 1388 injungrmtur.
751 1302 841 1379 Quod
853 1303 881 1366 si
893 1302 989 1367 verbo
1002 1301 1062 1368 Dei
1074 1323 1255 1388 repugnare
1264 1303 1552 1388 deprehendantur,

93 1397 113 1459 t
132 1392 274 1458 Ecclesia
297 1397 354 1457 aut
373 1391 648 1476 correspondentia
660 1392 921 1477 approbationem
937 1414 974 1456 ac
987 1391 1197 1476 receptionem
1211 1411 1320 1456 eorum
1334 1398 1447 1478 urgeat
1459 1393 1553 1458 disci-

93 1481 269 1566 plinariter3
294 1485 407 1566 sponte
431 1481 601 1546 deserenda
621 1485 669 1546 est
692 1481 873 1546 communio
897 1480 1059 1545 Ecclesiae
1081 1481 1174 1545 istius
1199 1481 1401 1564 parochialis,
1425 1482 1554 1567 iusuper

92 1571 332 1636 combinationis
350 1569 500 1634 classicae
517 1591 554 1634 ac
571 1569 748 1655 synodicae,
774 1574 830 1634 aut
852 1569 991 1634 exclusio
1011 1569 1052 1633 ab
1072 1570 1200 1634 illarum
1214 1570 1433 1635 communione
1451 1592 1552 1654 aequo

93 1660 194 1725 animo
210 1659 341 1724 ferenda
352 1663 402 1724 est
414 1658 530 1742 potius,
542 1681 639 1743 quam
651 1663 688 1724 ut
703 1680 916 1744 repugnemus
932 1657 1029 1723 verbo
1045 1657 1115 1737 Dei,
1129 1659 1389 1725 &conscientiam
1405 1659 1552 1726 vulnere-

92 1771 169 1815 mus.
196 1747 354 1813 Omnibus
375 1747 461 1813 enim
481 1747 631 1813 Ecclesiis
648 1770 820 1832 earumque
840 1748 1135 1831 correspondentiis,
1156 1747 1380 1831 applicandum
1402 1751 1450 1813 est
1474 1749 1553 1812 illud

12 1901 13 1904 ,
92 1838 171 1919 quod
193 1837 293 1902 nostri
316 1836 458 1903 conciliis
482 1837 678 1920 quibuslibet
699 1837 809 1918 (etiam
826 1836 1059 1922 oecumenicis),
1081 1839 1104 1902 11
1130 1835 1363 1901 Ecclesiasticis
1387 1838 1553 1902 sententiis

94 1930 184 2010 atque
207 1925 609 1991 Excommunicationibus.
633 1925 682 1990 De
701 1949 763 2010 quo
780 1925 850 1990 fuse
864 1925 989 2010 egimus
1007 1925 1039 1989 in
1052 1927 1180 2010 Desper.
1197 1925 1287 1990 Cous.
1302 1925 1444 2010 Papatus
1457 1927 1508 1991 lib.
1522 1928 1553 1990 2.

93 2027 158 2080 secl.
172 2017 199 2080 l.
211 2036 235 2081 c.
250 2017 281 2078 3.
296 2018 327 2080 5.
343 2027 411 2080 sect.
430 2015 461 2079 2.
473 2035 496 2079 c.
513 2015 562 2079 15.
579 2015 629 2079 19.
644 2018 667 2081 a
682 2015 734 2080 uo.
751 2015 781 2079 3.
798 2026 866 2080 secl.
880 2016 910 2078 3.
923 2036 947 2078 e.
964 2014 992 2078 l.
1006 2016 1037 2080 2.
1051 2015 1080 2079 5.
1097 2013 1187 2090 Quod
1199 2013 1226 2077 si
1241 2014 1331 2093 illud,
1349 2016 1433 2100 quod
1445 2020 1554 2081 contra

94 2104 219 2168 verbum
228 2103 290 2170 Dei
298 2103 465 2168 definitum
473 2108 529 2184 est,
539 2103 604 2168 tale
613 2104 665 2183 sit,
673 2108 710 2168 ut
717 2103 823 2188 potius
832 2103 1032 2168 tolerandum
1040 2103 1195 2180 rideatur,
1204 2103 1360 2188 siquidem
1369 2126 1425 2168 nos
1434 2104 1553 2169 dissen-

95 2193 205 2257 tientes
217 2193 355 2258 tolerare
373 2192 490 2275 velint;
511 2215 608 2279 quam
623 2193 801 2258 communio
817 2191 1020 2278 parochialis,
1033 2197 1090 2256 aut
1102 2191 1233 2257 classica
1246 2191 1487 2258 deserendaaut
1499 2215 1555 2258 ex·

94 2281 187 2346 clusio
198 2281 344 2348 ferenda:
359 2280 406 2346 uti
430 2303 470 2344 ue
486 2281 624 2346 dandum
636 2286 685 2346 est
700 2281 873 2360 teneritati,
891 2280 1087 2347 &fraternae
1099 2280 1313 2346 communioni
1327 2281 1456 2366 aupaci,
1470 2284 1554 2368 quod

95 2371 215 2457 utrique
234 2369 303 2435 dari
322 2371 393 2434 vult
408 2303 511 2436 bens.
536 2369 583 2434 De
607 2377 670 2456 qna
692 2372 790 2435 ardua
813 2370 1007 2456 quaestione,
1027 2371 1185 2455 imprimis
1203 2368 1236 2432 in
1256 2368 1462 2455 hyphothesi,
1477 2371 1554 2436 alibi

94 2459 326 2546 disquirendum
344 2463 393 2524 est
404 2463 494 2542 parte
514 2459 580 2524 scil.
599 2461 618 2522 3
636 2461 727 2526 Polil.
743 2460 912 2526 Ecclesiam.
927 2460 970 2524 tit.
987 2460 1025 2524 de
1038 2458 1266 2536 Moderatione,
1281 2460 1461 2540 tolerantia,
1480 2483 1554 2545 syn-

94 2548 244 2628 cretismo,
259 2548 446 2623 secessione,
459 2548 600 2614 clavibus
617 2550 708 2635 regni
724 2549 894 2614 coelorum.

133 2635 191 2702 lll.
203 2639 292 2705 aare
307 2637 628 2722 &temperamentum
640 2637 806 2722 regiminis
818 2637 940 2703 classici
953 2642 1009 2703 aut
1025 2636 1165 2722 synodici
1177 2637 1370 2722 conspicitur
1380 2637 1413 2701 in
1428 2637 1551 2717 mediis,

95 2727 116 2791 lt
129 2726 158 2790 in
170 2727 273 2792 modo.

12 2881 14 2892 ,
135 2815 234 2881 Medio
245 2814 410 2901 generalia
421 2819 497 2880 sunt
508 2819 656 2902 quatuor;
668 2816 821 2896 visitati0,
834 2821 1006 2882 conventus
1014 2815 1162 2882 classicus
1173 2821 1229 2882 aut
1236 2816 1414 2901 synodicus,
1424 2815 1554 2899 scriptio

95 2905 115 2968 t
137 2905 242 2970 missio
265 2903 500 2990 gravaminum,
523 2906 809 2990 correspondentia.

137 2995 152 3056 l
184 2994 321 3059 Vrsilueio
345 2997 393 3057 est
411 2997 481 3058 tum
501 2993 660 3058 ordinaria
671 3015 727 3058 seu
739 2999 833 3074 stata,
846 3000 915 3059 tum
929 2995 1179 3060 extraordinaria
1191 3018 1246 3060 seu
1259 2993 1469 3058 occasionata.
1495 2993 1553 3059 ula

94 3085 139 3145 est
156 3082 356 3167 inquisitio&
371 3082 527 3165 inspectio
538 3081 689 3162 fraterna,
702 3083 785 3148 circa
797 3084 1010 3150 universalem
1022 3087 1142 3150 statum
1158 3084 1300 3149 omnium
1317 3085 1339 3149 lc
1352 3083 1552 3168 singularum

94 3167 313 3237 Ezelesiarum.
338 3172 401 3236 latu
421 3174 470 3235 est
490 3171 572 3238 circa
584 3171 680 3255 hujus
698 3176 754 3236 aut
776 3172 863 3237 illius
884 3172 1044 3238 Ecclesiae
1058 3177 1113 3237 aut
1125 3173 1234 3238 classis
1247 3171 1413 3257 negotium
1424 3171 1553 3257 aliquod

94 3260 290 3341 particulare.
303 3258 449 3346 Utraque
461 3258 502 3324 fu
514 3283 571 3344 per
582 3260 745 3345 delegatos
757 3263 780 3327 dn
793 3261 972 3326 visitatores
988 3261 1138 3327 classium
1149 3284 1264 3349 eosque
1277 3265 1333 3325 aut
1348 3282 1480 3339 annuos,
1498 3264 1553 3325 aut

94 3349 354 3413 extramdinarios
367 3349 407 3412 ad
418 3349 547 3414 unicum
560 3352 617 3413 hoc
629 3349 793 3434 negotium
806 3355 862 3414 aut
875 3351 999 3415 unicam
1012 3350 1189 3415 Ecclesiam
1202 3355 1220 3414 11
1232 3350 1387 3415 classicali
1396 3353 1553 3414 conventu

93 3437 212 3503 missas.
233 3435 377 3513 Quorum
389 3439 496 3502 neutri
508 3442 614 3503 tamen
628 3441 819 3522 potestatem
831 3438 951 3504 babent
963 3439 1137 3526 quidquam
1151 3439 1319 3504 definiendi
1332 3443 1487 3524 tanquam
1502 3461 1552 3501 re-

94 3529 208 3603 ctores3
230 3527 284 3591 sed
304 3531 430 3590 tantum
454 3527 494 3590 ad
517 3527 650 3591 classem
674 3526 832 3592 referendi
855 3531 1009 3612 tanquam
1033 3529 1228 3613 cognitores:
1253 3528 1315 3591 nisi
1340 3530 1422 3592 lorte
1446 3527 1555 3591 classis

93 3615 276 3697 praehabita
292 3616 386 3698 plena
404 3614 629 3680 informatione
649 3617 672 3681 dr
694 3617 873 3702 cognitione
893 3617 1151 3682 extraordinariis
1171 3618 1210 3681 ad
1229 3616 1456 3701 particularem
1472 3616 1555 3680 banc

93 3725 216 3768 cansam
235 3703 396 3787 deputatis
415 3703 590 3789 injunxerit
608 3727 666 3768 suo
686 3705 814 3770 nomine
834 3705 998 3790 negotium
1011 3705 1091 3771 illud
1102 3705 1162 3771 hoc
1175 3706 1225 3770 vel
1237 3706 1294 3769 illo
1305 3705 1398 3769 modo
1411 3705 1555 3789 sepiendi

92 3795 145 3855 aul
164 3792 365 3858 terminandi.
390 3792 435 3857 Et
450 3797 530 3872 tum,
556 3798 706 3858 nontam
732 3799 780 3858 est
799 3794 955 3876 judicium
976 3795 1067 3880 [pag.
1090 3795 1169 3880 124]
1192 3794 1437 3879 Deputatorum,
1458 3815 1555 3878 quam

93 3880 100 3942 i
164 3883 240 3946 :ium
251 3903 308 3946 seu
321 3881 493 3946 insinuatio
502 3881 613 3966 judicii
626 3882 808 3949 classicalis.
825 3881 980 3948 Novimus
994 3884 1165 3969 aliqnando
1178 3883 1209 3947 in
1224 3905 1299 3948 casn
1310 3882 1508 3947 necessitatis
1524 3885 1555 3947 6.

92 3992 100 4032 1
162 3972 185 4036 3.
196 3969 408 4055 autpluribus
420 3969 531 4055 synodi
543 3970 698 4056 delegatis
711 3971 968 4036 extraordinariis
981 3972 1021 4036 ad
1029 3972 1256 4056 particularem
1265 3993 1404 4047 causam,
1414 3975 1555 4054 potesta-

172 4059 357 4144 synodalem
376 4059 519 4125 concedi:
540 4061 596 4125 sed
607 4061 639 4124 id
651 4061 756 4124 minus
767 4064 873 4124 tutum
887 4061 1091 4140 arbitramur,
1105 4061 1271 4126 &eventus
1284 4083 1409 4144 semper
1421 4059 1487 4125 iere
1499 4061 1555 4125 do·

154 4149 303 4226 ‚nullum
317 4149 539 4233 compendium
551 4153 618 4215 tum
642 4149 711 4214 lieri
731 4150 831 4235 (quod
851 4149 993 4235 alioquin
1015 4149 1204 4234 intenditur)
1228 4150 1282 4214 sed
1304 4150 1413 4214 eadem
1425 4151 1555 4234 negotia

91 4257 100 4296 1
160 4259 227 4302 ⁴¹³as
241 4237 377 4323 synodos
390 4237 517 4302 revolvi.

192 4328 365 4392 miraretur
376 4327 522 4392 emericus
534 4332 659 4392 constat
671 4351 709 4392 ex
725 4327 880 4412 delegatis
893 4327 1108 4391 Ecclesiamm
1123 4326 1371 4412 parochialium
1388 4327 1556 4411 synodicus

194 4414 376 4480 *ovincialis
388 4438 426 4480 ex
438 4416 594 4501 delegatis
606 4416 766 4495 classiunn
779 4417 945 4502 synodicus
959 4417 1130 4480 nationalis
1143 4439 1181 4480 ex
1195 4415 1349 4500 delegatis
1363 4415 1555 4566 synodopum

1504 4526 1555 4569 ro-
