3668 4856
317 265 382 332 294
617 265 698 330 Pana
723 262 781 329 III.
805 263 853 327 Da
877 263 1029 328 Ruminae
1053 260 1144 329 Ecca.
1168 285 1198 327 ru
1222 283 1346 328 ornans.
1370 261 1436 328 Ins.
1460 261 1485 327 l.

324 456 452 535 ,dorum
475 452 582 538 Papae
605 454 826 520 necessitatem
849 451 993 517 stabilire
1016 451 1162 516 voluerit.
1185 449 1328 516 Ponatur
1350 451 1492 537 regimen
1516 451 1557 515 ab
1569 450 1640 534 ipso
1652 451 1782 516 Christo

324 544 525 624 ,institutum
538 544 571 606 in
587 542 738 608 Ecclesiis
751 543 930 630 quibusque
942 541 1053 625 primis
1065 539 1088 605 dt
1100 540 1345 624 parochialibus,
1358 540 1467 627 &quid
1475 562 1592 627 quaeso
1598 540 1781 625 responderi

325 637 447 719 ,potest
459 653 531 698 cum
547 632 750 712 Bellarmin0,
767 631 945 717 objicienti:
961 630 1074 695 melius
1089 629 1190 694 multo
1202 629 1363 696 Ecclesiae
1378 630 1516 715 prospici
1528 630 1589 694 hae
1603 630 1783 694 necessaria

326 726 366 802 ,b
378 725 543 807 perpetua,
554 720 615 786 hac
627 721 771 800 salutari,
784 725 864 797 tuta,
876 719 977 800 suavi,
989 719 1087 797 facili,
1100 719 1207 784 divina
1219 719 1355 805 denique
1363 719 1594 804 gubernatione
1603 741 1610 783 :
1620 741 1718 805 quam
1728 719 1783 783 illa

326 835 426 891 ,rara
450 833 513 877 non
536 811 722 890 necessaria,
744 814 940 895 sumptuosa,
964 830 1107 887 onerosa,
1123 808 1310 892 periculosa,
1326 808 1488 893 injuriosa,
1501 807 1636 888 difficili,
1652 808 1783 893 injusta,

326 902 484 980 ,humana
499 900 636 987 denique
647 900 785 966 rectione
798 921 854 983 per
866 897 1008 984 Synodos
1022 897 1264 982 episcoporum?
1288 896 1351 962 Sed
1362 897 1490 962 transiri
1504 919 1566 961 non
1579 897 1685 974 debet,
1700 895 1784 982 quod

328 989 486 1070 ,affirmat
505 988 635 1074 Fyldus,
648 987 731 1054 hanc
742 987 841 1053 fuisse
855 986 1055 1072 aprincipio:
1073 987 1187 1052 namsi
1200 986 1362 1071 intelligat
1374 987 1506 1070 aprime
1518 985 1785 1051 initioEcelesia·

328 1102 416 1159 ,rum
437 1102 493 1165 per
505 1077 676 1163 Apostolos
687 1077 907 1142 institutarum
919 1076 1002 1140 hanc
1014 1075 1278 1161 gubernationem
1290 1075 1476 1154 obtinuisse,
1489 1075 1551 1140 sibi
1564 1075 1640 1160 ipsi,
1656 1098 1721 1140 non
1732 1097 1784 1140 ve·

329 1169 435 1250 ,ritati
454 1168 547 1234 modo
564 1166 760 1233 contradicit.
785 1165 871 1232 (litat
890 1188 929 1230 ex
945 1165 1129 1250 Augustino
1140 1166 1247 1250 plures
1259 1164 1406 1230 haereses
1419 1165 1490 1229 aliis
1501 1165 1616 1229 mediis
1628 1165 1786 1229 extinctas

329 1257 445 1337 ,fuisse
467 1278 563 1344 quam
583 1279 640 1341 per
662 1255 795 1321 concilia
811 1254 983 1341 generalia.
1006 1253 1107 1339 Rogo,
1121 1254 1198 1340 qnid
1209 1276 1266 1339 per
1277 1253 1381 1318 media
1393 1254 1555 1339 intelligat
1566 1276 1700 1319 numero
1713 1254 1786 1338 plu·

331 1348 433 1426 ,ralil
454 1367 536 1410 anne
556 1368 593 1411 ea
610 1346 672 1410 duo
687 1367 769 1432 quae
784 1343 889 1410 verbis
902 1342 1162 1408 antecedentibus
1174 1344 1336 1428 tetigerat,
1350 1356 1495 1409 rnrrutam
1507 1341 1789 1428 intellr'yenu'amd¹

333 1436 517 1524 ,Synodos?
541 1434 632 1500 Certe
652 1435 680 1499 si
698 1433 766 1519 ipse
785 1436 930 1498 mutuam
948 1455 1004 1518 per
1019 1432 1127 1497 literas
1143 1431 1390 1518 intelligentiam
1407 1432 1503 1497 etiam
1515 1433 1635 1518 absque
1652 1431 1790 1515 Synodis

332 1547 412 1604 ,non
427 1524 633 1590 concesserit:
647 1522 789 1589 concedit
800 1527 908 1587 tamen
921 1521 1061 1587 Thomas
1073 1521 1236 1586 Bilsonus:
1254 1525 1349 1605 prout
1361 1545 1399 1586 ex
1411 1521 1580 1586 collatione
1593 1519 1791 1606 Magdebnr·

334 1614 508 1700 ,gensium,
527 1615 550 1680 dc
569 1613 703 1678 loannis
722 1611 882 1695 Raynoldi
902 1611 1002 1676 nostri
1024 1611 1191 1676 collatione
1204 1633 1276 1676 cum
1288 1609 1392 1676 Harto
1404 1615 1538 1696 apparet
1550 1611 1689 1696 liquido:
1704 1632 1792 1674 com-

333 1704 478 1783 ,binasse
498 1725 566 1768 sose
578 1725 634 1786 per
646 1702 769 1766 litteras
784 1700 953 1780 Ecclesias,
966 1700 1092 1787 quando
1103 1700 1137 1764 in
1149 1698 1283 1785 Synodis
1295 1699 1462 1770 convenire
1473 1722 1536 1765 non
1549 1700 1793 1765 concedebatur.

333 1791 467 1872 ,Omnia
487 1791 566 1857 haec
586 1791 731 1875 probant,
753 1789 897 1874 regimen
916 1787 1114 1876 Synodorum
1131 1811 1171 1854 ne
1187 1789 1428 1874 particularium
1441 1789 1569 1876 quidem
1581 1788 1728 1854 absolute
1740 1811 1796 1852 ne-

335 1881 525 1961 ,oessarium
536 1880 668 1946 minime
680 1902 759 1958 esse,
772 1879 854 1944 siout
866 1901 924 1944 nec
936 1878 1133 1965 generalium
1146 1901 1214 1942 esse
1228 1879 1318 1964 [pag.
1330 1879 1409 1964 178]
1419 1878 1562 1943 fatentur
1571 1899 1690 1943 omnes
1703 1875 1795 1942 Idem

336 1971 438 2051 ,enim
462 1969 499 2034 de
523 1969 584 2048 his,
611 1970 694 2055 quod
718 1969 755 2032 de
780 1968 922 2053 generali
939 1967 1000 2032 dici
1018 1970 1132 2052 potest.
1157 1967 1240 2043 Quid
1256 1966 1353 2031 infert
1365 1965 1567 2032 Wittalrerus
1582 1971 1617 2032 ut
1628 1966 1796 2052 generalia

336 2059 484 2139 ,minime
504 2059 647 2124 absolute
667 2057 845 2122 necessaria
861 2057 986 2141 probet,
1002 2057 1077 2144 qaia
1091 2057 1223 2122 Ecclesia
1234 2057 1301 2121 sinc
1312 2057 1355 2121 eis
1368 2056 1533 2123 incobnnis
1546 2077 1672 2122 arianae
1682 2067 1797 2140 porcat,

337 2151 430 2236 ,qaia
449 2148 581 2214 Ecclesia
602 2149 669 2212 siae
687 2147 730 2212 eis
749 2147 921 2232 aliquando
941 2147 1002 2230 sair
1012 2169 1023 2223 ,·
1040 2147 1116 2234 qrria
1135 2147 1530 2230 specialipracceplonatb
1543 2145 1749 2231 ligaverant
1761 2167 1799 2212 aa

338 2237 563 2318 ,convocanda
586 2235 632 2301 At
651 2235 729 2301 haec
748 2235 877 2321 inquam
899 2235 937 2300 de
953 2233 1088 2320 Synodis
1105 2234 1201 2299 etiam
1214 2234 1461 2318 particularibus
1473 2235 1706 2320 Episcoporum
1723 2238 1800 2299 vere

338 2326 511 2408 ,affirmari
524 2329 664 2411 possunt.
687 2324 794 2409 Atque
808 2324 887 2388 haec
898 2327 1006 2389 nostra
1017 2323 1117 2389 thesis
1130 2325 1266 2389 secunda
1280 2328 1336 2388 est:
1347 2347 1513 2409 perperam
1526 2325 1567 2388 ab
1579 2323 1800 2389 Hierarchicis

339 2416 523 2496 ,rescissem
548 2437 615 2479 esse
639 2414 854 2480 Ecclesiamm
873 2413 1104 2498 parochialium
1112 2413 1379 2498 jurisdictionem:
1395 2435 1458 2499 qno
1475 2413 1660 2500 irregimine
1673 2413 1802 2497 episco-

341 2505 425 2590 ,pali
449 2527 506 2588 per
529 2501 672 2588 Synodos
683 2507 885 2588 regerentur:
900 2525 971 2568 cum
983 2525 1093 2568 revera
1105 2502 1259 2587 majorem
1272 2524 1340 2568 esse
1353 2525 1462 2567 earum
1474 2503 1690 2581 autoritatem,
1701 2525 1803 2588 quam

342 2594 560 2676 ,Synodorum
583 2614 739 2671 verarum,
763 2593 878 2656 nedum
890 2593 1023 2657 istarum
1036 2591 1297 2670 adulterinarum,
1310 2591 1405 2678 idque
1420 2591 1531 2657 multis
1547 2592 1650 2657 modis
1662 2595 1802 2656 cunstat.

379 2681 437 2748 VI.
463 2681 569 2758 Probi.
596 2683 646 2745 An
664 2681 779 2747 classes
796 2684 852 2745 aut
863 2681 975 2766 synodi
988 2681 1128 2746 habeant
1139 2685 1328 2765 potestatem
1343 2681 1527 2760 coactivam,
1541 2681 1600 2746 hoc
1612 2685 1671 2756 est,
1685 2680 1803 2746 Eccle-

337 2773 497 2839 siasticam
522 2769 733 2846 definitivam3
752 2775 815 2856 qua
837 2770 960 2855 possint
982 2769 1134 2835 Ecclesiis
1158 2770 1284 2834 decreta
1306 2793 1364 2836 sua
1379 2771 1417 2836 de
1429 2771 1600 2857 dogmatis,
1614 2769 1804 2857 negotiis&

337 2861 439 2928 causis
463 2858 693 2925 Ecclesiasticis
712 2859 884 2944 imponere,
909 2860 955 2924 ita
975 2863 1011 2924 ut
1023 2882 1060 2924 ea
1071 2862 1241 2924 teneantur
1256 2859 1397 2943 recipere
1410 2861 1432 2925 dc
1446 2859 1624 2925 executioni
1637 2859 1804 2938 mandare,

339 2951 398 3017 sub
414 2955 516 3034 poena
531 2953 704 3014 censurae?
729 2951 820 3034 Resp.
843 2947 917 3014 Non
932 2948 1053 3014 habent
1064 2949 1200 3032 primam
1213 2948 1236 3014 b
1251 2949 1432 3029 radicalem,
1446 2951 1500 3014 sed
1516 2953 1697 3015 mutuatam
1710 2950 1733 3014 dr
1749 2949 1805 3014 dc·

339 3041 499 3124 legatam:
519 3060 652 3124 eamque
671 3060 734 3103 non
754 3037 933 3102 absolutam
952 3038 1007 3102 sed
1027 3037 1277 3122 hypotheticam,
1294 3037 1322 3102 si
1334 3038 1400 3104 scil.
1414 3038 1594 3104 observatio
1610 3060 1733 3116 eorum,
1750 3043 1808 3102 ant

339 3127 511 3193 tolerantia
523 3150 585 3191 non
602 3130 758 3212 repugnet
770 3127 866 3191 verbo
882 3125 960 3191 Dei:
987 3129 1024 3212 (h
1036 3127 1080 3192 sic
1092 3127 1233 3191 limitant
1249 3125 1375 3196 Con-alit.
1385 3129 1590 3194 Eccleaartic.
1600 3128 1808 3194 3l.&0mnes

339 3218 452 3282 literae
475 3216 548 3280 fidei
572 3239 653 3301 quae
678 3219 697 3280 a
714 3215 875 3280 Olassibus
888 3215 992 3280 solent
1003 3215 1131 3281 concedi
1142 3214 1297 3300 delegatis
1310 3217 1376 3282 suis
1389 3218 1428 3282 ad
1441 3218 1621 3302 synodum).
1634 3211 1803 3293 Quomodo

340 3305 502 3372 Ecclesiae
523 3307 546 3371 b
565 3305 707 3387 synedrii
718 3304 919 3389 particularis
932 3304 1065 3370 decretis
1079 3327 1112 3368 se
1124 3304 1297 3389 subjiciunt
1313 3306 1431 3371 fideles.
1457 3307 1587 3382 Quodsi
1600 3303 1821 3371 inveniantur·

342 3415 536 3480 repugnare3
551 3393 734 3458 reformatio
747 3415 867 3472 eorum,
881 3399 936 3458 aut
945 3417 1008 3459 non
1017 3394 1160 3458 executio
1169 3395 1373 3478 postulanda3
1383 3418 1464 3482 quae
1473 3396 1500 3461 si
1509 3396 1647 3465 obtineri
1655 3399 1807 3480 nequeat,

343 3483 446 3550 ordini
465 3482 586 3547 dandus
609 3484 656 3546 est
676 3482 773 3561 locus,
789 3483 952 3547 tolerando
964 3484 1084 3547 malum
1097 3483 1178 3547 illud
1189 3482 1407 3566 (tolerantiam
1422 3485 1569 3572 intelligo
1582 3505 1695 3570 puram
1709 3485 1734 3550 b
1748 3507 1808 3549 nu·

343 3574 427 3651 dam,
448 3575 511 3659 qud
531 3593 595 3635 non
613 3571 839 3654 constringeris
859 3572 898 3635 ad
917 3572 1036 3658 aliquid
1054 3571 1213 3654 agendum
1224 3576 1281 3636 eut
1292 3574 1553 3658 promittendum,
1566 3573 1650 3659 quod
1660 3595 1719 3658 per
1732 3595 1808 3640 con·

344 3661 511 3726 scientiam
535 3658 596 3724 Dei
617 3682 713 3745 agere
732 3664 789 3725 aut
800 3660 986 3744 promittere
998 3661 1135 3748 nequis).
1158 3657 1193 3724 Si
1205 3665 1313 3727 autem
1326 3663 1370 3728 rei
1388 3664 1530 3749 gravitas
1543 3666 1565 3731 d
1577 3662 1754 3730 necessitas
1764 3663 1810 3726 ita

344 3749 465 3829 tulerit,
482 3753 592 3814 contra
603 3749 744 3815 ordinem
757 3748 848 3815 illum
862 3749 1048 3834 impositum
1060 3754 1116 3814 ant
1127 3750 1340 3816 introductum
1354 3753 1481 3837 publice
1493 3751 1738 3837 protestandam
1751 3755 1807 3816 est.

345 3837 458 3903 Posset
477 3838 573 3903 etiam
592 3838 730 3903 incidere
750 3861 851 3917 carus,
867 3843 904 3903 ut
923 3839 1020 3904 etiam
1039 3839 1182 3904 membra
1202 3839 1364 3906 Ecclesiae
1381 3842 1549 3907 hfactrone
1560 3840 1809 3927 malignantimn

347 3926 540 4006 abducenda,
553 3927 646 4014 eique
659 3926 874 3992 subtrahenda
886 3928 959 3992 sint.
984 3927 1054 3994 Hoc
1065 3929 1099 3992 in
1111 3927 1258 3994 omnibus
1267 3930 1395 4014 judiciis
1407 3930 1649 4007 Ecclesiastiois,
1658 3928 1809 3996 sivecon·

348 4015 477 4094 sistorii,
498 4015 563 4080 sive
581 4015 701 4096 classis,
718 4016 783 4080 sive
797 4016 908 4100 synodi
919 4016 1041 4100 pariter
1052 4017 1282 4083 observandum
1296 4041 1364 4083 esse
1380 4019 1493 4086 docent
1507 4020 1608 4086 nostri
1620 4041 1694 4085 cum
1710 4021 1810 4104 agunt

349 4103 387 4168 de
406 4103 543 4189 synodis,
558 4104 595 4168 de
608 4103 629 4168 J
631 4103 719 4170 udice
733 4105 1027 4186 controversiarum,
1040 4108 1079 4172 de
1091 4109 1223 4172 censura
1235 4107 1459 4174 Ecclesiasticd
1470 4112 1494 4177 tr
1506 4109 1544 4174 de
1556 4108 1809 4175 excommunica·

349 4191 445 4270 tione,
459 4192 496 4256 de
509 4191 655 4257 scismate
668 4194 691 4258 b
703 4193 920 4277 separatione3
933 4196 1036 4281 qualis
1048 4201 1096 4260 est
1108 4196 1148 4260 ab
1164 4194 1308 4261 Ecclesia
1318 4195 1477 4263 Romana:
1491 4201 1579 4266 &nos
1587 4201 1717 4283 Despcr.
1727 4217 1810 4263 mus.

351 4279 466 4365 Pupct.
490 4279 541 4344 tib.
563 4283 592 4344 2.
613 4294 681 4347 sect.
703 4283 729 4346 l.
750 4304 773 4348 c.
797 4283 831 4346 3.
855 4283 885 4349 5.
899 4285 922 4350 dr
934 4297 1002 4350 secr.
1017 4285 1047 4350 2.
1060 4307 1085 4350 c.
1104 4286 1154 4349 15.
1169 4284 1263 4350 aaa.
1280 4299 1349 4353 secl.
1364 4289 1394 4352 3.
1408 4310 1432 4353 c.
1447 4291 1476 4354 1.
1490 4290 1521 4353 3.
1534 4289 1565 4353 ⁴.
1590 4285 1746 4353 Rationes
1758 4307 1813 4372 pro

350 4368 489 4434 limitata
500 4368 560 4433 hac
571 4370 742 4436 autoritate
754 4372 864 4438 classis
875 4376 932 4438 aut
947 4374 1058 4458 synodi
1069 4374 1133 4440 sint
1148 4375 1245 4439 istae:

1638 4463 1665 4530 I.
1679 4467 1731 4533 An
1743 4485 1811 4532 arra
