3736 4860
319 297 382 370 114
458 283 461 290 ⁵
669 296 829 371 Pcmmcrn
851 297 1102 370 usercensem
1124 299 1210 368 Pras
1237 295 1262 369 I.
1286 297 1351 368 Ina
1375 295 1418 368 Π.

368 492 417 572 ,9.
430 490 492 568 Qui
503 490 732 577 praedicationi
744 491 791 558 ita
801 495 926 571 vacant,
939 495 976 557 ut
985 513 1021 557 ea
1032 513 1096 556 non
1108 513 1147 556 er
1159 487 1436 573 contemplatione,
1446 489 1501 550 aut
1509 485 1713 552 meditatione
1719 508 1774 551 ma·

324 585 407 661 ,net,
421 581 476 647 sed
487 582 591 656 solum
603 603 643 656 ex
654 580 795 647 humano
807 582 912 647 studio
924 584 1020 666 atque
1032 579 1199 659 industria,
1212 582 1248 643 ut
1264 575 1452 643 Oratoribus
1463 574 1613 639 Ethnicis
1624 599 1691 640 mos
1706 581 1773 640 erat.

324 669 444 756 „Atqui
468 693 531 736 non
555 671 694 736 eruenda
705 693 744 736 er
755 669 864 750 humo,
877 671 932 735 sed
944 672 962 734 e
973 669 1060 734 coelo
1073 668 1210 753 petenda
1222 665 1377 745 coelestis,
1390 663 1560 749 divinaque
1574 663 1714 729 doctrina
1726 669 1773 729 ast.

367 761 439 837 ,lu
464 757 526 834 Qui
548 759 582 824 in
605 759 848 824 difficultatibus
872 758 968 823 facile
992 757 1135 822 animum
1158 755 1364 840 despondent,
1380 753 1770 818 &aconstantiainrebus
1840 795 1846 812 .

321 848 448 926 „arduis
471 849 682 928 dimoventur,
706 851 743 912 ut
765 851 912 931 coeptum
927 847 961 911 in
973 845 1034 911 Dei
1046 846 1183 932 gloriam
1195 867 1258 910 non
1270 842 1437 928 perficiant
1448 863 1537 925 opus,
1552 840 1681 926 Ergone
1692 842 1774 906 semi·

324 959 418 1016 ,nare
429 936 553 1002 desinet
564 937 716 1024 agricola,
730 937 781 1002 vel
791 959 928 1002 messem
944 935 1104 1020 colligere,
1122 935 1205 1020 quod
1217 933 1365 1018 pruinam
1377 931 1427 994 vel
1441 933 1565 994 aestum
1577 930 1712 996 timeat?

368 1026 440 1103 ,ll.
464 1024 613 1113 Quissnon
636 1029 771 1090 utantur
791 1029 901 1092 sancto
917 1025 984 1088 zelo
997 1023 1286 1088 animadvertentes
1297 1024 1356 1099 tot,
1369 1022 1539 1104 tantasque
1551 1018 1586 1082 in
1597 1017 1701 1084 Deum
1711 1019 1772 1083 illa·

320 1117 389 1194 ,tas
411 1114 556 1198 injurias,
578 1114 602 1179 b
623 1117 747 1179 tantam
775 1114 953 1178 animarum
961 1114 1131 1198 jacturam,
1144 1133 1225 1197 quae
1237 1110 1320 1174 male
1330 1110 1476 1193 pereunt,
1487 1107 1543 1171 sed
1554 1107 1701 1172 videntur
1710 1129 1772 1172 con·

323 1204 418 1283 ,enti,
446 1203 616 1268 sidicendo
628 1203 740 1268 horam
752 1203 959 1287 expleverint.
983 1201 1097 1266 Gladio
1109 1200 1219 1278 uteris,
1232 1200 1308 1263 dum
1320 1197 1452 1262 verbum
1464 1194 1524 1260 Dei
1537 1196 1687 1281 loqueris,
1699 1218 1771 1282 pug-

323 1293 481 1371 ,nandum
494 1295 543 1356 est
555 1291 672 1356 acriter
683 1293 717 1355 in
730 1292 820 1372 vitia,
837 1314 900 1356 non
911 1290 1031 1355 frustra
1043 1289 1220 1354 ornandum
1232 1288 1326 1352 latus.

366 1381 437 1459 ,12.
462 1379 524 1456 Qui
536 1381 667 1464 seipsos,
680 1383 703 1448 h
715 1403 773 1446 sua
784 1379 953 1466 magnifice
966 1379 1160 1464 praedicant,
1173 1376 1308 1461 aliisque
1320 1373 1474 1458 praeferri
1487 1374 1651 1453 ambcunt,
1663 1375 1686 1440 tv
1696 1375 1771 1438 salu·

323 1469 479 1548 ,tationes
499 1469 532 1534 in
552 1469 632 1548 foro,
653 1470 801 1556 domique
814 1472 932 1548 amant,
946 1470 969 1534 b
982 1467 1101 1553 primos
1113 1465 1286 1543 accubitus,
1299 1464 1323 1528 b
1336 1485 1423 1527 more
1436 1462 1681 1527 Pharisaeorum
1695 1463 1772 1548 [pag.

322 1558 424 1644 ,623]
436 1559 542 1623 vocari
554 1558 595 1622 ab
607 1557 791 1622 hominihus
804 1555 921 1636 Rabbi,
934 1557 1098 1642 digitoque
1110 1559 1147 1619 ut
1155 1553 1317 1630 aitpoeta,
1327 1550 1510 1630 monstrari,
1518 1553 1541 1616 b
1550 1551 1658 1630 dicier,
1667 1551 1716 1615 hic
1724 1556 1774 1616 est.
1831 1602 1837 1614 .

367 1647 437 1726 ,13.
462 1645 524 1722 Qui
547 1647 580 1710 in
603 1647 701 1726 victu,
718 1645 846 1726 vestitu,
859 1646 985 1725 viatico,
999 1643 1218 1729 Apostolicam
1230 1663 1379 1725 respuere
1392 1640 1538 1704 videntur
1552 1644 1773 1725 paupertatem,
1804 1661 1807 1668 ·

322 1735 572 1820 ,supellectilem
594 1735 802 1820 copiosiorem
827 1733 1027 1820 conquirunt,
1051 1734 1098 1797 ita
1121 1737 1158 1796 ut
1180 1754 1243 1796 non
1266 1729 1338 1794 aliis
1354 1729 1394 1793 ad
1406 1730 1573 1813 spirituale
1587 1729 1717 1808 lucrum,
1728 1728 1775 1792 sed

323 1825 470 1903 ,sibimet
482 1824 521 1888 cd
535 1827 662 1889 terrena
674 1824 838 1890 commoda
850 1823 1009 1902 studeant,
1023 1845 1102 1908 quos
1114 1843 1175 1884 non
1192 1821 1250 1884 abs
1262 1823 1294 1882 te
1306 1817 1394 1882 Deus
1406 1840 1463 1901 per
1476 1817 1671 1902 Prophetam
1683 1821 1776 1901 pasto·
1845 1855 1846 1898 3

324 1937 393 1992 ,res
406 1913 541 1993 vocavit,
559 1913 615 1998 qui
626 1911 760 1997 seipsos,
772 1935 835 1976 uon
848 1911 968 1977 Christi
980 1933 1111 1996 gregem
1124 1912 1270 1993 pascunt.

371 2002 442 2081 ,lh
466 2001 529 2078 Qui
551 2001 716 2087 colloquiis
739 2001 939 2084 secularium,
964 2021 1135 2085 eorumque
1160 1996 1386 2062 consuetudine
1402 1995 1776 2060 delectanturnnliconm

324 2113 441 2171 ,more,
466 2091 642 2174 &ipsorum
652 2089 791 2175 negotiis
807 2113 840 2154 se
856 2089 1046 2168 immiscent,
1064 2110 1145 2174 quae
1159 2087 1198 2150 ad
1215 2086 1341 2150 animae
1354 2085 1491 2148 salntem
1503 2105 1568 2148 non
1581 2083 1717 2158 faciunt;
1731 2083 1778 2169 qni

324 2202 455 2259 ,eorum
478 2179 631 2244 conviviis
655 2178 792 2242 libenter
816 2179 1018 2256 accumbunt,
1042 2177 1098 2263 qui
1110 2198 1173 2241 non
1185 2174 1316 2252 silentii,
1330 2196 1367 2238 ac
1378 2195 1519 2238 secessus
1531 2178 1691 2238 amatores
1702 2176 1777 2248 sunt,

327 2269 400 2348 ,sed
412 2267 599 2333 scurrilibus
612 2288 648 2332 ac
659 2267 788 2332 ludicris
800 2268 895 2332 rebus
908 2267 1059 2353 gaudent.
1627 2339 1632 2346 ι

372 2357 442 2435 ,15.
468 2354 529 2432 Qui
552 2377 714 2420 sacrarum
737 2353 974 2440 scripturarum
990 2354 1118 2420 lectioni
1130 2375 1192 2416 non
1206 2351 1374 2417 admodum
1387 2351 1526 2430 student,
1538 2373 1597 2416 nec
1612 2351 1737 2416 modum
1748 2370 1779 2412 ac

327 2446 473 2530 ,regulas
496 2445 535 2508 ad
559 2467 612 2508 ecs
635 2444 861 2529 intelligendas
883 2445 1190 2527 observant,.neque
1213 2463 1323 2505 earnm
1338 2439 1538 2504 meditationi
1549 2444 1675 2519 vacant,
1687 2443 1779 2504 utem

326 2533 405 2613 ,sibi
429 2533 605 2598 familiares
623 2533 771 2610 reddant;
792 2534 887 2618 plane
902 2532 1045 2597 divinum
1057 2532 1190 2596 verbum
1201 2550 1340 2616 quonam
1353 2528 1416 2592 alio
1428 2527 1638 2593 concionator
1651 2533 1738 2612 petet
1746 2548 1779 2590 ex

327 2623 459 2702 ,footel
483 2621 594 2707 &quid
605 2620 747 2706 proderit
760 2620 914 2701 hausisse,
931 2621 961 2686 si
975 2619 1137 2685 turbidam
1149 2619 1287 2683 hauriat.

376 2713 449 2790 ,16.
473 2709 535 2786 Qui
562 2731 667 2775 sacros
694 2710 792 2776 libros
818 2710 865 2775 ita
888 2709 1009 2794 legunt,
1031 2713 1145 2773 utnon
1165 2729 1209 2786 se,
1222 2729 1358 2790 suosque
1374 2728 1477 2770 mores
1492 2705 1666 2783 instruant,
1680 2707 1733 2770 sed
1747 2725 1779 2767 eo

327 2801 398 2879 ,vel
421 2800 536 2878 solum,
556 2800 607 2864 vel
623 2798 762 2863 maxime
777 2799 882 2877 titulo,
907 2803 943 2863 ut
955 2798 1035 2862 alios
1046 2798 1157 2862 docere
1172 2796 1305 2880 possint,
1318 2817 1418 2878 eaque
1430 2817 1464 2858 re
1476 2795 1640 2859 doctorum
1653 2793 1775 2858 Goncio·

332 2892 496 2968 ,natorum
508 2887 628 2952 famam
641 2892 849 2972 aucupentur.
873 2887 956 2952 (lave
969 2909 1007 2951 ne
1023 2887 1099 2950 dum
1112 2886 1191 2949 alios
1207 2885 1317 2948 docere
1333 2884 1392 2963 vis,
1405 2883 1465 2947 tibi
1476 2905 1600 2948 noceas.

376 2976 447 3055 ,17.
472 2975 533 3052 Qui
558 2976 721 3041 facultatis
746 2975 958 3061 'theologicae
971 2975 1075 3040 studio
1093 2974 1249 3038 modicam
1265 2972 1439 3037 adhibuere
1455 2994 1575 3051 curam,
1591 2973 1723 3058 ejusque
1735 2971 1779 3034 vix

332 3065 548 3144 ,mediocriter
562 3064 766 3149 quaestiones
788 3065 976 3149 attigerunt,
1001 3066 1143 3130 &tamen
1160 3085 1213 3126 ens
1229 3061 1355 3144 publice
1368 3061 1530 3144 disputare
1546 3083 1609 3124 nnn
1624 3061 1693 3124 sine
1705 3059 1779 3144 peri·

332 3155 421 3232 ,culo
431 3154 558 3218 audent.
584 3152 628 3216 Hi
639 3153 734 3218 facile
746 3153 936 3218 temeritatis
948 3175 1067 3237 poenas
1080 3153 1182 3226 luunt,
1204 3153 1299 3234 saepe
1311 3150 1397 3213 enirn
1413 3150 1609 3232 contemptui
1624 3154 1699 3214 sunt
1711 3171 1778 3233 pm·

333 3242 508 3321 ,dentibus
521 3245 615 3326 saepe
631 3242 728 3306 etiam
740 3245 903 3306 recantare
914 3245 1082 3326 coguntur.

377 3331 449 3409 ,le
473 3328 535 3407 Qui
557 3333 738 3395 sanctorum
761 3329 894 3394 Petrum
907 3330 1070 3395 volumina
1085 3351 1145 3392 non
1161 3327 1323 3405 evolvunt,
1336 3327 1392 3391 sed
1406 3325 1549 3392 fontibus
1562 3327 1688 3392 omissis
1699 3326 1778 3389 rivu-

332 3418 398 3497 ,los
422 3423 653 3498 consectantur,
677 3422 700 3486 b
723 3419 756 3482 in
780 3419 1003 3498 exscribendis,
1024 3416 1242 3482 acrecitandis
1261 3415 1398 3480 aliorum
1409 3415 1780 3490 Ooncionibustotisunt,

332 3507 396 3587 ,eis
411 3507 610 3592 praesertim,
621 3529 704 3590 quae
719 3508 823 3594 magis
839 3507 1013 3572 vanitatem
1029 3506 1169 3590 sapiunt,
1181 3505 1287 3568 minus
1299 3503 1361 3568 Dei
1373 3503 1523 3588 spiritum
1536 3505 1688 3568 redolent.
1703 3501 1780 3566 Doc-

333 3601 436 3675 ,tores
448 3619 485 3662 ac
496 3600 603 3681 patres
619 3599 710 3660 vocat
721 3595 874 3672 Ecclesia,
887 3617 1021 3681 quorum
1035 3595 1144 3659 audire
1158 3593 1333 3658 doctrinam
1346 3594 1369 3658 8ι
1382 3592 1585 3677 disciplinam
1596 3593 1694 3678 cupit.

378 3686 449 3764 ,19.
473 3683 535 3761 Qui
557 3685 591 3748 in
616 3685 681 3748 suis
700 3685 903 3750 concionibus
925 3685 979 3749 vix
1002 3705 1143 3767 unquam
1167 3705 1204 3747 ea
1224 3682 1328 3746 solent
1352 3681 1522 3766 attingere,
1546 3703 1630 3766 quae
1647 3678 1781 3746 adFidei

333 3774 511 3859 ,dogmata
525 3772 587 3839 Dei
598 3777 779 3857 praecepta,
792 3775 814 3839 b
828 3772 1063 3838 Oatecbismum
1076 3772 1248 3855 pertinent,
1260 3771 1367 3854 potius
1381 3769 1619 3854 Philosophicis
1635 3793 1672 3835 ac
1683 3767 1752 3853 prof
1768 3801 1781 3815 -

334 3863 401 3941 ,nis
425 3861 567 3926 historiis
590 3861 814 3938 inhaerentes;
838 3861 897 3937 Ite,
923 3862 970 3926 ait
998 3861 1145 3926 Christus
1161 3860 1341 3944 Apostolis:
1359 3859 1542 3942 praedicate
1561 3859 1781 3944 Euangeliou,

333 3973 414 4027 ,non
426 3949 609 4015 Aristotelis
625 3950 873 4034 philosophiam,
886 3949 1096 4014 Ethnicorum
1107 3949 1269 4027 historias,
1283 3947 1454 4012 Poetamm
1470 3947 1657 4014 cantilenas.

378 4041 448 4116 ,20.
473 4038 535 4114 Qui
552 4059 606 4103 eos
629 4038 872 4103 Concionatores
895 4040 935 4103 ad
959 4039 1150 4103 imitandum
1174 4037 1236 4101 sibi
1252 4041 1442 4121 proponunt,
1455 4037 1512 4120 qui
1524 4036 1675 4102 facundia
1686 4033 1781 4118 magis

334 4127 507 4210 ,populari,
533 4148 629 4213 quam
645 4128 860 4205 ecclesiastica
882 4128 1005 4210 pollent
1022 4127 1190 4210 sapientia,
1207 4123 1274 4191 sin
1287 4126 1328 4188 iis
1340 4147 1418 4208 quos
1432 4124 1577 4203 audiunt,
1595 4125 1645 4189 vel
1658 4141 1694 4190 'ea
1715 4121 1781 4186 imi-

334 4219 471 4295 ,tantur,
487 4237 569 4300 quae
592 4215 672 4280 vitia
699 4220 773 4280 sunt
800 4216 884 4299 apud
897 4217 1079 4300 prudentes,
1096 4216 1147 4279 vel
1158 4237 1234 4280 suae
1250 4217 1384 4280 naturae
1395 4215 1502 4278 minus
1517 4214 1640 4278 idonea.
1664 4211 1783 4278 Muure

334 4303 505 4380 ,imitando
529 4307 676 4367 naturam
693 4303 746 4367 vix
769 4305 898 4386 poteris,
915 4305 1065 4389 perficere
1085 4304 1214 4387 poteris,
1227 4303 1254 4368 si
1271 4302 1459 4387 perfectum,
1475 4301 1600 4387 tibique
1616 4321 1783 4368 accommo-

337 4390 465 4469 ,datum
478 4389 614 4453 imiteris
626 4392 796 4475 exemplar.
818 4393 909 4477 [pag.
929 4392 1009 4478 624]

435 4535 439 4542 .
1729 4475 1782 4552 ,21
