3752 4858
577 472 1512 596 LIBERSEOUNDUS

778 635 1301 799 cneocaesarea

1006 845 1076 910 DE

308 1158 312 1166 ¹
407 997 755 1174 Agendis
828 993 1251 1136 Ordiuariis
1321 1001 1674 1132 Privato-

861 1220 1212 1394 pulduns.
1323 1319 1326 1324 .

939 1465 1083 1531 Garun
1117 1461 1145 1529 L

901 1641 950 1707 De
973 1635 1195 1706 Catcchesitas.

352 1803 380 1885 ᾖ.
407 1802 435 1866 l.
448 1800 584 1887 Agenda
596 1803 758 1870 ordinaria
769 1801 1043 1888 privato-publica
1056 1804 1132 1866 sunt
1144 1797 1243 1864 trium
1255 1819 1420 1884 generum.
1444 1799 1521 1866 Alia
1533 1802 1619 1867 enim
1631 1803 1741 1890 magis
1757 1805 1778 1870 t

307 1891 438 1974 propius
451 1891 614 1974 pertinent
629 1915 667 1958 ac
683 1892 866 1958 referuntur
878 1893 918 1957 ad
932 1890 1147 1978 cognitionem
1159 1887 1182 1954 it
1194 1886 1320 1972 praxim
1332 1889 1423 1954 fidei:
1443 1887 1507 1954 alia
1519 1891 1560 1956 ad
1571 1892 1777 1975 prudentiam

308 1978 486 2046 &ordinem
497 1980 681 2065 regiminis;
708 1981 772 2046 alia
784 1981 825 2046 ad
833 1981 1010 2046 caritatem.
1028 1979 1133 2044 Prisci
1143 1976 1265 2064 peneus
1277 1981 1353 2042 sunt
1364 1977 1565 2056 catechesis3
1581 1979 1777 2065 Prophetiae

308 2091 364 2133 seu
375 2067 560 2134 collationes
571 2069 654 2134 circa
666 2067 865 2154 scripturam
879 2068 1136 2153 explicationem,
1150 2063 1375 2133 &concionum
1390 2067 1646 2153 Repetitionem:
1665 2071 1779 2136 dubio-

308 2179 380 2221 rum
392 2153 592 2235 Solutiones3
606 2181 738 2224 casuum
750 2157 945 2238 Decisiones,
958 2155 1100 2222 Consilia
1112 2153 1313 2240 theologica3
1342 2157 1534 2223 domesticae
1552 2157 1787 2225 Institutiones·

308 2244 482 2323 radiorum,
506 2245 726 2313 Convictiones
750 2247 935 2327 errantium,
959 2245 1210 2324 consolationes,
1240 2242 1500 2326 Adhortationes,
1529 2245 1776 2332 correptiones:

308 2334 425 2418 quibus
448 2334 595 2400 omnibns
618 2336 797 2402 inserviunt
823 2335 1033 2401 Visitationes
1061 2338 1132 2400 tum
1159 2332 1361 2417 singulorum
1383 2338 1452 2402 tum
1478 2334 1692 2416 familiarum,
1709 2342 1775 2402 tum

307 2421 498 2487 scholarum.
524 2421 606 2490 Vide
618 2426 656 2490 de
668 2423 914 2512 Visitationibus
929 2424 1014 2490 infra
1027 2423 1118 2491 Part.
1133 2424 1165 2487 3.
1178 2421 1316 2490 Secundi
1329 2425 1452 2510 pencris
1469 2429 1554 2505 sunt,
1566 2424 1776 2492 Conciliatio

304 2533 360 2576 nes
379 2511 600 2578 dissidentium
624 2517 681 2578 aut
710 2514 993 2579 contendentium:
1018 2510 1291 2578 Praemonitiones
1314 2513 1353 2578 de
1375 2513 1519 2600 agendis,
1543 2519 1600 2580 aut
1622 2515 1773 2580 vitandis
1866 2585 1867 2588 ,

309 2600 404 2665 Tertii
424 2601 546 2686 pencris
566 2606 651 2682 sunt,
675 2625 752 2668 cura
772 2625 961 2688 pauperum,
975 2623 1088 2688 agape,
1101 2603 1152 2668 tec.
1166 2599 1257 2666 circa
1270 2598 1469 2682 Gatecheses,
1487 2603 1723 2669 consideranda
1747 2605 1774 2666 l.

303 2688 425 2753 Earum
437 2690 619 2769 necessitas,
636 2691 666 2754 2.
686 2689 749 2767 Qui
765 2691 988 2757 catechizandi.
1003 2693 1032 2754 3.
1047 2689 1109 2756 Per
1122 2711 1211 2776 quos.
1229 2687 1260 2752 4.
1281 2690 1331 2757 De
1343 2692 1472 2776 quibus.
1488 2692 1518 2760 5.
1537 2691 1600 2769 Qui
1613 2693 1775 2772 modus&

304 2799 386 2861 cquae
399 2777 481 2842 ratio
493 2778 527 2842 in
543 2778 790 2845 catechizatione
803 2781 968 2845 servanda.

1865 2683 1867 2762 l

349 2867 396 2932 De
421 2868 596 2932 neccessitate
619 2868 753 2953 origine,
776 2869 969 2953 antiquitate
989 2870 1057 2954 jam
1069 2868 1148 2935 satis
1159 2889 1317 2953 superque
1333 2869 1487 2954 scriptum
1502 2875 1552 2936 est
1565 2870 1605 2935 ab
1619 2869 1773 2956 antiquis
1865 2911 1867 2968 3

304 2955 327 3020 dt
341 2953 598 3020 Recentioribus:
623 2961 660 3021 ut
679 2979 951 3041 supervacaneum
963 2959 1006 3023 sit
1018 2957 1122 3024 ubivis
1135 2959 1229 3024 obvia
1240 2957 1294 3023 hic
1305 2961 1457 3044 repetere.
1482 2956 1565 3024 Sunt
1576 2959 1610 3024 in
1623 2961 1773 3026 manibus
1866 2975 1867 3038 g

304 3043 531 3128 Prolepomcna
562 3043 824 3132 &Praefatioaes
844 3047 1001 3112 editorum
1014 3046 1248 3114 libellorum&
1266 3049 1572 3116 Commentariorum
1586 3050 1678 3134 [pag.
1692 3053 1771 3131 835]
1866 3057 1867 3134 Q

303 3133 605 3200 catecltcticoranaad
616 3135 784 3202 catechesis
799 3137 1131 3222 Patarico-aeacum,
1154 3139 1271 3217 Ursini,
1286 3137 1444 3216 chtliai,
1460 3138 1601 3223 Altiapr'i,
1623 3139 1675 3204 lac.
1695 3137 1771 3215 Qui·

306 3221 364 3285 bus
387 3221 465 3287 adde
496 3225 672 3309 Zepperam
690 3224 757 3290 za.
783 3227 812 3290 3.
838 3226 930 3290 Polit.
955 3228 1054 3293 eccas.
1070 3225 1212 3293 aretiam
1226 3231 1313 3294 Part.
1329 3229 1359 3290 3.
1377 3225 1532 3293 Problem
1545 3228 1569 3293 a
1583 3225 1769 3292 Peculiares
1866 3299 1867 3312 ,

285 3345 288 3352 ¹
309 3313 471 3377 Tractatio
483 3313 521 3376 de
535 3313 696 3390 merati,
709 3315 819 3396 quales
831 3315 964 3401 Hyperii
976 3316 1113 3380 insertus
1127 3312 1296 3400 Opusculis
1309 3317 1376 3400 ejus
1388 3315 1588 3400 theologicis,
1611 3316 1668 3398 qni
1681 3315 1771 3381 lucu·

304 3399 407 3464 lenter
433 3398 648 3485 Antiquarum
672 3403 828 3468 rationem
851 3402 885 3468 in
908 3403 1139 3469 catechizandis
1152 3405 1269 3471 adultis
1281 3427 1319 3470 ex
1332 3404 1521 3470 Gentilismo
1533 3408 1591 3468 aut
1602 3402 1770 3470 Judaismo
1866 3481 1867 3486 .

303 3488 344 3552 ad
355 3487 531 3554 Ecclesiam
542 3493 714 3556 accessuris
726 3491 872 3576 exposuit
885 3515 892 3557 :
907 3498 969 3576 quo
981 3492 1145 3558 hectorem
1157 3493 1296 3560 remitto.
1309 3492 1454 3559 Conferri
1471 3497 1616 3578 possunt,
1636 3514 1720 3577 quae
1731 3493 1768 3558 de

306 3577 423 3642 adultis
447 3579 602 3663 ejusmodi
620 3579 850 3646 catechizandis
866 3581 902 3645 in
925 3603 1042 3666 genere
1059 3587 1238 3662 monentur,
1255 3587 1273 3648 a
1291 3583 1457 3652 Possevirto
1469 3585 1504 3648 in
1518 3581 1709 3648 Bibliotheca
1721 3603 1768 3648 se-
1865 3601 1867 3640 l

305 3667 379 3733 lactet
406 3664 472 3732 tit.
499 3668 530 3732 4.
555 3669 577 3734 a
610 3669 728 3736 Thema
749 3670 857 3736 aleca
869 3672 906 3736 de
921 3672 1125 3737 Conuersione
1136 3672 1283 3738 omnium
1297 3674 1444 3740 Gestiunt
1459 3671 1525 3738 tie.
1540 3671 1593 3737 ll.
1607 3681 1692 3756 part.
1703 3671 1768 3736 Η

304 3754 370 3820 Ls'lr.
386 3755 436 3818 12.
450 3753 644 3839 specialia&
660 3759 819 3841 applicata
842 3761 882 3824 ad
904 3760 1100 3844 corruptelas
1119 3759 1281 3826 Romanas
1292 3761 1370 3846 ipsis
1382 3760 1600 3846 relinquenda.
1624 3759 1769 3827 Passeni-

303 3864 367 3909 aas
384 3845 418 3909 ia
437 3845 556 3930 Appar.
577 3867 664 3912 sacro
681 3847 716 3912 ia
730 3868 799 3913 voce
812 3849 988 3926 catechesis,
1001 3849 1120 3914 indicat
1132 3848 1327 3916 Ludovicum
1340 3850 1518 3915 Carbonem
1530 3847 1652 3934 optime
1665 3848 1767 3932 scrip-
1866 3883 1867 3888 κ

304 3932 381 3997 sisse
393 3933 432 3998 de
447 3934 588 4000 utilitate
604 3934 807 4001 catechismi.
831 3935 1047 4020 Antiquarum
1068 3937 1250 4004 testimonia
1263 3939 1301 4004 de
1313 3938 1513 4005 catechismo
1528 3937 1649 4003 indicat
1660 3938 1767 4023 Hype—

305 4022 373 4086 rius
403 4024 501 4089 Pract.
525 4026 575 4089 cit.
595 4023 700 4090 Notus
724 4025 954 4110 estrlupastiai
966 4027 1105 4092 Litercle
1119 4027 1509 4094 Catecltizaadiseaclitas.
1533 4026 1586 4091 Ad
1597 4027 1765 4092 hodiernas

303 4109 337 4173 in
360 4109 511 4176 Ecclesiis
538 4112 732 4192 reformatis,
755 4115 946 4197 praesertim
970 4115 1110 4200 Belgicis
1138 4117 1401 4182 catechizationes
1425 4113 1765 4200 institueremmagis
1866 4187 1867 4190 ,

305 4201 539 4352 accorprpodata
563 4205 610 4267 est
633 4204 811 4306 Demetoria
823 4205 991 4270 destructio
1005 4205 1128 4290 Synodi
1144 4206 1319 4274 Nationatis
1334 4205 1488 4272 caerae
1505 4220 1534 4268 a:
1558 4205 1653 4269 tols.
1668 4203 1763 4266 1619.

304 4291 621 4454 sesil'raeiiiytahiiit
643 4381 760 4448 decreti
773 4379 933 4474 'Synodioi
957 4381 1106 4463 formula,
1122 4383 1160 4450 de
1177 4384 1376 4452 accuratione
1385 4383 1550 4471 J'uniorum
1565 4379 1763 4539 atquetpdul-

1638 4522 1651 4555 ,
1690 4492 1762 4540 rum
