3712 4850
278 287 393 355 Tener.
414 287 458 356 ΙΙ.
482 285 530 352 Da
552 287 690 368 Porrsr,
713 287 786 352 Pon.
810 309 845 352 m
869 287 982 352 Cruor.
1004 286 1129 352 Eccum.
1154 286 1225 354 Ore.
1249 285 1307 352 IV.
1480 285 1542 352 169

1 519 2 531 2
99 472 161 538 hinc
175 469 393 558 discesserunt)
407 473 645 560 acquisiverint,
660 495 719 559 ego
731 496 794 540 nou
807 473 901 538 facile
914 473 1109 539 crediderim.
1133 447 1232 539 Hebr.
1246 496 1314 558 cap.
1330 473 1381 536 13.
1394 494 1475 537 vers.
1491 447 1542 538 lt.

98 563 154 648 tasi
173 565 250 628 euim
274 564 463 648 (praepositi
484 562 603 628 scilicet
623 563 851 648 Ecclesiastici)
870 564 1002 648 'cipiluut
1021 566 1113 648 qrcusi
1133 566 1286 630 cntionem
1299 583 1360 648 pro
1375 562 1544 627 adiuratus

98 654 192 716 restris
209 653 372 732 reddituri,
384 674 457 718 cusu
469 653 584 736 punctio
597 652 653 716 tec
664 653 799 736 fecicum
818 651 925 718 &riou
936 669 1107 736 percientes:
1118 653 1175 718 hcc
1185 655 1269 717 cuim
1282 672 1346 716 riou
1358 652 1478 735 expedit
1490 673 1543 716 cc·
1648 721 1656 736 ‚

1 789 2 802 ,
95 741 136 804 tu
155 739 368 824 (timu-atria).
392 741 464 826 Ego
478 762 542 805 non
558 739 742 824 applicab03
756 729 969 805 sed'omnibus
982 741 1207 806 conscientiam
1220 763 1310 806 suam
1323 739 1543 805 excutiendam

1 879 2 910 3
96 829 233 914 relinquo,
246 851 288 893 an
303 851 366 892 non
378 831 454 913 illae
468 829 657 908 molitiones,
671 851 727 913 per
740 852 818 914 quas
831 830 952 896 coelum
966 833 1069 894 terrae
1082 831 1188 914 potius
1201 830 1396 895 miscendum
1407 829 1544 907 videtur,

1 938 2 943 ¹
95 939 178 1001 quam
191 918 362 1001 quidquam
375 919 413 984 de
427 917 626 983 contentione
638 919 874 998 remittendum,
887 918 1078 1002 reliquerint
1087 920 1253 996 stimulum
1266 919 1404 1002 aliquem
1416 921 1488 1002 post
1500 941 1545 995 se,

1 1012 2 1016 ’
94 1014 142 1070 aut
163 1007 192 1070 in
218 1007 267 1072 die
287 1007 372 1072 malo
384 1006 557 1087 subjecturi
569 1005 647 1082 sint3
660 1007 753 1090 juxta
765 1005 858 1071 Rom.
876 1007 906 1072 6.
923 1029 952 1070 v.
968 1008 1020 1071 21.
1047 1009 1146 1090 Quem
1157 1010 1381 1160 crgopructcuu
1393 1007 1544 1072 detulistis

93 1107 168 1172 tuuc,
179 1097 211 1159 iu
226 1095 339 1182 quibus
355 1117 443 1161 urtuc
453 1095 637 1161 erubescitis.
660 1095 735 1160 Jam
747 1099 822 1160 verb
838 1095 1031 1174 &Pastorem
1045 1098 1182 1162 &multa
1197 1117 1243 1161 mr
1257 1097 1300 1160 lia
1315 1096 1440 1178 piorum
1453 1096 1544 1179 inge-

93 1185 207 1262 muisse,
220 1183 306 1250 Dens
320 1182 423 1264 havit,
434 1207 491 1249 nec
504 1183 596 1248 amici
608 1185 702 1267 juxta
714 1206 786 1249 cum
801 1184 939 1249 inimicis
951 1185 1099 1268 igmrare
1112 1190 1293 1269 potuerunt.
1309 1187 1378 1250 Nec
1388 1186 1521 1249 Pelitiuc
1534 1207 1545 1259 ,·

1 1289 2 1292 ’
93 1273 158 1357 qnia
181 1278 255 1338 ante
279 1273 361 1339 hanc
373 1278 574 1357 praetensam
586 1272 833 1356 praesidentiam
845 1273 1020 1351 securitati,
1034 1275 1113 1358 paci,
1130 1275 1252 1359 gloriae
1264 1277 1287 1340 tt
1299 1273 1457 1356 splendori
1470 1271 1545 1335 Rei-

1 1405 2 1424 ,
93 1363 225 1445 publicae
247 1385 306 1445 per
330 1361 389 1427 Dei
401 1361 654 1428 benedictionem
666 1362 748 1426 nihil
762 1362 873 1441 deluit,
886 1385 944 1427 nec
956 1362 1034 1426 alibi
1048 1363 1079 1426 iu
1093 1363 1168 1428 orbe
1179 1363 1353 1428 reformato
1370 1361 1544 1444 quidquam

92 1451 210 1526 decedit,
234 1451 292 1516 ubi
318 1449 396 1516 baec
419 1450 633 1534 praesidentia
656 1450 767 1536 ignota
790 1455 848 1515 est.
877 1450 981 1535 Atque
1005 1449 1083 1515 haec
1103 1452 1140 1516 de
1156 1453 1313 1516 utilitate:
1328 1471 1423 1534 quam
1437 1453 1543 1513 autem

1 1539 2 1544 ’
92 1539 199 1604 inistra
211 1561 283 1604 eanr
296 1540 518 1624 praetendunt,
531 1561 604 1603 mox
617 1539 895 1604 considerabimus.
911 1577 955 1590 —-·
968 1539 1035 1606 tlt.
1053 1539 1225 1609 Conclusio.
1239 1539 1272 1606 N
1273 1563 1314 1604 cn
1326 1541 1375 1603 est
1387 1539 1545 1615 decorum,
1602 1611 1614 1636 ·

92 1633 123 1692 nt
132 1627 342 1712 praesidentia
354 1628 429 1692 talis
441 1628 670 1693 introducatur.
694 1627 784 1703 Quod
798 1629 841 1692 sit
851 1629 974 1704 πρέπον,
994 1630 1184 1712 &quomodo
1197 1628 1237 1692 ab
1250 1629 1383 1692 honesto
1395 1648 1451 1690 seu
1464 1626 1546 1690 bono

1 1791 2 1813 Χ
91 1716 297 1801 distingmtnr
308 1719 364 1780 aut
375 1739 448 1782 cum
457 1739 493 1782 eo
505 1716 679 1796 conveniat,
693 1721 854 1800 exponunt
866 1715 1070 1801 Philosophi:
1084 1721 1175 1784 &nos
1187 1717 1240 1782 hic
1250 1715 1547 1802 praesupponimus.

1 1816 2 1892 ,
93 1803 294 1870 conferantur
320 1807 582 1872 Commentatorcs
597 1805 640 1869 nd
658 1807 686 1868 1.
703 1805 842 1871 Corinth.
858 1805 908 1869 11.
925 1805 976 1870 13.
990 1805 1050 1870 Est
1063 1807 1194 1890 aliquid,
1209 1806 1354 1890 quamvis
1367 1803 1547 1882 absolute&

93 1893 160 1958 inse
171 1916 234 1958 nou
247 1893 380 1973 malum,
392 1897 500 1960 tamen
512 1895 704 1959 indecorum.
717 1893 738 1958 J
740 1915 791 1958 arn
805 1898 880 1959 verb
891 1894 1073 1958 indecorum
1086 1895 1138 1959 hic
1151 1901 1199 1959 est
1211 1898 1233 1961 tr
1247 1899 1265 1959 ia
1277 1897 1367 1978 parte
1377 1892 1546 1970 Ecclesiae,

1 2007 3 2069 ς
92 1985 112 2046 t
135 1985 253 2067 ‘aparte
269 1983 362 2069 [pag.
375 1984 457 2070 201]
470 1982 688 2068 Magistratus.
705 1985 755 2048 Ec
766 1995 857 2067 purte
869 1985 1027 2060 Ecclesiae,
1043 1983 1072 2047 1.
1096 1983 1188 2058 Quod
1199 1984 1258 2048 soli
1270 1982 1431 2048 Ecclesiae
1448 1981 1546 2045 refor·
1593 1999 1600 2015 ·

93 2075 186 2136 niniae
213 2071 365 2156 Belgicae
388 2071 481 2154 qnasi
503 2071 740 2156 perduellionis,
765 2073 788 2137 dr
811 2072 917 2136 nescio
941 2094 1076 2156 quorum
1103 2072 1272 2136 criminum
1295 2094 1367 2136 reae
1380 2075 1436 2134 aut
1452 2092 1548 2153 supra

1 2211 2 2252 ,
90 2181 189 2225 omnes
201 2161 281 2224 alios
293 2165 402 2224 coetus
413 2161 604 2246 gravissimis
616 2159 794 2244 suspicione
807 2160 975 2239 laboranti,
990 2160 1108 2225 alicubi
1120 2183 1201 2225 nova
1213 2161 1290 2226 haec
1300 2159 1435 2225 servitus
1444 2160 1546 2243 impo-

1 2285 2 2300 ,
91 2253 191 2313 natur:
214 2272 286 2314 cnm
311 2249 460 2314 onmibus
484 2250 556 2314 aliis
569 2248 772 2314 consistoriis
787 2254 972 2314 exterorum
980 2249 1173 2336 (Anglorum
1189 2251 1211 2315 tt
1225 2248 1546 2333 Gallobelgicorum)

1 2337 2 2398 3
91 2359 142 2402 sna
153 2338 282 2402 libertas
294 2337 512 2422 relinquatur:
529 2339 628 2403 immo
643 2335 846 2419 &sectarum
860 2343 896 2404 ut
907 2337 1205 2422 Anabaptistarum,
1219 2335 1545 2403 Socinianossllemon-

1 2471 2 2504 2
91 2427 251 2492 stantium
280 2427 330 2491 irc.
359 2427 458 2491 etiam
479 2427 686 2493 tunsarum.
710 2425 763 2491 llli
775 2428 860 2492 enirn
880 2429 918 2491 de
938 2450 1013 2492 suae
1026 2428 1190 2512 religionis
1203 2427 1306 2492 causis
1318 2429 1341 2492 tu
1353 2425 1502 2510 negotiis,
1514 2425 1547 2487 in

1 2531 14 2590 ,.
90 2515 250 2580 ordinariis
262 2520 319 2580 aut
332 2515 591 2580 extraordinariis
605 2516 671 2580 suis
684 2514 910 2594 Conventibus,
924 2516 1024 2580 libere
1038 2517 1219 2580 consultant
1232 2516 1352 2599 absque
1368 2513 1549 2598 praesentia
1599 2573 1604 2584 ,

92 2605 112 2668 t
132 2605 344 2689 praesidentia
368 2603 588 2690 Magistratus.
612 2603 664 2668 An
676 2603 830 2670 fratribus
843 2607 866 2670 tt
878 2605 1019 2689 ejusdem
1031 2605 1105 2668 fidei
1119 2605 1317 2668 consortibus
1330 2604 1435 2666 minus
1448 2603 1547 2665 fiden-
1580 2620 1584 2627 ’

0 2730 1 2777 ,
89 2693 169 2770 dum,
192 2715 289 2776 quam
305 2693 456 2776 perfidiae
466 2693 487 2758 J
490 2695 672 2770 ndaeorum,
689 2698 746 2757 aut
766 2697 972 2774 generosioris
987 2692 1293 2772 liemonstrantium,
1318 2689 1548 2774 anabaptista-

0 2778 1 2819 ³
90 2787 178 2846 rum?
202 2783 233 2844 2.
259 2782 351 2864 Qrtod
366 2783 466 2846 cuivis
478 2781 621 2868 Collegio
633 2782 742 2860 civice,
755 2783 777 2846 t
790 2781 1059 2846 Fraternitatibus
1072 2780 1340 2858 Mechanicorum,
1355 2779 1546 2853 Numerum,

90 2867 269 2954 Bajulornm
293 2871 343 2935 tic.
370 2871 468 2947 ctiam
490 2871 659 2936 infamium
679 2870 980 2936 &Libertinicorum
993 2870 1184 2935 histrionum
1196 2871 1269 2954 plus
1285 2869 1369 2934 credi
1382 2868 1545 2942 videntum

90 2967 179 3044 qdam
202 2959 264 3044 piis
289 2958 475 3024 Pastoribns
506 2961 528 3024 a
554 2959 697 3044 probatis
709 2958 905 3024 Senioribus.
929 2958 983 3023 Illi
996 2960 1080 3024 eninr
1093 2959 1268 3023 ordinarios
1281 2981 1354 3022 siros
1367 2957 1547 3021 Conventus
1648 2965 1656 2980 '

90 3049 246 3113 celebrant
257 3047 378 3132 absque
391 3049 570 3132 praesentiat
582 3046 803 3132 Magistratus,
827 3049 858 3112 3.
884 3050 976 3130 Qrtocl
987 3071 1058 3112 cum
1071 3048 1105 3110 in
1121 3053 1184 3112 nna
1200 3047 1342 3112 Ecclesia
1354 3045 1478 3109 novitas
1491 3044 1547 3107 illa

89 3143 225 3223 urgetur,
237 3159 395 3220 nusquam
408 3141 482 3202 verb
494 3138 527 3202 in
539 3137 611 3200 aliis
624 3135 774 3200 Ecclesiis
787 3136 904 3221 Belgii,
917 3141 973 3200 aut
984 3137 1059 3200 ullis
1075 3136 1190 3200 exteris
1203 3135 1399 3200 reformatis:
1413 3133 1547 3218 stigma·

88 3233 117 3290 te
141 3227 251 3310 aliquo
278 3229 333 3290 aut
356 3225 550 3305 rebellionis,
575 3229 631 3290 aut
654 3225 907 3308 conspirationis,
927 3225 1076 3290 Pastores
1092 3226 1115 3290 dt
1130 3224 1276 3294 Seniores
1289 3223 1338 3287 illi
1355 3245 1431 3307 prae
1444 3221 1547 3286 omni-

88 3313 142 3379 bus
166 3315 241 3378 aliis
256 3314 360 3378 notari
374 3313 529 3380 videntur.
554 3317 641 3390 Quae
654 3314 848 3378 contumelia
860 3314 936 3378 viris
948 3314 1169 3378 innocentibus
1182 3313 1205 3377 tr
1220 3313 1387 3376 universae
1399 3309 1548 3394 religioni

90 3409 210 3468 nostrae
236 3401 315 3468 satis
342 3403 456 3468 acerba
468 3409 533 3469 est:
558 3427 630 3468 cum
650 3403 699 3466 illi
720 3403 864 3485 exemplo
883 3403 1059 3486 primorum
1073 3401 1326 3466 Christianorum
1343 3401 1375 3463 in
1388 3399 1548 3484 legatione

89 3492 311 3576 Athenagorae
339 3492 385 3576 (in
406 3492 590 3576 principio);
615 3491 865 3558 &Ecclesiarum
878 3489 1073 3554 Gallicarum
1087 3491 1118 3554 in
1135 3491 1263 3575 publica
1276 3493 1298 3554 dr
1311 3489 1427 3553 celebri
1435 3487 1547 3551 decla·
1672 3500 1675 3506 '

89 3583 207 3647 ratione
233 3581 346 3664 synodi
369 3579 566 3646 Privaeensis
589 3603 671 3644 anno
699 3579 792 3642 1612.
806 3578 879 3642 Kal.
892 3578 913 3643 J
917 3579 993 3658 unii,
1006 3579 1132 3642 nullum
1145 3578 1336 3662 supplicium
1348 3576 1548 3659 deprecaturi

89 3671 155 3746 sint,
185 3668 343 3752 siquidem
360 3669 472 3752 culpae
484 3669 542 3733 ulli
555 3668 757 3734 succubuisse
770 3667 957 3750 deprehensi
970 3667 1100 3732 fuerint.
1123 3667 1173 3731 Ex
1184 3671 1274 3750 parte
1289 3667 1502 3750 Magistratus,
1518 3662 1548 3727 a

88 3761 218 3841 politiae.
245 3761 274 3822 l.
295 3757 385 3832 Quod
397 3757 446 3821 illi
462 3758 543 3822 hanc
555 3757 729 3822 novitatem
742 3755 927 3833 obtrudunt,
941 3757 996 3839 qui
1009 3756 1170 3820 Ecclesiae
1186 3754 1335 3820 nutritios
1349 3778 1381 3818 se
1394 3753 1548 3836 proliten-

89 3851 96 3908 t
169 3849 194 3914 dt
219 3852 348 3931 magna,
373 3845 400 3910 si
424 3868 486 3910 non
498 3846 638 3911 maxima
655 3868 693 3909 ex
710 3850 800 3928 parte
816 3844 884 3928 ejus
898 3845 1051 3922 membra,
1065 3845 1134 3922 filii,
1151 3844 1276 3921 fratres,
1289 3843 1384 3906 amici
1396 3841 1547 3908 audiunt:

91 3957 95 3998 ι
151 3959 197 4002 ,ιιι
227 3935 337 4000 audire
365 3935 485 4001 volunt.
511 3933 621 3999 Nolim
634 3935 746 4011 dicere,
760 3938 795 3998 ut
807 3955 879 3997 cum
895 3931 990 3998 Semo
1003 3936 1025 3998 tt
1037 3933 1176 4016 -Japheto
1188 3937 1315 4016 patrum
1333 3929 1549 4014 spiritualium

89 4046 96 4086 ι
152 4029 261 4091 itatem
284 4027 408 4108 tegant,
435 4023 461 4086 si
494 4045 576 4107 quae
600 4022 861 4093 essettminime:
875 4022 929 4086 sed
941 4045 981 4084 ne
994 4022 1107 4086 saltem
1121 4022 1192 4085 aliis
1206 4043 1336 4104 pravam
1351 4018 1491 4102 aliquam
1508 4018 1546 4082 de

87 4113 96 4175 i
148 4113 358 4198 ’uspicionem
372 4111 524 4195 injiciant,
538 4135 609 4176 cnm
619 4112 706 4196 justa
719 4133 814 4175 causa
828 4132 890 4174 non
904 4111 954 4174 sit.
981 4111 1010 4173 2.
1039 4111 1129 4192 Quod
1141 4109 1217 4173 alibi
1233 4108 1264 4172 in
1283 4107 1434 4173 Ecclesiis
1447 4105 1548 4170 refor-

90 4223 96 4263 1
160 4203 262 4284 s(ubi
276 4200 480 4284 Presbyteria
492 4201 596 4266 locum
609 4200 742 4282 hubent)
756 4199 965 4284 Magistratus
979 4199 1059 4262 nihil
1074 4200 1136 4262 tale
1153 4201 1306 4282 urgeant:
1325 4195 1482 4278 imprimis
1494 4193 1550 4257 ubi

91 4311 96 4352 ι
152 4296 222 4357 ient
245 4312 415 4374 supremae
440 4289 628 4366 PotestatcS,
653 4289 676 4352 b
700 4288 824 4364 Curiae,
850 4291 886 4350 ut
910 4285 1366 4372 Hugue-ComitiS,Arnlremi,
1380 4282 1549 4364 Ultrajeeti

91 4394 96 4450 t
152 4405 166 4414 ·
197 4381 294 4445 1639.
310 4381 384 4443 vere
397 4378 583 4458 scribebam,
597 4401 680 4444 nunc
692 4381 799 4442 utitem
811 4374 992 4442 hominibus
1008 4378 1031 4441 tc
1049 4376 1245 4458 temporibus
1258 4373 1389 4438 mutatis
1402 4372 1458 4436 illa
1472 4371 1551 4434 haut

1436 4481 1550 4541 parum
