3732 4840
573 65 588 107 1

442 142 461 220 l
591 129 603 160 ⁸
628 209 640 238 ,

319 277 382 342 160
678 274 759 339 Pras
783 273 809 339 Ι.
832 272 880 338 Ds
904 272 1039 340 Onmcro
1063 274 1166 338 l’onrr.
1190 273 1282 340 Ecca.
1305 273 1372 342 Ins.
1395 273 1422 339 Ι.

315 465 347 529 in
361 463 477 541 Gallia,
501 462 667 528 autetiam
680 462 714 526 in
726 462 849 547 palitiis
863 419 1068 528 rescribatis?
1092 461 1182 538 Quod
1191 443 1221 526 ⁴si
1230 463 1375 546 judicent
1387 462 1550 528 Ecclesiae
1561 485 1626 528 non
1637 441 1790 548 expedire

317 558 351 618 ut
371 558 427 618 aut
447 552 626 636 Imperator
646 551 887 616 Ottomannicus
906 574 964 635 per
975 551 1158 636 delegatum
1171 575 1263 616 suum
1277 552 1387 615 audiat
1399 552 1646 640 deliberationes
1658 554 1701 618 de
1714 575 1789 638 pro-

314 643 486 728 pagatione
506 640 580 706 fidei
599 641 683 705 inter
699 639 995 717 Muhammedistas,
1010 645 1065 704 aut
1079 639 1203 705 Galliae
1216 639 1285 704 lter
1301 663 1359 724 per
1370 641 1555 725 delegatum
1568 663 1662 706 suum
1676 643 1790 708 audiat

281 777 288 796 .
313 731 445 796 consilia
457 731 618 796 hudecreta
630 730 668 794 de
684 728 841 794 Ministris
854 731 894 794 ad
905 729 1117 794 clandestinas
1129 730 1299 808 Ecclesiae,
1317 734 1372 794 aut
1385 710 1444 794 sub
1457 734 1580 814 papatu
1593 731 1788 796 delitescen-

313 825 362 885 tes
380 820 495 885 fratres
514 819 689 898 mittendis,
712 819 813 903 deque
837 818 1022 904 frangendis
1044 819 1328 902 &praeveniendis
1349 819 1490 883 consiliis
1510 843 1547 883 ac
1568 819 1790 886 machinatio-

301 905 408 973 'nibus
425 907 579 993 Papatus:
593 908 650 972 illo
666 908 699 971 in
712 931 787 972 casu
800 907 979 972 Conventus
994 907 1192 972 Glandestini
1203 907 1401 986 instituendi,
1415 912 1543 990 praeter
1557 909 1715 992 publicos,
1732 915 1790 974 aut

316 997 504 1062 intermissis
520 995 666 1080 publicis.
683 1035 721 1044 -
738 999 773 1062 X.
790 997 913 1076 Quaeri.
927 996 1050 1072 Quibus
1063 997 1186 1060 actibus
1203 996 1399 1060 ordinarium
1411 989 1554 1061 officium
1570 996 1789 1082 Magistratus

314 1085 593 1164 circumscribitur,
617 1086 774 1170 siquidem
791 1085 926 1170 Synodis
947 1085 1100 1157 interesse
1121 1085 1282 1150 voluerit?
1307 1087 1397 1169 119911.
1422 1087 1451 1150 1.
1475 1085 1522 1150 Ut
1535 1087 1690 1166 omnium,
1704 1111 1790 1172 quae

313 1176 360 1239 ibi
371 1173 593 1240 Ecclesiastice
605 1179 769 1260 geruntur,
783 1179 860 1258 agat
871 1176 1068 1259 sepuitorem.
1093 1175 1125 1238 2.
1148 1173 1195 1238 Ut
1207 1173 1453 1238 architectonica
1467 1173 1604 1240 Politice
1621 1175 1790 1268 Potestate

314 1265 478 1350 provideat
490 1265 513 1330 11
525 1263 688 1347 impediat,
701 1287 740 1327 ne
753 1264 919 1349 synodales
931 1267 1070 1327 tractent
1082 1263 1221 1347 politica,
1235 1264 1257 1326 81
1274 1285 1400 1327 resnou
1413 1264 1463 1328 sui
1476 1263 1548 1340 fori.
1566 1265 1596 1328 3.
1614 1263 1661 1329 Ut
1675 1265 1790 1329 eadem

314 1353 477 1418 Potestate
501 1353 726 1430 exorbitantes,
750 1353 907 1424 ἀτάκτους,
926 1353 1159 1416 tumultuantes
1176 1352 1357 1435 compellat,
1376 1353 1415 1416 ad
1427 1355 1605 1418 communis
1621 1353 1789 1421 honesti&

314 1443 428 1522 decori,
448 1447 484 1506 ut
500 1443 523 1506 81
539 1441 658 1506 ordinis
671 1440 886 1505 Ecclesiastici
899 1463 935 1505 ac
947 1441 1056 1526 legum
1069 1441 1269 1525 synodalium
1278 1441 1346 1524 jam
1358 1425 1487 1525 publice
1499 1445 1523 1508 8
1536 1443 1697 1506 9019111991
1710 1465 1790 1508 con-

313 1555 406 1596 sensu
431 1534 631 1614 receptarum
655 1529 919 1608 observationem,
943 1531 975 1594 in
1001 1531 1136 1594 sedendo
1160 1529 1239 1607 scih,
1261 1530 1427 1608 audienda,
1445 1531 1608 1616 suffragiis
1631 1532 1789 1606 dicendis,

314 1621 472 1685 sententia
492 1619 658 1683 formanda
677 1621 728 1684 819.
753 1619 783 1681 4.
807 1617 854 1682 Ut
873 1617 905 1682 in
927 1619 1166 1703 quaestionibus
1182 1618 1259 1682 facti
1272 1620 1295 1682 81
1308 1619 1346 1682 de
1361 1619 1539 1703 disciplina,
1552 1621 1579 1684 si
1592 1643 1676 1704 qnae
1692 1622 1791 1686 mixti

313 1712 378 1775 silit
391 1709 451 1774 fori
463 1710 513 1795 (ut
525 1731 588 1772 non
600 1713 672 1772 rarb
685 1710 772 1790 sunt)
785 1715 933 1792 separato
945 1711 1023 1791 pure
1036 1711 1059 1774 11
1071 1707 1249 1772 formaliter
1261 1707 1486 1772 Ecclesiastico
1497 1713 1515 1772 b
1531 1710 1672 1792 politico,
1685 1710 1721 1774 in
1732 1733 1790 1794 po-

315 1799 411 1864 liticis
435 1797 678 1862 architectonice
702 1797 725 1861 81
749 1796 835 1860 solus
848 1797 1045 1860 definitivam
1057 1797 1249 1861 sententiam
1261 1797 1345 1860 ferat
1357 1799 1531 1861 secundum
1543 1799 1640 1883 leges,
1655 1801 1788 1864 8111911-

318 1889 426 1952 datum
440 1909 549 1952 suum:
563 1888 658 1952 99191
670 1885 855 1949 mandatum
869 1886 969 1968 ipsius
985 1887 1024 1949 ad
1036 1885 1115 1949 haec
1127 1907 1235 1950 senon
1248 1887 1415 1962 extendat3
1425 1887 1544 1969 judicio
1556 1888 1790 1970 principalium

316 1977 376 2042 hoc
388 1976 542 2040 reservari
553 1980 650 2040 curet.
664 1973 699 2038 [u
714 1974 945 2039 Ecclesiasticis
959 1979 1032 2039 verb
1046 1974 1253 2038 deliberativo
1268 1975 1421 2060 suffragio
1434 1977 1457 2040 81
1470 1976 1612 2054 consilio,
1626 1977 1790 2060 siquidem

317 2067 363 2130 ita
382 2066 431 2130 illi
448 2065 551 2129 risum
566 2064 674 2140 fuerit,
686 2068 743 2128 aut
754 2062 898 2148 Synodus
910 2064 1130 2146 postulaverit,
1144 2085 1309 2128 commune
1326 2065 1445 2128 bonum
1458 2069 1655 2148 promoveat.
1680 2067 1711 2131 5.
1741 2065 1787 2131 Ut

318 2154 542 2220 examinandas
552 2154 574 2218 81
583 2153 768 2217 decidendas
780 2157 938 2236 proponat
950 2175 1072 2231 causas,
1086 2158 1142 2216 aut
1150 2153 1351 2237 quaestiones
1362 2175 1569 2237 quascunque
1577 2143 1788 2220 Ecclesiasti-

318 2267 370 2308 cas
393 2244 430 2307 de
450 2243 592 2306 doctrina
613 2245 635 2308 81
655 2242 796 2306 moribus
819 2243 853 2304 in
871 2241 954 2304 thesi
971 2248 1027 2305 aut
1042 2242 1226 2325 hypothesi,
1239 2265 1374 2325 quarum
1389 2242 1577 2306 decisionem
1587 2243 1786 2327 judicaverit

317 2339 373 2398 aut
393 2334 432 2396 ad
452 2331 660 2406 conscientiae
679 2353 765 2408 suae,
779 2335 835 2394 aut
846 2331 885 2394 ad
897 2330 1006 2414 populi
1020 2331 1069 2394 sui
1083 2331 1323 2394 instructionem
1336 2335 1432 2416 atque
1444 2332 1710 2410 aedificationem,
1726 2338 1786 2398 aut

297 2423 356 2512 ,ad
379 2421 542 2506 publicum
567 2422 683 2484 bonum
707 2420 874 2504 pertinere.
898 2419 997 2484 Plura
1016 2421 1043 2483 si
1063 2417 1269 2504 Magistratui
1288 2420 1320 2483 in
1341 2419 1477 2504 Synodis
1493 2420 1665 2505 aliquando
1678 2422 1785 2486 tribui

317 2511 504 2596 contigerit;
526 2510 558 2573 id
573 2513 676 2574 totum
697 2507 759 2572 fuit
778 2531 840 2572 non
853 2508 945 2591 juris,
962 2509 1016 2572 sed
1033 2509 1230 2573 voluntariae
1242 2510 1451 2574 concessionis
1467 2509 1566 2574 totius
1579 2508 1710 2594 Synodi,
1726 2517 1789 2576 aut
1838 2563 1843 2574 .

317 2600 457 2685 partium
478 2599 699 2662 dissidentium
714 2620 752 2661 911
764 2598 999 2680 compromisso,
1013 2600 1063 2664 819.
1076 2637 1115 2644 -
1128 2599 1177 2662 XI.
1189 2599 1313 2680 erucst.
1327 2598 1380 2661 An
1392 2598 1489 2662 etiam
1499 2622 1595 2682 penes
1612 2599 1721 2683 ipsum
1745 2601 1789 2664 sit

316 2689 503 2776 gravamina
516 2690 538 2753 81
551 2688 674 2772 agenda
685 2687 717 2750 in
731 2685 865 2771 Synodis
877 2687 1101 2770 praescribere,
1118 2688 1140 2752 81
1153 2687 1228 2750 solis
1242 2685 1305 2750 illis
1318 2686 1481 2770 Synodum
1501 2688 1663 2774 alligare?
1688 2690 1787 2774 119911.

317 2779 408 2865 [pag.
424 2778 503 2862 190]
522 2779 594 2861 Nep.
606 2776 666 2841 Est
682 2775 767 2840 enim
780 2775 859 2838 illud
872 2775 1346 2858 11111111(191199111991991919111
1362 2798 1625 2861 quarumcunque
1637 2778 1788 2862 particu-

316 2867 443 2945 larium,
456 2868 478 2932 dr
491 2865 760 2930 bombinationurn
774 2864 1068 2928 Ecclesiasticarum
1081 2865 1114 2927 in
1126 2865 1332 2940 districtibus,
1346 2870 1402 2930 aut
1413 2866 1596 2949 provinciis
1610 2869 1789 2932 9111119110-

317 2957 422 3033 nibus,
442 2940 522 3039 (111119
540 2955 579 3018 ad
591 2953 753 3038 Synodum
765 2954 854 3017 illam
867 2954 1042 3037 pertinent:
1067 2954 1187 3018 Dei-rute
1200 2954 1297 3018 etiam
1309 2955 1507 3039 privatorum
1519 2977 1789 3042 quorumcunque

319 3045 460 3109 fidelium
480 3066 551 3109 cum
572 3047 762 3122 exterorum,
774 3047 843 3106 tum
856 3043 1108 3121 domesticorum,
1121 3043 1176 3126 qui
1193 3044 1232 3106 ad
1245 3065 1444 3108 communem
1460 3044 1714 3110 aedificationem
1728 3051 1789 3112 aut
1846 3053 1856 3086 ¹

319 3157 375 3220 per
394 3135 503 3198 literas
520 3137 575 3197 aut
587 3155 692 3198 coram
706 3129 839 3216 Synodis
852 3131 928 3214 quid
941 3133 1180 3215 proponendum
1191 3131 1322 3196 habent.
1347 3134 1489 3220 Denique
1500 3135 1523 3198 81
1536 3133 1694 3218 imprimis
1753 3161 1790 3200 a·

319 3229 474 3298 veterina,
489 3223 543 3306 qui
556 3245 614 3306 per
622 3224 743 3305 justam
755 3221 1009 3304 provocationem
1022 3243 1132 3285 causas
1145 3225 1167 3286 81
1180 3221 1325 3304 querelas
1338 3246 1411 3286 suas
1424 3244 1461 3286 eo
1478 3222 1635 3288 deferunt.
1653 3158 1789 3318 (suffigi

319 3309 530 3398 Magistratus
543 3311 649 3376 omnia
662 3311 718 3374 illa
734 3311 773 3373 ad
785 3333 819 3373 se
831 3309 945 3393 rapiat,
959 3309 1070 3393 utique
1083 3310 1226 3374 libertati
1236 3311 1501 3376 &conditionibus
1510 3313 1629 3396 Synodi
1646 3313 1789 3379 Christi-

320 3425 399 3466 anae
421 3401 484 3464 vim
506 3400 593 3465 facit.
618 3399 654 3462 ln
677 3421 750 3463 casu
774 3404 880 3462 tamen
900 3399 1032 3482 implexi
1052 3399 1233 3484 gravissimi
1250 3400 1440 3465 incommodi
1461 3400 1583 3484 politici
1597 3402 1694 3486 (quod
1707 3406 1789 3487 quid

218 3505 225 3523 ⁹
320 3492 362 3555 sit
386 3489 469 3554 forte
488 3512 551 3555 non
573 3490 659 3567 dicit,
680 3490 735 3552 sed
752 3492 898 3552 numerat
918 3488 952 3550 in
972 3489 1094 3552 arcanis
1114 3486 1280 3574 Reipubl.)
1300 3490 1327 3554 si
1349 3513 1477 3554 eausam
1497 3493 1553 3554 aut
1565 3492 1788 3574 quaestionem
1855 3539 1856 3556 1

197 3585 204 3600 ’
320 3581 461 3664 aliquam
474 3579 709 3663 particularem,
727 3581 783 3642 aut
794 3577 871 3641 facti
888 3575 920 3639 in
934 3575 1053 3660 Synodi
1065 3579 1199 3660 proponi
1212 3582 1268 3641 aut
1280 3579 1428 3643 ventilari
1441 3579 1537 3654 nolit;
1551 3580 1662 3663 ntique
1675 3579 1788 3646 Eccle-

321 3671 385 3734 siae
406 3668 615 3732 obediendum
636 3670 694 3744 est,
708 3669 730 3732 81
743 3667 782 3730 ab
797 3667 864 3748 ejus
877 3665 1066 3730 tractatione
1079 3668 1227 3750 synodica
1238 3667 1294 3731 illo
1306 3673 1451 3751 tempore
1468 3668 1702 3734 abstinendum.
1729 3671 1790 3735 Sin

320 3781 414 3822 (eausa
434 3758 476 3820 sit
492 3757 652 3821 doctrinae
670 3757 691 3821 81
705 3755 831 3838 quidem
846 3755 992 3837 capitalis
1006 3777 1042 3819 ac
1053 3756 1183 3836 sontica,
1197 3779 1278 3840 quae
1291 3780 1412 3822 moram
1425 3779 1488 3821 non
1501 3759 1633 3841 patitur,
1646 3759 1708 3823 nisi
1723 3760 1790 3824 Ec-

319 3847 433 3912 clesiae
446 3847 581 3910 salutem
594 3845 736 3910 subverti
748 3849 804 3908 aut
817 3844 1082 3927 periculosissime
1095 3846 1220 3909 concuti
1233 3846 1384 3910 velimus:
1401 3848 1590 3930 tempestive
1603 3851 1626 3914 81
1638 3849 1691 3931 pit·
1705 3849 1730 3912 d·
1766 3852 1787 3913 i·

319 3935 614 4010 beraudum,auncn
624 3935 657 3997 in
666 3934 867 3998 clandestinis
878 3934 1084 3997 conventibus
1094 3935 1265 3998 remedium
1277 3935 1550 3999 imminentimalo
1560 3939 1666 4020 parari
1677 3961 1730 4021 qur
1766 3945 1788 4002 t:

320 4022 1726 4118 91101191119111999919911919,9911911191911991991919111009199111991111111111911119191191
1765 4029 1789 4090 i-

319 4116 447 4178 audhm.
461 4112 634 4196 Nunquam
645 4113 729 4176 enim
743 4117 884 4176 extrema
901 4111 957 4174 illa
973 4114 996 4176 81
1011 4113 1200 4195 temporalia
1213 4135 1284 4178 cum
1297 4117 1387 4177 tanta
1400 4114 1621 4194 conscientiae,
1635 4117 1658 4180 81
1671 4115 1733 4180 sah
1766 4119 1789 4180 is

321 4203 465 4290 publicae
474 4203 600 4285 jactura
616 4203 748 4266 eruenda
760 4205 834 4266 sunt
844 4239 894 4264 .-
914 4201 980 4264 h'll.
996 4203 1118 4282 (1119911.
1133 4202 1185 4265 An
1197 4203 1410 4286 praesidentia
1426 4203 1459 4266 in
1476 4201 1611 4287 Synodis
1624 4228 1735 4288 90111119
1766 4213 1790 4270 11

320 4291 535 4376 Magistratui.
549 4293 638 4374 Hesp.
653 4290 699 4356 De
714 4290 925 4375 praesidentia
939 4294 1068 4352 externa
1080 4292 1103 4355 81
1116 4292 1255 4376 politice,
1269 4315 1350 4374 quac
1363 4297 1471 4358 tamen
1487 4297 1591 4376 potest
1607 4294 1746 4358 adesses
1766 4301 1789 4359 11

320 4383 440 4459 abesse,
454 4381 478 4444 A
483 4384 519 4466 ff
527 4380 575 4443 De
584 4380 797 4462 praesidentia
805 4379 987 4456 intrinseca,
997 4379 1229 4458 Ecclesiastica,
1240 4384 1262 4447 81
1272 4383 1425 4465 synodali,
1437 4384 1556 4464 11111-
1567 4385 1647 4448 n'lll.
1661 4387 1746 4466 erue
1767 4395 1788 4450 l.

1732 4474 1789 4537 ln
