3752 4858
254 405 255 408 Ἴ
313 313 376 378 292
705 307 863 374 Pomruas
880 301 1131 374 Ecsarsmsruae
1157 305 1235 370 Pras
1250 301 1275 370 I.
1300 298 1420 371 hah.
1445 389 1447 394 Ι

312 522 423 564 vacare
445 502 606 581 nequeant
624 496 797 561 autminus
810 495 874 560 sint
887 495 1001 570 idonei,
1020 495 1109 580 [pag.
1128 494 1208 577 ull]
1228 493 1302 556 licet
1317 493 1394 576 ipsis
1409 493 1506 555 inuno
1523 489 1681 556 incumbit
1698 489 1775 574 ipsis

296 625 299 632 ⁴
313 589 380 652 sine
405 592 554 670 expressa
578 586 739 654 licentiata
755 584 912 662 Ministro,
927 588 983 647 aut
996 582 1162 660 Ministris,
1176 587 1232 646 aad
1245 583 1362 651 Classe,
1381 587 1437 644 aut
1448 578 1604 664 Synedrio
1617 580 1779 674 postulati

314 681 337 742 tt
355 675 509 752 exhibita,
523 676 655 739 alterius
669 673 788 737 arrxilio
803 673 859 738 uti.
874 671 947 736 Nou
961 677 1146 754 exspectant
1158 693 1215 734 nec
1228 676 1411 754 exspectare
1423 669 1538 733 debent
1550 668 1716 742 Parentes
1728 668 1779 751 qui

313 763 545 828 catechizandis
569 763 749 827 domesticis
773 785 834 825 noa
861 761 1034 836 sufficiunt,
1048 761 1144 823 (laureo
1158 759 1350 842 Syuedriunr
1363 760 1439 841 ipsis
1453 758 1561 822 mittat
1574 757 1777 822 domesticum

313 852 525 931 Catachisteu,
549 853 603 915 sed
628 851 689 935 ipsi
714 851 816 934 magis
834 851 980 914 idoneum
998 850 1029 912 iu
1043 848 1166 912 fanrilia
1178 853 1246 926 sust,
1259 854 1316 912 aut
1329 852 1418 912 extra
1431 869 1501 911 eam
1514 847 1575 910 sibi
1589 845 1777 930 despiciunt.

314 941 382 1017 Quo
394 944 539 1024 respectu
553 946 622 1004 erat
633 939 839 1004 catechizatio
853 938 977 1021 privata
993 936 1174 1014 domestica,
1188 959 1285 1020 quam
1297 937 1442 1019 Synodus
1459 935 1660 1000 Dordracena
1676 935 1717 998 ab
1729 957 1778 998 ec-

314 1030 490 1094 clesiastica
502 1031 626 1093 exserte
639 1028 817 1112 distinguit.
837 1027 878 1090 ldt
891 1027 967 1110 quia
978 1025 1216 1111 Ludimagister
1226 1026 1319 1089 istius
1329 1023 1599 1108 orphanotrophei
1610 1025 1698 1088 solus
1707 1023 1777 1086 huic

315 1119 403 1202 operi
420 1141 482 1182 non
495 1117 684 1186 sufficiebat.
699 1117 790 1199 eique
803 1119 1006 1200 aegrotorum
1020 1115 1206 1178 Consolator
1218 1119 1372 1197 tauquam
1384 1113 1549 1177 auxiliaris
1562 1113 1710 1190 dabatur,
1722 1113 1778 1175 hoc

314 1211 458 1290 respectu
472 1212 541 1270 erat
553 1207 651 1270 etiam
664 1203 879 1270 catechizatio
891 1204 1017 1286 privata
1030 1203 1219 1267 scholastica
1230 1227 1237 1275 ;
1251 1225 1347 1285 quam
1360 1201 1505 1286 Synodus
1519 1201 1558 1265 ab
1568 1199 1778 1266 ecclesiastica

314 1296 493 1380 distinguit.
518 1295 598 1359 Cum
622 1299 729 1358 autem
754 1293 866 1356 Patres
889 1289 1171 1376 orphanotrophei,
1196 1291 1291 1356 &alii
1306 1291 1485 1374 quicunque
1501 1289 1613 1354 Patres
1629 1289 1779 1364 familias,

314 1383 437 1468 possint
458 1405 553 1467 opera
576 1383 735 1448 &auxilio
754 1381 823 1444 Viri
843 1383 996 1464 cujusque
1020 1381 1187 1445 orthodoxi
1210 1381 1234 1445 tt
1257 1380 1303 1464 pii
1328 1381 1366 1443 ad
1391 1379 1450 1444 hoc
1475 1379 1658 1444 idoneiuti:
1680 1378 1779 1442 mula

314 1473 417 1554 magis
433 1477 636 1554 aegrotorum
650 1470 873 1546 Consolatoris,
887 1471 926 1533 ob
941 1492 1056 1534 munus
1068 1469 1231 1552 publicum
1240 1468 1327 1532 omni
1336 1468 1521 1553 exceptione
1530 1467 1671 1550 majoris.
1685 1465 1779 1530 Simi-

315 1561 387 1624 liter
400 1561 550 1624 advcrsus
562 1559 760 1636 domesticae,
774 1558 1013 1624 &scholasticas
1027 1557 1290 1622 catechizatioues
1303 1557 1571 1642 paedagogorum,
1586 1559 1609 1622 dc
1632 1577 1780 1640 praecep·

315 1656 430 1726 torum,
455 1649 509 1732 qui
534 1649 573 1711 ad
597 1648 813 1711 institutiones
838 1647 1012 1712 Puerorum
1025 1647 1122 1710 etiam
1139 1647 1320 1710 adultorum
1332 1645 1354 1710 tt
1366 1645 1712 1723 spepzscvdomisuae,
1726 1649 1778 1708 aut
1868 1661 1869 1672 ¹

315 1739 399 1801 domi
428 1737 607 1813 Parentum,
631 1736 856 1812 admittuntur,
881 1736 962 1799 nihil
979 1735 1081 1820 excipi
1098 1739 1212 1819 potest.
1238 1733 1341 1798 Multo
1353 1734 1458 1798 minus
1471 1734 1621 1798 adversus
1642 1734 1779 1818 privatas
1859 1754 1865 1766 ·

316 1827 469 1908 ejusmodi
486 1824 749 1888 catechizationes
767 1824 1015 1908 Proponentium
1028 1847 1084 1888 seu
1101 1823 1346 1888 Candidatorum
1360 1823 1540 1900 ministerii,
1553 1823 1610 1906 qui
1623 1823 1781 1886 concioni·

316 1917 374 1978 bus
388 1914 513 1998 publice
527 1913 681 1976 habendis
695 1912 879 1992 frequenter
891 1913 924 1976 in
938 1910 1255 1998 plerisqueEcclesiis
1263 1912 1381 1975 nostris
1390 1911 1534 1976 adhiberi
1540 1911 1655 1975 solent.
1669 1909 1781 1976 Restat

316 2027 398 2066 unus
411 2003 493 2067 cirea
506 2001 647 2085 privatas
661 2002 732 2065 illas
745 2002 1017 2066 Catachizationes
1026 2001 1204 2094 scrppulus,
1213 2023 1307 2084 quem
1317 2000 1487 2084 aliquando
1497 2000 1780 2072 moveriaudinrns;

316 2092 405 2166 Quod
418 2113 480 2154 nou
495 2095 619 2154 tautum
633 2089 738 2153 Liberi
759 2091 850 2154 unius
865 2091 1006 2154 familiae
1019 2111 1079 2150 aar
1103 2081 1177 2148 οἶκον
1189 2089 1229 2152 ab
1242 2094 1444 2173 aegrotorum
1458 2089 1717 2153 Consolatoribus
1726 2095 1780 2152 aut

319 2179 581 2262 Proponeutibus,
594 2182 650 2242 aut
662 2176 917 2263 Ludimagistris,
934 2183 991 2242 aut
1004 2178 1202 2262 Paedagogis
1214 2176 1396 2241 domesticis
1409 2178 1448 2241 ad
1461 2180 1518 2241 hoc
1531 2178 1641 2242 ascitis
1650 2177 1779 2242 seorsim

316 2267 559 2341 catechizentur,
584 2267 638 2330 sed
661 2269 683 2332 b
708 2267 763 2330 alii
788 2291 826 2330 ex
850 2267 973 2332 familia
989 2265 1188 2331 autfamiliis
1201 2265 1427 2350 Cognatorum,
1444 2270 1500 2329 aut
1515 2265 1711 2344 Amicorum,
1726 2273 1780 2330 aut

319 2355 512 2419 Vicinorum.
538 2355 620 2430 auid
635 2355 668 2418 in
689 2355 747 2418 hoe
768 2356 884 2438 piaculi
898 2361 954 2420 aut
966 2354 1110 2439 periculi,
1127 2354 1153 2418 si
1171 2355 1210 2418 ad
1223 2355 1445 2438 compendium
1461 2355 1613 2438 temporis
1627 2355 1650 2420 a
1663 2377 1778 2438 expen-

316 2466 422 2507 sarum
440 2443 629 2520 faciendum,
642 2445 664 2508 dt
678 2444 937 2523 catechumenos,
951 2449 1041 2508 tanto
1053 2444 1168 2508 melius
1182 2443 1363 2508 excitandos
1376 2449 1472 2526 atque
1485 2443 1684 2522 exercendos,
1698 2466 1779 2507 arnus
1867 2485 1868 2494 κ

317 2537 413 2615 atque
436 2532 528 2608 alter,
547 2537 603 2596 aut
618 2533 745 2614 pauculi
759 2533 859 2618 aliqui
872 2555 909 2597 ex
923 2533 1087 2617 CognatiS,
1103 2531 1235 2609 Amicis,
1249 2529 1456 2610 Necessariis,
1470 2530 1605 2606 vicinis,
1619 2531 1778 2596 Cutechu·

317 2643 409 2684 lirano
425 2625 481 2685 aut
494 2620 737 2684 Catachuruenis
750 2621 842 2686 istius
854 2621 997 2686 familiae
1014 2621 1246 2704 adjungantur3
1260 2624 1357 2706 atque
1369 2626 1431 2684 unt
1444 2625 1542 2704 opera
1553 2620 1779 2685 instituantur?
1867 2629 1868 2634 ’

317 2711 407 2784 Quod
430 2709 455 2772 si
483 2708 698 2793 paedagogica
714 2713 736 2774 t
752 2710 923 2774 domestica
943 2709 1104 2775 institutio
1117 2710 1149 2772 iu
1162 2713 1231 2773 arte
1248 2709 1375 2793 legendi
1387 2709 1410 2774 t
1423 2709 1592 2788 scribendi,
1606 2709 1640 2773 in
1652 2709 1778 2794 linguis,
1866 2715 1868 2772 l

317 2802 339 2863 tt
362 2798 485 2861 artibus
509 2819 571 2861 uon
596 2796 674 2860 facit
697 2798 838 2862 scholam
854 2798 1026 2882 publicam,
1039 2820 1095 2862 cur
1106 2798 1180 2862 talis
1193 2797 1366 2862 domestica
1381 2797 1596 2863 catechizatio
1609 2799 1649 2862 ob
1665 2798 1777 2862 dictam
1866 2829 1868 2846 ⁴

317 2886 407 2949 illam
431 2885 673 2949 associationem
698 2887 720 2951 h
737 2887 1013 2966 combinationem,
1034 2885 1131 2950 faciet
1143 2885 1389 2951 ecclesiasticam
1405 2886 1626 2970 &publicaml
1650 2883 1705 2951 Uti
1718 2908 1777 2950 non

318 2977 464 3038 censetur
488 2973 616 3056 opiulum
642 2975 815 3057 publicum,
840 2997 912 3039 cum
935 2997 1016 3039 unus
1039 2979 1136 3059 atque
1159 2975 1241 3040 alter
1261 2979 1352 3039 extra
1371 2974 1461 3040 illam
1480 2974 1640 3040 familiam
1661 2976 1777 3058 positus
1866 2969 1868 3052 Ξ

319 3061 450 3145 prandio
474 3068 530 3125 arrt
554 3084 670 3126 coenae
694 3065 791 3126 semel
816 3068 912 3147 atque
928 3063 1055 3142 iterum,
1068 3067 1125 3128 aut
1137 3068 1291 3147 perpetuu
1304 3064 1396 3128 statis
1409 3063 1520 3128 diebus
1533 3063 1718 3128 adhibetur:
1734 3063 1777 3126 sic
1865 3097 1867 3138 ς

318 3173 375 3214 uec
398 3151 472 3213 talis
499 3150 723 3214 Cateclrizatio.
748 3152 792 3214 Et
816 3153 861 3216 uti
885 3153 1039 3235 ejusmodi
1062 3152 1196 3235 prandia
1209 3156 1265 3216 aut
1281 3175 1404 3231 coenas,
1417 3175 1456 3217 uc
1472 3153 1601 3236 quidem
1615 3174 1778 3216 nmnerosa
1865 3223 1867 3240 ‚

318 3239 471 3316 convivia,
500 3239 539 3302 ab
564 3245 712 3322 expressa
736 3241 935 3305 concessione
948 3246 1005 3304 sut
1017 3263 1075 3305 nec
1086 3239 1297 3325 Magistratus
1311 3263 1368 3305 nec
1380 3240 1523 3306 Ecclesia
1535 3241 1712 3325 suspendit,
1723 3263 1776 3304 nec
1865 3245 1867 3304 ζ

318 3328 427 3390 eadem
451 3327 490 3390 ad
514 3349 622 3390 curam
646 3351 735 3391 sarain
756 3325 925 3412 specialem
949 3334 1085 3408 revocat,
1109 3329 1169 3393 nisi
1191 3329 1224 3393 in
1245 3352 1320 3394 casu
1333 3330 1437 3394 malae
1450 3329 1776 3405 administrationis&

317 3416 454 3479 abusus:
473 3415 518 3478 ita
531 3416 568 3479 de
585 3417 765 3480 dorrresticis
778 3418 800 3481 tt
815 3418 1037 3502 paedagogicis
1052 3417 1371 3497 Catachizationibus,
1384 3417 1568 3502 Scripturas
1581 3417 1776 3492 lectionibus,
1865 3423 1867 3478 ὲ

318 3503 511 3586 psalmodiis
526 3503 575 3567 dac.
589 3507 803 3568 statuendum:
819 3507 934 3588 quibus
951 3507 1122 3582 Ecclesiae,
1136 3507 1267 3589 ejusque
1279 3507 1430 3590 potestati
1443 3509 1466 3572 t
1478 3507 1580 3572 ordini
1595 3508 1680 3573 nihil
1692 3529 1776 3591 prae·

321 3591 489 3674 judicatur.
509 3593 655 3678 Spaortas
672 3593 876 3658 Dordruccaa
889 3597 1014 3660 Decrclo
1027 3595 1122 3658 toties
1139 3595 1277 3673 laudato,
1291 3597 1383 3681 [pag.
1397 3596 1478 3682 848]
1496 3599 1623 3660 tantum
1636 3597 1730 3674 abest,
1743 3599 1777 3657 ul

319 3684 482 3762 suspectas
496 3680 614 3744 habeat
626 3683 920 3765 congregationales
937 3705 993 3748 seu
1006 3684 1177 3746 associatus
1192 3684 1344 3765 ejusmodi
1358 3683 1642 3764 Catechizationes,
1657 3689 1691 3749 ut
1702 3683 1776 3748 serit

319 3790 372 3832 eas
397 3769 596 3832 commendet
618 3771 806 3852 praesertim
830 3771 1089 3854 competentium.
1113 3771 1155 3835 Et
1175 3772 1304 3836 cannino
1317 3774 1398 3836 tales
1414 3772 1659 3838 Ecclesiasticae
1671 3775 1702 3837 in
1717 3773 1775 3835 fre-

318 3857 489 3938 quentibus
513 3853 664 3921 Ecclesiis
687 3864 761 3922 suut
786 3860 997 3924 necessariae:
1023 3861 1106 3944 quod
1130 3860 1326 3942 impossibile
1350 3860 1392 3924 sit
1415 3861 1559 3946 singulos
1584 3859 1774 3931 animaris,

318 3945 464 4026 ‹prarnvis
477 3945 573 4028 duplo
585 3953 642 4010 aut
655 3946 752 4029 triplo
765 3948 920 4030 pluribus
934 3948 1130 4013 sufficienter
1141 3948 1341 4013 catechizari.
1354 3949 1398 4013 Et
1410 3972 1466 4013 cur
1478 3954 1590 4014 tenues
1603 3951 1679 4014 illae
1690 3971 1773 4014 asso-

318 4033 469 4096 ciationes
493 4039 550 4096 aut
565 4034 758 4098 accessiones
775 4037 807 4098 in
821 4035 1036 4101 domesticis&
1053 4037 1249 4102 scholasticis
1265 4038 1386 4122 grande
1398 4037 1489 4102 nefas
1502 4037 1703 4115 Parentibus
1716 4035 1775 4100 hu·
1865 4037 1866 4082 l

319 4121 524 4203 dimagistris,
539 4122 747 4206 paedagogis,
761 4124 1015 4207 Proponentibus
1027 4130 1194 4190 crearent?
1212 4125 1327 4190 Omnia
1338 4125 1445 4190 tutasi
1455 4125 1507 4191 hic
1516 4127 1658 4191 timenda
1666 4131 1772 4211 putan-
1865 4183 1866 4200 ,

320 4213 382 4286 tur,
407 4231 462 4270 cur
485 4231 545 4273 nou
571 4232 671 4292 aeque
695 4217 751 4274 aut
762 4213 866 4297 magis
881 4213 965 4276 circa
981 4213 1134 4292 convivia,
1147 4218 1259 4278 mutua
1271 4215 1422 4298 alloquia,
1437 4219 1548 4298 aperta
1565 4238 1647 4299 quae
1659 4217 1771 4280 vocant.
1865 4283 1866 4298 ,

320 4297 412 4368 atria,
437 4297 604 4362 societates
623 4299 646 4362 ta
663 4306 834 4364 corruentus
849 4301 1028 4378 Artificum,
1043 4299 1274 4380 Vicinorum,&
1290 4325 1372 4386 quae
1384 4309 1470 4367 non?
1484 4302 1574 4368 Nota
1589 4309 1637 4368 est
1652 4301 1771 4387 regula:

320 4384 452 4446 tollatur
465 4385 581 4446 abusus
595 4386 617 4448 d
631 4393 757 4450 nrarreat
770 4411 875 4451 rerum
889 4390 1077 4452 substantia.
1099 4393 1187 4456 Fortu
1198 4391 1269 4476 puis
1283 4393 1381 4470 irrata,
1394 4392 1602 4475 praejudicari
1616 4389 1771 4460 Ministris,

1610 4483 1632 4546 ds
1647 4475 1771 4542 irivoluri

1352 4575 1375 4606 Ο
