<?xml version="1.0" encoding="UTF-8"?>
<!DOCTYPE html PUBLIC "-//W3C//DTD XHTML 1.0 Transitional//EN"
    "http://www.w3.org/TR/xhtml1/DTD/xhtml1-transitional.dtd">
<html xmlns="http://www.w3.org/1999/xhtml" xml:lang="en" lang="en">
 <head>
  <title>
</title>
<meta http-equiv="Content-Type" content="text/html;charset=utf-8" />
  <meta name='ocr-system' content='tesseract 3.04.00' />
  <meta name='ocr-capabilities' content='ocr_page ocr_carea ocr_par ocr_line ocrx_word'/>
</head>
<body>
  <div class='ocr_page' id='page_1' title='image "./gisbertivoetiit00rutggoog_0315.png"; bbox 0 0 3668 4856; ppageno 0'>
   <div class='ocr_carea' id='block_1_1' title="bbox 265 317 1523 388">
    <p class='ocr_par' dir='ltr' id='par_1_1' title="bbox 265 317 1523 388">
     <span class='ocr_line' id='line_1_1' title="bbox 265 317 1523 388; baseline -0.002 -2"><span class='ocrx_word' id='word_1_1' title='bbox 265 317 381 386; x_wconf 80' lang='lat' dir='ltr'>Taacr.</span> <span class='ocrx_word' id='word_1_2' title='bbox 405 318 465 386; x_wconf 90' lang='grc' dir='ltr'>ΠΙ.</span> <span class='ocrx_word' id='word_1_3' title='bbox 488 319 537 385; x_wconf 82' lang='lat' dir='ltr'>Da</span> <span class='ocrx_word' id='word_1_4' title='bbox 560 319 767 386; x_wconf 77' lang='lat' dir='ltr'>Oouvanrraus</span> <span class='ocrx_word' id='word_1_5' title='bbox 791 341 827 384; x_wconf 84' lang='lat' dir='ltr'>ar</span> <span class='ocrx_word' id='word_1_6' title='bbox 851 317 998 386; x_wconf 71' lang='lat' dir='ltr'>donasse.</span> <span class='ocrx_word' id='word_1_7' title='bbox 1021 318 1149 386; x_wconf 83' lang='lat' dir='ltr'>Ecoaas.</span> <span class='ocrx_word' id='word_1_8' title='bbox 1173 319 1245 388; x_wconf 79' lang='lat' dir='ltr'>Car.</span> <span class='ocrx_word' id='word_1_9' title='bbox 1268 318 1311 384; x_wconf 88' lang='lat' dir='ltr'>V.</span> <span class='ocrx_word' id='word_1_10' title='bbox 1459 319 1523 384; x_wconf 85' lang='lat'>287</span> 
     </span>
    </p>
   </div>
   <div class='ocr_carea' id='block_1_2' title="bbox 71 503 1524 770">
    <p class='ocr_par' dir='ltr' id='par_1_2' title="bbox 71 503 1524 770">
     <span class='ocr_line' id='line_1_2' title="bbox 72 503 1524 593; baseline 0.001 -24"><span class='ocrx_word' id='word_1_11' title='bbox 72 527 122 569; x_wconf 86' lang='lat' dir='ltr'>oue</span> <span class='ocrx_word' id='word_1_12' title='bbox 141 503 301 574; x_wconf 85' lang='lat' dir='ltr'>Ecclesiae</span> <span class='ocrx_word' id='word_1_13' title='bbox 320 507 474 571; x_wconf 84' lang='lat' dir='ltr'>contulit:</span> <span class='ocrx_word' id='word_1_14' title='bbox 487 506 633 592; x_wconf 77' lang='lat' dir='ltr'>quamvis</span> <span class='ocrx_word' id='word_1_15' title='bbox 644 507 796 593; x_wconf 82' lang='lat' dir='ltr'>pleraque</span> <span class='ocrx_word' id='word_1_16' title='bbox 809 505 866 572; x_wconf 89' lang='lat' dir='ltr'>illa</span> <span class='ocrx_word' id='word_1_17' title='bbox 881 506 923 571; x_wconf 89' lang='lat' dir='ltr'>sit</span> <span class='ocrx_word' id='word_1_18' title='bbox 935 506 1074 584; x_wconf 88' lang='lat' dir='ltr'>occasi0;</span> <span class='ocrx_word' id='word_1_19' title='bbox 1088 511 1144 572; x_wconf 88' lang='lat' dir='ltr'>aut</span> <span class='ocrx_word' id='word_1_20' title='bbox 1159 528 1255 572; x_wconf 87' lang='lat' dir='ltr'>causa</span> <span class='ocrx_word' id='word_1_21' title='bbox 1271 505 1451 590; x_wconf 80' lang='lat' dir='ltr'><strong>impulsiva,</strong></span> <span class='ocrx_word' id='word_1_22' title='bbox 1468 528 1524 570; x_wconf 78' lang='lat' dir='ltr'>seu</span> 
     </span>
     <span class='ocr_line' id='line_1_3' title="bbox 71 594 1523 682; baseline 0 -24"><span class='ocrx_word' id='word_1_23' title='bbox 71 595 141 658; x_wconf 86' lang='lat' dir='ltr'>ratio</span> <span class='ocrx_word' id='word_1_24' title='bbox 150 617 295 672; x_wconf 67' lang='lat' dir='ltr'>moveam</span> <span class='ocrx_word' id='word_1_25' title='bbox 308 603 364 660; x_wconf 88' lang='lat' dir='ltr'>aut</span> <span class='ocrx_word' id='word_1_26' title='bbox 376 595 564 661; x_wconf 76' lang='lat' dir='ltr'>antecedens</span> <span class='ocrx_word' id='word_1_27' title='bbox 575 596 776 682; x_wconf 86' lang='lat' dir='ltr'>requisitum,</span> <span class='ocrx_word' id='word_1_28' title='bbox 792 617 849 661; x_wconf 92' lang='lat' dir='ltr'>seu</span> <span class='ocrx_word' id='word_1_29' title='bbox 861 595 999 660; x_wconf 90' lang='lat' dir='ltr'>conditio</span> <span class='ocrx_word' id='word_1_30' title='bbox 1012 596 1080 661; x_wconf 92' lang='lat' dir='ltr'>sine</span> <span class='ocrx_word' id='word_1_31' title='bbox 1093 602 1156 682; x_wconf 79' lang='lat' dir='ltr'>qua</span> <span class='ocrx_word' id='word_1_32' title='bbox 1168 619 1241 674; x_wconf 91' lang='lat' dir='ltr'>non,</span> <span class='ocrx_word' id='word_1_33' title='bbox 1255 596 1368 660; x_wconf 90' lang='lat' dir='ltr'>saltem</span> <span class='ocrx_word' id='word_1_34' title='bbox 1380 594 1447 660; x_wconf 90' lang='lat' dir='ltr'>sine</span> <span class='ocrx_word' id='word_1_35' title='bbox 1460 599 1523 680; x_wconf 78' lang='lat' dir='ltr'>qua</span> 
     </span>
     <span class='ocr_line' id='line_1_4' title="bbox 71 682 1523 770; baseline 0.003 -24"><span class='ocrx_word' id='word_1_36' title='bbox 71 705 122 747; x_wconf 91' lang='lat' dir='ltr'>uon</span> <span class='ocrx_word' id='word_1_37' title='bbox 132 688 196 748; x_wconf 91' lang='lat' dir='ltr'>tam</span> <span class='ocrx_word' id='word_1_38' title='bbox 209 685 292 749; x_wconf 88' lang='lat' dir='ltr'>bene</span> <span class='ocrx_word' id='word_1_39' title='bbox 304 685 328 749; x_wconf 75' lang='lat' dir='ltr'>t</span> <span class='ocrx_word' id='word_1_40' title='bbox 340 685 514 750; x_wconf 89' lang='lat' dir='ltr'>commode.</span> <span class='ocrx_word' id='word_1_41' title='bbox 527 685 557 748; x_wconf 88' lang='lat'>2.</span> <span class='ocrx_word' id='word_1_42' title='bbox 571 682 633 749; x_wconf 86' lang='lat' dir='ltr'>Sed</span> <span class='ocrx_word' id='word_1_43' title='bbox 645 685 783 769; x_wconf 89' lang='lat' dir='ltr'>primum</span> <span class='ocrx_word' id='word_1_44' title='bbox 796 683 1040 750; x_wconf 87' lang='lat' dir='ltr'>fundamentum</span> <span class='ocrx_word' id='word_1_45' title='bbox 1053 690 1110 762; x_wconf 86' lang='lat' dir='ltr'>est,</span> <span class='ocrx_word' id='word_1_46' title='bbox 1124 687 1286 770; x_wconf 78' lang='lat' dir='ltr'>sotnocjos</span> <span class='ocrx_word' id='word_1_47' title='bbox 1298 683 1523 750; x_wconf 63' lang='lat' dir='ltr'>&amp;monadorum</span> 
     </span>
    </p>
   </div>
   <div class='ocr_carea' id='block_1_3' title="bbox 71 772 1661 859">
    <p class='ocr_par' dir='ltr' id='par_1_3' title="bbox 71 772 1661 859">
     <span class='ocr_line' id='line_1_5' title="bbox 71 772 1661 859; baseline 0 -21"><span class='ocrx_word' id='word_1_48' title='bbox 71 772 219 850; x_wconf 61' lang='lat' dir='ltr'>diuinam</span> <span class='ocrx_word' id='word_1_49' title='bbox 243 773 273 838; x_wconf 92' lang='lat' dir='ltr'>si</span> <span class='ocrx_word' id='word_1_50' title='bbox 295 773 576 858; x_wconf 89' lang='lat' dir='ltr'>correspondentia</span> <span class='ocrx_word' id='word_1_51' title='bbox 586 774 644 837; x_wconf 84' lang='lat' dir='ltr'>illa</span> <span class='ocrx_word' id='word_1_52' title='bbox 657 775 816 840; x_wconf 88' lang='lat' dir='ltr'>abstracte</span> <span class='ocrx_word' id='word_1_53' title='bbox 831 772 864 837; x_wconf 92' lang='lat' dir='ltr'>in</span> <span class='ocrx_word' id='word_1_54' title='bbox 877 795 994 859; x_wconf 82' lang='lat' dir='ltr'>genere</span> <span class='ocrx_word' id='word_1_55' title='bbox 1006 775 1029 840; x_wconf 80' lang='lat' dir='ltr'>do</span> <span class='ocrx_word' id='word_1_56' title='bbox 1041 773 1074 838; x_wconf 89' lang='lat' dir='ltr'>in</span> <span class='ocrx_word' id='word_1_57' title='bbox 1087 797 1121 839; x_wconf 87' lang='lat' dir='ltr'>se</span> <span class='ocrx_word' id='word_1_58' title='bbox 1137 777 1316 858; x_wconf 80' lang='lat' dir='ltr'>spectatura</span> <span class='ocrx_word' id='word_1_59' title='bbox 1326 774 1525 839; x_wconf 79' lang='lat' dir='ltr'>uoluntarius</span> <span class='ocrx_word' id='word_1_60' title='bbox 1657 833 1661 846; x_wconf 90' lang='grc'><strong>,</strong></span> 
     </span>
    </p>
   </div>
   <div class='ocr_carea' id='block_1_4' title="bbox 16 862 1528 4577">
    <p class='ocr_par' dir='ltr' id='par_1_4' title="bbox 16 862 1524 2193">
     <span class='ocr_line' id='line_1_6' title="bbox 16 862 1524 950; baseline 0.001 -26"><span class='ocrx_word' id='word_1_61' title='bbox 16 869 22 880; x_wconf 88' lang='grc'><strong>’</strong></span> <span class='ocrx_word' id='word_1_62' title='bbox 70 873 159 928; x_wconf 76' lang='lat' dir='ltr'>araon</span> <span class='ocrx_word' id='word_1_63' title='bbox 179 883 353 928; x_wconf 70' lang='lat' dir='ltr'>consensus</span> <span class='ocrx_word' id='word_1_64' title='bbox 379 883 434 929; x_wconf 83' lang='lat' dir='ltr'>sco</span> <span class='ocrx_word' id='word_1_65' title='bbox 457 874 586 947; x_wconf 64' lang='lat' dir='ltr'>pociora</span> <span class='ocrx_word' id='word_1_66' title='bbox 608 864 818 928; x_wconf 62' lang='lat' dir='ltr'>&amp;cleriorum</span> <span class='ocrx_word' id='word_1_67' title='bbox 844 862 1053 947; x_wconf 83' lang='lat' dir='ltr'>singularum,</span> <span class='ocrx_word' id='word_1_68' title='bbox 1074 863 1462 950; x_wconf 88' lang='lat' dir='ltr'>quaecorrespondentiae</span> <span class='ocrx_word' id='word_1_69' title='bbox 1475 862 1524 926; x_wconf 92' lang='lat' dir='ltr'>illi</span> 
     </span>
     <span class='ocr_line' id='line_1_7' title="bbox 70 947 1524 1036; baseline 0.001 -23"><span class='ocrx_word' id='word_1_70' title='bbox 70 947 318 1036; x_wconf 89' lang='lat' dir='ltr'>incorporantur;</span> <span class='ocrx_word' id='word_1_71' title='bbox 339 951 367 1016; x_wconf 92' lang='lat' dir='ltr'>si</span> <span class='ocrx_word' id='word_1_72' title='bbox 385 973 456 1016; x_wconf 87' lang='lat' dir='ltr'>eam</span> <span class='ocrx_word' id='word_1_73' title='bbox 477 957 601 1036; x_wconf 90' lang='lat' dir='ltr'>spectes</span> <span class='ocrx_word' id='word_1_74' title='bbox 620 954 775 1030; x_wconf 73' lang='lat' dir='ltr'>concrete,</span> <span class='ocrx_word' id='word_1_75' title='bbox 791 952 827 1015; x_wconf 90' lang='lat' dir='ltr'>in</span> <span class='ocrx_word' id='word_1_76' title='bbox 842 951 1014 1030; x_wconf 80' lang='lat' dir='ltr'>individuo,</span> <span class='ocrx_word' id='word_1_77' title='bbox 1035 952 1058 1016; x_wconf 79' lang='lat' dir='ltr'>dr</span> <span class='ocrx_word' id='word_1_78' title='bbox 1077 952 1236 1036; x_wconf 88' lang='lat' dir='ltr'>applicate</span> <span class='ocrx_word' id='word_1_79' title='bbox 1249 953 1288 1016; x_wconf 91' lang='lat' dir='ltr'>ad</span> <span class='ocrx_word' id='word_1_80' title='bbox 1300 952 1381 1016; x_wconf 89' lang='lat' dir='ltr'>tales</span> <span class='ocrx_word' id='word_1_81' title='bbox 1394 973 1430 1016; x_wconf 89' lang='lat' dir='ltr'>ac</span> <span class='ocrx_word' id='word_1_82' title='bbox 1442 951 1524 1016; x_wconf 89' lang='lat' dir='ltr'>tales</span> 
     </span>
     <span class='ocr_line' id='line_1_8' title="bbox 69 1039 1523 1126; baseline 0.001 -23"><span class='ocrx_word' id='word_1_83' title='bbox 69 1039 233 1125; x_wconf 72' lang='lat' dir='ltr'>singulares</span> <span class='ocrx_word' id='word_1_84' title='bbox 255 1039 425 1106; x_wconf 89' lang='lat' dir='ltr'>Ecclesias.</span> <span class='ocrx_word' id='word_1_85' title='bbox 450 1039 613 1116; x_wconf 76' lang='lat' dir='ltr'>Quomodo</span> <span class='ocrx_word' id='word_1_86' title='bbox 624 1040 775 1126; x_wconf 82' lang='lat' dir='ltr'>conjugii,</span> <span class='ocrx_word' id='word_1_87' title='bbox 788 1040 957 1104; x_wconf 87' lang='lat' dir='ltr'>ministerii</span> <span class='ocrx_word' id='word_1_88' title='bbox 970 1039 1196 1120; x_wconf 89' lang='lat' dir='ltr'>Ecclesiastici,</span> <span class='ocrx_word' id='word_1_89' title='bbox 1208 1040 1370 1106; x_wconf 80' lang='lat' dir='ltr'>Ecclesiae</span> <span class='ocrx_word' id='word_1_90' title='bbox 1382 1040 1523 1124; x_wconf 90' lang='lat' dir='ltr'>particu-</span> 
     </span>
     <span class='ocr_line' id='line_1_9' title="bbox 70 1127 1523 1214; baseline 0.002 -23"><span class='ocrx_word' id='word_1_91' title='bbox 70 1127 134 1192; x_wconf 89' lang='lat' dir='ltr'>laris</span> <span class='ocrx_word' id='word_1_92' title='bbox 154 1129 335 1208; x_wconf 88' lang='lat' dir='ltr'>institutae,</span> <span class='ocrx_word' id='word_1_93' title='bbox 353 1129 493 1214; x_wconf 83' lang='lat' dir='ltr'>synedrii</span> <span class='ocrx_word' id='word_1_94' title='bbox 513 1152 569 1194; x_wconf 91' lang='lat' dir='ltr'>seu</span> <span class='ocrx_word' id='word_1_95' title='bbox 586 1129 764 1194; x_wconf 90' lang='lat' dir='ltr'>consistorii</span> <span class='ocrx_word' id='word_1_96' title='bbox 770 1152 779 1212; x_wconf 88' lang='lat'>;</span> <span class='ocrx_word' id='word_1_97' title='bbox 792 1129 870 1194; x_wconf 90' lang='lat' dir='ltr'>item</span> <span class='ocrx_word' id='word_1_98' title='bbox 883 1130 1051 1213; x_wconf 89' lang='lat' dir='ltr'>potestatis</span> <span class='ocrx_word' id='word_1_99' title='bbox 1063 1130 1222 1214; x_wconf 81' lang='lat' dir='ltr'>politicae,</span> <span class='ocrx_word' id='word_1_100' title='bbox 1235 1151 1290 1194; x_wconf 91' lang='lat' dir='ltr'>seu</span> <span class='ocrx_word' id='word_1_101' title='bbox 1302 1128 1523 1214; x_wconf 83' lang='lat' dir='ltr'>Magistratus,</span> 
     </span>
     <span class='ocr_line' id='line_1_10' title="bbox 69 1217 1524 1303; baseline 0 -22"><span class='ocrx_word' id='word_1_102' title='bbox 69 1217 157 1282; x_wconf 90' lang='lat' dir='ltr'>omnis</span> <span class='ocrx_word' id='word_1_103' title='bbox 175 1217 315 1302; x_wconf 86' lang='lat' dir='ltr'>denique</span> <span class='ocrx_word' id='word_1_104' title='bbox 326 1217 452 1283; x_wconf 83' lang='lat' dir='ltr'>honesti</span> <span class='ocrx_word' id='word_1_105' title='bbox 468 1222 657 1295; x_wconf 88' lang='lat' dir='ltr'>contractus,</span> <span class='ocrx_word' id='word_1_106' title='bbox 668 1218 766 1303; x_wconf 88' lang='lat' dir='ltr'>pacti,</span> <span class='ocrx_word' id='word_1_107' title='bbox 779 1220 802 1284; x_wconf 77' lang='lat' dir='ltr'>dt</span> <span class='ocrx_word' id='word_1_108' title='bbox 814 1218 1098 1284; x_wconf 86' lang='lat' dir='ltr'>confoederationis</span> <span class='ocrx_word' id='word_1_109' title='bbox 1110 1218 1354 1282; x_wconf 82' lang='lat' dir='ltr'>fundamentum</span> <span class='ocrx_word' id='word_1_110' title='bbox 1366 1218 1524 1303; x_wconf 85' lang='lat' dir='ltr'>assignari</span> 
     </span>
     <span class='ocr_line' id='line_1_11' title="bbox 68 1305 1524 1392; baseline 0.002 -24"><span class='ocrx_word' id='word_1_111' title='bbox 68 1306 147 1371; x_wconf 82' lang='lat' dir='ltr'>solet.</span> <span class='ocrx_word' id='word_1_112' title='bbox 163 1305 226 1372; x_wconf 87' lang='lat' dir='ltr'>Sed</span> <span class='ocrx_word' id='word_1_113' title='bbox 247 1307 394 1391; x_wconf 83' lang='lat' dir='ltr'>exemplo</span> <span class='ocrx_word' id='word_1_114' title='bbox 413 1330 476 1371; x_wconf 91' lang='lat' dir='ltr'>nno</span> <span class='ocrx_word' id='word_1_115' title='bbox 496 1311 592 1392; x_wconf 82' lang='lat' dir='ltr'>atque</span> <span class='ocrx_word' id='word_1_116' title='bbox 613 1309 713 1373; x_wconf 91' lang='lat' dir='ltr'>altero</span> <span class='ocrx_word' id='word_1_117' title='bbox 730 1307 942 1372; x_wconf 85' lang='lat' dir='ltr'>declaremus:</span> <span class='ocrx_word' id='word_1_118' title='bbox 960 1306 1175 1372; x_wconf 87' lang='lat' dir='ltr'>Ministerium</span> <span class='ocrx_word' id='word_1_119' title='bbox 1188 1311 1237 1372; x_wconf 88' lang='lat' dir='ltr'>est</span> <span class='ocrx_word' id='word_1_120' title='bbox 1248 1307 1330 1392; x_wconf 90' lang='lat' dir='ltr'>juris</span> <span class='ocrx_word' id='word_1_121' title='bbox 1343 1307 1456 1384; x_wconf 83' lang='lat' dir='ltr'>divini;</span> <span class='ocrx_word' id='word_1_122' title='bbox 1469 1307 1524 1371; x_wconf 89' lang='lat' dir='ltr'>sed</span> 
     </span>
     <span class='ocr_line' id='line_1_12' title="bbox 68 1395 1524 1481; baseline 0.002 -23"><span class='ocrx_word' id='word_1_123' title='bbox 68 1395 140 1477; x_wconf 86' lang='lat' dir='ltr'>quod</span> <span class='ocrx_word' id='word_1_124' title='bbox 157 1396 197 1462; x_wconf 86' lang='lat' dir='ltr'>ad</span> <span class='ocrx_word' id='word_1_125' title='bbox 216 1396 465 1481; x_wconf 83' lang='lat' dir='ltr'>applicationem</span> <span class='ocrx_word' id='word_1_126' title='bbox 482 1397 522 1460; x_wconf 88' lang='lat' dir='ltr'>ad</span> <span class='ocrx_word' id='word_1_127' title='bbox 541 1397 625 1462; x_wconf 91' lang='lat' dir='ltr'>hanc</span> <span class='ocrx_word' id='word_1_128' title='bbox 644 1417 821 1481; x_wconf 85' lang='lat' dir='ltr'>personam,</span> <span class='ocrx_word' id='word_1_129' title='bbox 842 1396 960 1462; x_wconf 73' lang='lat' dir='ltr'>&amp;circa</span> <span class='ocrx_word' id='word_1_130' title='bbox 971 1396 1054 1460; x_wconf 90' lang='lat' dir='ltr'>hanc</span> <span class='ocrx_word' id='word_1_131' title='bbox 1065 1395 1253 1476; x_wconf 83' lang='lat' dir='ltr'>Ecclesiam,</span> <span class='ocrx_word' id='word_1_132' title='bbox 1266 1400 1314 1461; x_wconf 91' lang='lat' dir='ltr'>est</span> <span class='ocrx_word' id='word_1_133' title='bbox 1325 1395 1524 1461; x_wconf 84' lang='lat' dir='ltr'>voluntariae</span> 
     </span>
     <span class='ocr_line' id='line_1_13' title="bbox 67 1483 1524 1571; baseline 0.002 -25"><span class='ocrx_word' id='word_1_134' title='bbox 67 1483 259 1552; x_wconf 75' lang='lat' dir='ltr'>electionis&amp;</span> <span class='ocrx_word' id='word_1_135' title='bbox 278 1484 495 1569; x_wconf 83' lang='lat' dir='ltr'>dispositionis</span> <span class='ocrx_word' id='word_1_136' title='bbox 511 1485 763 1550; x_wconf 89' lang='lat' dir='ltr'>Ecclesiasticae.</span> <span class='ocrx_word' id='word_1_137' title='bbox 786 1484 807 1549; x_wconf 89' lang='lat' dir='ltr'>J</span> <span class='ocrx_word' id='word_1_138' title='bbox 810 1485 908 1569; x_wconf 82' lang='lat' dir='ltr'>ejunii</span> <span class='ocrx_word' id='word_1_139' title='bbox 927 1484 1048 1570; x_wconf 90' lang='lat' dir='ltr'>publici</span> <span class='ocrx_word' id='word_1_140' title='bbox 1067 1490 1123 1550; x_wconf 89' lang='lat' dir='ltr'>aut</span> <span class='ocrx_word' id='word_1_141' title='bbox 1142 1485 1260 1571; x_wconf 89' lang='lat' dir='ltr'>privati</span> <span class='ocrx_word' id='word_1_142' title='bbox 1287 1485 1457 1550; x_wconf 87' lang='lat' dir='ltr'>celebratio</span> <span class='ocrx_word' id='word_1_143' title='bbox 1476 1490 1524 1549; x_wconf 93' lang='lat' dir='ltr'>est</span> 
     </span>
     <span class='ocr_line' id='line_1_14' title="bbox 64 1571 1523 1658; baseline 0 -20"><span class='ocrx_word' id='word_1_144' title='bbox 64 1571 134 1654; x_wconf 84' lang='lat' dir='ltr'>juris</span> <span class='ocrx_word' id='word_1_145' title='bbox 152 1575 270 1650; x_wconf 61' lang='lat' dir='ltr'>divium</span> <span class='ocrx_word' id='word_1_146' title='bbox 293 1575 348 1639; x_wconf 91' lang='lat' dir='ltr'>sed</span> <span class='ocrx_word' id='word_1_147' title='bbox 367 1574 430 1638; x_wconf 84' lang='lat' dir='ltr'>istc</span> <span class='ocrx_word' id='word_1_148' title='bbox 452 1574 502 1638; x_wconf 91' lang='lat' dir='ltr'>die</span> <span class='ocrx_word' id='word_1_149' title='bbox 514 1578 551 1638; x_wconf 94' lang='lat' dir='ltr'>ut</span> <span class='ocrx_word' id='word_1_150' title='bbox 561 1574 749 1652; x_wconf 88' lang='lat' dir='ltr'>celebretur,</span> <span class='ocrx_word' id='word_1_151' title='bbox 762 1574 802 1638; x_wconf 91' lang='lat' dir='ltr'>ab</span> <span class='ocrx_word' id='word_1_152' title='bbox 818 1574 876 1638; x_wconf 82' lang='lat' dir='ltr'>illa</span> <span class='ocrx_word' id='word_1_153' title='bbox 888 1574 1031 1639; x_wconf 77' lang='lat' dir='ltr'>Ecclesie</span> <span class='ocrx_word' id='word_1_154' title='bbox 1045 1577 1102 1638; x_wconf 89' lang='lat' dir='ltr'>ant</span> <span class='ocrx_word' id='word_1_155' title='bbox 1112 1579 1258 1658; x_wconf 72' lang='lat' dir='ltr'>persone,</span> <span class='ocrx_word' id='word_1_156' title='bbox 1271 1578 1320 1639; x_wconf 90' lang='lat' dir='ltr'>est</span> <span class='ocrx_word' id='word_1_157' title='bbox 1331 1574 1523 1638; x_wconf 91' lang='lat' dir='ltr'>determina·</span> 
     </span>
     <span class='ocr_line' id='line_1_15' title="bbox 66 1659 1524 1748; baseline 0.001 -23"><span class='ocrx_word' id='word_1_158' title='bbox 66 1659 151 1726; x_wconf 87' lang='lat' dir='ltr'>tionis</span> <span class='ocrx_word' id='word_1_159' title='bbox 161 1662 334 1728; x_wconf 87' lang='lat' dir='ltr'>hnmanae.</span> <span class='ocrx_word' id='word_1_160' title='bbox 347 1662 494 1747; x_wconf 90' lang='lat' dir='ltr'>Denique</span> <span class='ocrx_word' id='word_1_161' title='bbox 506 1661 582 1748; x_wconf 79' lang='lat' dir='ltr'>(laja</span> <span class='ocrx_word' id='word_1_162' title='bbox 593 1667 642 1728; x_wconf 89' lang='lat' dir='ltr'>est</span> <span class='ocrx_word' id='word_1_163' title='bbox 653 1685 733 1728; x_wconf 81' lang='lat' dir='ltr'>uror</span> <span class='ocrx_word' id='word_1_164' title='bbox 744 1661 834 1742; x_wconf 84' lang='lat' dir='ltr'>Titii,</span> <span class='ocrx_word' id='word_1_165' title='bbox 846 1663 1029 1728; x_wconf 77' lang='lat' dir='ltr'>immediate</span> <span class='ocrx_word' id='word_1_166' title='bbox 1042 1667 1171 1747; x_wconf 91' lang='lat' dir='ltr'>propter</span> <span class='ocrx_word' id='word_1_167' title='bbox 1182 1663 1324 1747; x_wconf 86' lang='lat' dir='ltr'>ipsorum</span> <span class='ocrx_word' id='word_1_168' title='bbox 1336 1685 1524 1727; x_wconf 86' lang='lat' dir='ltr'>consensum</span> 
     </span>
     <span class='ocr_line' id='line_1_16' title="bbox 67 1748 1524 1838; baseline 0.002 -25"><span class='ocrx_word' id='word_1_169' title='bbox 67 1748 244 1832; x_wconf 86' lang='lat' dir='ltr'>humanum,</span> <span class='ocrx_word' id='word_1_170' title='bbox 264 1752 320 1836; x_wconf 92' lang='lat' dir='ltr'>qui</span> <span class='ocrx_word' id='word_1_171' title='bbox 339 1751 578 1816; x_wconf 83' lang='lat' dir='ltr'>matrimonium</span> <span class='ocrx_word' id='word_1_172' title='bbox 598 1751 676 1817; x_wconf 88' lang='lat' dir='ltr'>facit</span> <span class='ocrx_word' id='word_1_173' title='bbox 695 1752 719 1817; x_wconf 77' lang='lat' dir='ltr'>dt</span> <span class='ocrx_word' id='word_1_174' title='bbox 737 1751 865 1829; x_wconf 83' lang='lat' dir='ltr'>fundat3</span> <span class='ocrx_word' id='word_1_175' title='bbox 883 1753 906 1817; x_wconf 75' lang='lat' dir='ltr'>do</span> <span class='ocrx_word' id='word_1_176' title='bbox 925 1753 970 1816; x_wconf 89' lang='lat' dir='ltr'>sic</span> <span class='ocrx_word' id='word_1_177' title='bbox 985 1753 1168 1838; x_wconf 80' lang='lat' dir='ltr'>conjugium</span> <span class='ocrx_word' id='word_1_178' title='bbox 1188 1753 1316 1816; x_wconf 88' lang='lat' dir='ltr'>illorum</span> <span class='ocrx_word' id='word_1_179' title='bbox 1329 1751 1444 1816; x_wconf 88' lang='lat' dir='ltr'>dicitur</span> <span class='ocrx_word' id='word_1_180' title='bbox 1452 1753 1524 1836; x_wconf 85' lang='lat' dir='ltr'>jure</span> 
     </span>
     <span class='ocr_line' id='line_1_17' title="bbox 67 1837 1523 1919; baseline 0.001 -17"><span class='ocrx_word' id='word_1_181' title='bbox 67 1837 160 1904; x_wconf 75' lang='lat' dir='ltr'>divino</span> <span class='ocrx_word' id='word_1_182' title='bbox 172 1841 240 1906; x_wconf 85' lang='lat' dir='ltr'>tale</span> <span class='ocrx_word' id='word_1_183' title='bbox 252 1863 333 1919; x_wconf 91' lang='lat' dir='ltr'>esse,</span> <span class='ocrx_word' id='word_1_184' title='bbox 346 1863 407 1904; x_wconf 93' lang='lat' dir='ltr'>non</span> <span class='ocrx_word' id='word_1_185' title='bbox 420 1840 604 1905; x_wconf 77' lang='lat' dir='ltr'>immediate</span> <span class='ocrx_word' id='word_1_186' title='bbox 620 1841 674 1906; x_wconf 88' lang='lat' dir='ltr'>sed</span> <span class='ocrx_word' id='word_1_187' title='bbox 685 1840 839 1905; x_wconf 87' lang='lat' dir='ltr'>mediate:</span> <span class='ocrx_word' id='word_1_188' title='bbox 853 1840 1034 1906; x_wconf 89' lang='lat' dir='ltr'>intercessit</span> <span class='ocrx_word' id='word_1_189' title='bbox 1045 1841 1131 1906; x_wconf 87' lang='lat' dir='ltr'>enirn</span> <span class='ocrx_word' id='word_1_190' title='bbox 1140 1863 1309 1906; x_wconf 89' lang='lat' dir='ltr'>consensus</span> <span class='ocrx_word' id='word_1_191' title='bbox 1318 1841 1478 1906; x_wconf 90' lang='lat' dir='ltr'>humanus</span> <span class='ocrx_word' id='word_1_192' title='bbox 1490 1841 1523 1904; x_wconf 91' lang='lat' dir='ltr'>in</span> 
     </span>
     <span class='ocr_line' id='line_1_18' title="bbox 67 1929 1523 2017; baseline 0.003 -27"><span class='ocrx_word' id='word_1_193' title='bbox 67 1929 270 2012; x_wconf 78' lang='lat' dir='ltr'>applicatione</span> <span class='ocrx_word' id='word_1_194' title='bbox 291 1929 410 1994; x_wconf 88' lang='lat' dir='ltr'>ordinis</span> <span class='ocrx_word' id='word_1_195' title='bbox 430 1931 454 1996; x_wconf 77' lang='lat' dir='ltr'>b</span> <span class='ocrx_word' id='word_1_196' title='bbox 473 1932 577 1994; x_wconf 88' lang='lat' dir='ltr'>status</span> <span class='ocrx_word' id='word_1_197' title='bbox 590 1929 765 2017; x_wconf 81' lang='lat' dir='ltr'>conjugalis</span> <span class='ocrx_word' id='word_1_198' title='bbox 778 1930 818 1994; x_wconf 88' lang='lat' dir='ltr'>ad</span> <span class='ocrx_word' id='word_1_199' title='bbox 829 1930 909 1994; x_wconf 89' lang='lat' dir='ltr'>tales</span> <span class='ocrx_word' id='word_1_200' title='bbox 922 1953 1082 2014; x_wconf 86' lang='lat' dir='ltr'>personas.</span> <span class='ocrx_word' id='word_1_201' title='bbox 1096 1929 1165 1995; x_wconf 77' lang='lat' dir='ltr'>Hac</span> <span class='ocrx_word' id='word_1_202' title='bbox 1177 1952 1248 1996; x_wconf 90' lang='lat' dir='ltr'>cum</span> <span class='ocrx_word' id='word_1_203' title='bbox 1261 1929 1462 1995; x_wconf 90' lang='lat' dir='ltr'>distinctione</span> <span class='ocrx_word' id='word_1_204' title='bbox 1474 1931 1523 1994; x_wconf 91' lang='lat' dir='ltr'>in-</span> 
     </span>
     <span class='ocr_line' id='line_1_19' title="bbox 65 2017 1524 2105; baseline 0.003 -25"><span class='ocrx_word' id='word_1_205' title='bbox 65 2017 249 2103; x_wconf 81' lang='lat' dir='ltr'>telligendus</span> <span class='ocrx_word' id='word_1_206' title='bbox 269 2022 319 2082; x_wconf 89' lang='lat' dir='ltr'>est</span> <span class='ocrx_word' id='word_1_207' title='bbox 335 2017 533 2085; x_wconf 81' lang='lat' dir='ltr'>Rodiaeoaua</span> <span class='ocrx_word' id='word_1_208' title='bbox 550 2019 727 2105; x_wconf 84' lang='lat' dir='ltr'>Apologiae</span> <span class='ocrx_word' id='word_1_209' title='bbox 738 2039 805 2102; x_wconf 87' lang='lat' dir='ltr'>cop.</span> <span class='ocrx_word' id='word_1_210' title='bbox 822 2020 853 2084; x_wconf 83' lang='lat'>4.</span> <span class='ocrx_word' id='word_1_211' title='bbox 867 2041 936 2084; x_wconf 90' lang='lat' dir='ltr'>cum</span> <span class='ocrx_word' id='word_1_212' title='bbox 950 2019 1150 2103; x_wconf 78' lang='lat' dir='ltr'>presbyteria</span> <span class='ocrx_word' id='word_1_213' title='bbox 1163 2019 1404 2103; x_wconf 87' lang='lat' dir='ltr'>particularium</span> <span class='ocrx_word' id='word_1_214' title='bbox 1416 2019 1524 2084; x_wconf 88' lang='lat' dir='ltr'>Eccle-</span> 
     </span>
     <span class='ocr_line' id='line_1_20' title="bbox 66 2105 1119 2193; baseline 0.001 -22"><span class='ocrx_word' id='word_1_215' title='bbox 66 2105 174 2172; x_wconf 75' lang='lat' dir='ltr'>siamm</span> <span class='ocrx_word' id='word_1_216' title='bbox 184 2108 220 2172; x_wconf 90' lang='lat' dir='ltr'>in</span> <span class='ocrx_word' id='word_1_217' title='bbox 233 2107 387 2173; x_wconf 84' lang='lat' dir='ltr'>Ecclesiis</span> <span class='ocrx_word' id='word_1_218' title='bbox 398 2107 589 2187; x_wconf 87' lang='lat' dir='ltr'>reformatis,</span> <span class='ocrx_word' id='word_1_219' title='bbox 598 2109 670 2192; x_wconf 87' lang='lat' dir='ltr'>jure</span> <span class='ocrx_word' id='word_1_220' title='bbox 686 2107 792 2173; x_wconf 89' lang='lat' dir='ltr'>divino</span> <span class='ocrx_word' id='word_1_221' title='bbox 805 2107 953 2174; x_wconf 88' lang='lat' dir='ltr'>instituta</span> <span class='ocrx_word' id='word_1_222' title='bbox 965 2108 1119 2193; x_wconf 85' lang='lat' dir='ltr'>agnoscit.</span> 
     </span>
    </p>

    <p class='ocr_par' dir='ltr' id='par_1_5' title="bbox 65 2193 1527 4220">
     <span class='ocr_line' id='line_1_21' title="bbox 104 2193 1524 2283; baseline 0 -21"><span class='ocrx_word' id='word_1_223' title='bbox 104 2193 157 2262; x_wconf 80' lang='lat' dir='ltr'>Vl.</span> <span class='ocrx_word' id='word_1_224' title='bbox 172 2195 280 2262; x_wconf 78' lang='lat' dir='ltr'>Prodi.</span> <span class='ocrx_word' id='word_1_225' title='bbox 301 2195 350 2260; x_wconf 79' lang='lat' dir='ltr'>An</span> <span class='ocrx_word' id='word_1_226' title='bbox 364 2217 439 2283; x_wconf 85' lang='lat' dir='ltr'>ergo</span> <span class='ocrx_word' id='word_1_227' title='bbox 451 2197 583 2262; x_wconf 86' lang='lat' dir='ltr'>cuilibet</span> <span class='ocrx_word' id='word_1_228' title='bbox 594 2196 755 2262; x_wconf 84' lang='lat' dir='ltr'>Ecclesiae</span> <span class='ocrx_word' id='word_1_229' title='bbox 768 2219 894 2281; x_wconf 89' lang='lat' dir='ltr'>semper</span> <span class='ocrx_word' id='word_1_230' title='bbox 905 2197 1088 2262; x_wconf 89' lang='lat' dir='ltr'>indifferens</span> <span class='ocrx_word' id='word_1_231' title='bbox 1100 2197 1123 2262; x_wconf 79' lang='lat' dir='ltr'>dr</span> <span class='ocrx_word' id='word_1_232' title='bbox 1135 2197 1272 2262; x_wconf 91' lang='lat' dir='ltr'>liberum</span> <span class='ocrx_word' id='word_1_233' title='bbox 1284 2196 1345 2262; x_wconf 90' lang='lat' dir='ltr'>erit</span> <span class='ocrx_word' id='word_1_234' title='bbox 1357 2197 1524 2263; x_wconf 86' lang='lat' dir='ltr'>observare</span> 
     </span>
     <span class='ocr_line' id='line_1_22' title="bbox 66 2283 1524 2372; baseline 0.002 -23"><span class='ocrx_word' id='word_1_235' title='bbox 66 2283 209 2367; x_wconf 84' lang='lat' dir='ltr'>ejusmodi</span> <span class='ocrx_word' id='word_1_236' title='bbox 222 2285 558 2368; x_wconf 80' lang='lat' dir='ltr'>correspondentiam?</span> <span class='ocrx_word' id='word_1_237' title='bbox 577 2288 668 2371; x_wconf 84' lang='lat' dir='ltr'>Resp.</span> <span class='ocrx_word' id='word_1_238' title='bbox 684 2287 712 2349; x_wconf 90' lang='lat'>1.</span> <span class='ocrx_word' id='word_1_239' title='bbox 726 2285 888 2365; x_wconf 89' lang='lat' dir='ltr'>Ecclesiis,</span> <span class='ocrx_word' id='word_1_240' title='bbox 900 2308 982 2370; x_wconf 87' lang='lat' dir='ltr'>quae</span> <span class='ocrx_word' id='word_1_241' title='bbox 995 2286 1289 2370; x_wconf 90' lang='lat' dir='ltr'>correspondentiae</span> <span class='ocrx_word' id='word_1_242' title='bbox 1298 2287 1365 2370; x_wconf 89' lang='lat' dir='ltr'>jam</span> <span class='ocrx_word' id='word_1_243' title='bbox 1378 2286 1524 2372; x_wconf 90' lang='lat' dir='ltr'>incorpo-</span> 
     </span>
     <span class='ocr_line' id='line_1_23' title="bbox 66 2374 1523 2454; baseline 0.003 -17"><span class='ocrx_word' id='word_1_244' title='bbox 66 2377 143 2439; x_wconf 80' lang='lat' dir='ltr'>ratae</span> <span class='ocrx_word' id='word_1_245' title='bbox 154 2379 242 2452; x_wconf 91' lang='lat' dir='ltr'>suut,</span> <span class='ocrx_word' id='word_1_246' title='bbox 254 2397 318 2438; x_wconf 91' lang='lat' dir='ltr'>non</span> <span class='ocrx_word' id='word_1_247' title='bbox 333 2378 382 2438; x_wconf 91' lang='lat' dir='ltr'>est</span> <span class='ocrx_word' id='word_1_248' title='bbox 397 2374 533 2439; x_wconf 92' lang='lat' dir='ltr'>liberum</span> <span class='ocrx_word' id='word_1_249' title='bbox 546 2397 617 2440; x_wconf 91' lang='lat' dir='ltr'>eam</span> <span class='ocrx_word' id='word_1_250' title='bbox 630 2376 783 2453; x_wconf 89' lang='lat' dir='ltr'>deserere,</span> <span class='ocrx_word' id='word_1_251' title='bbox 796 2378 852 2439; x_wconf 90' lang='lat' dir='ltr'>aut</span> <span class='ocrx_word' id='word_1_252' title='bbox 863 2375 1087 2453; x_wconf 88' lang='lat' dir='ltr'>intermittere,</span> <span class='ocrx_word' id='word_1_253' title='bbox 1099 2375 1161 2440; x_wconf 88' lang='lat' dir='ltr'>nisi</span> <span class='ocrx_word' id='word_1_254' title='bbox 1174 2375 1205 2440; x_wconf 94' lang='lat' dir='ltr'>in</span> <span class='ocrx_word' id='word_1_255' title='bbox 1220 2397 1294 2440; x_wconf 89' lang='lat' dir='ltr'>casn</span> <span class='ocrx_word' id='word_1_256' title='bbox 1306 2376 1504 2441; x_wconf 89' lang='lat' dir='ltr'>necessitatis</span> <span class='ocrx_word' id='word_1_257' title='bbox 1516 2400 1523 2454; x_wconf 90' lang='lat'><strong>;</strong></span> 
     </span>
     <span class='ocr_line' id='line_1_24' title="bbox 66 2463 1523 2549; baseline 0.003 -24"><span class='ocrx_word' id='word_1_258' title='bbox 66 2463 127 2544; x_wconf 87' lang='lat' dir='ltr'>quis</span> <span class='ocrx_word' id='word_1_259' title='bbox 145 2468 255 2528; x_wconf 89' lang='lat' dir='ltr'>antem</span> <span class='ocrx_word' id='word_1_260' title='bbox 275 2463 318 2528; x_wconf 91' lang='lat' dir='ltr'>sit</span> <span class='ocrx_word' id='word_1_261' title='bbox 333 2485 424 2528; x_wconf 88' lang='lat' dir='ltr'>casus</span> <span class='ocrx_word' id='word_1_262' title='bbox 443 2464 641 2529; x_wconf 88' lang='lat' dir='ltr'>necessitatis</span> <span class='ocrx_word' id='word_1_263' title='bbox 660 2463 869 2528; x_wconf 86' lang='lat' dir='ltr'>indicavimus</span> <span class='ocrx_word' id='word_1_264' title='bbox 892 2464 926 2528; x_wconf 92' lang='lat' dir='ltr'>in</span> <span class='ocrx_word' id='word_1_265' title='bbox 938 2465 1034 2549; x_wconf 85' lang='lat' dir='ltr'>Desp.</span> <span class='ocrx_word' id='word_1_266' title='bbox 1056 2466 1158 2530; x_wconf 59' lang='lat' dir='ltr'>&amp;aaa</span> <span class='ocrx_word' id='word_1_267' title='bbox 1172 2467 1283 2548; x_wconf 73' lang='lat' dir='ltr'>Papae.</span> <span class='ocrx_word' id='word_1_268' title='bbox 1297 2465 1349 2530; x_wconf 82' lang='lat' dir='ltr'>lib.</span> <span class='ocrx_word' id='word_1_269' title='bbox 1363 2467 1393 2528; x_wconf 88' lang='lat'>3.</span> <span class='ocrx_word' id='word_1_270' title='bbox 1411 2477 1478 2530; x_wconf 81' lang='lat' dir='ltr'>sect.</span> <span class='ocrx_word' id='word_1_271' title='bbox 1493 2466 1523 2531; x_wconf 87' lang='lat'>3.</span> 
     </span>
     <span class='ocr_line' id='line_1_25' title="bbox 66 2549 1525 2636; baseline 0.004 -23"><span class='ocrx_word' id='word_1_272' title='bbox 66 2549 135 2616; x_wconf 91' lang='lat' dir='ltr'>bant</span> <span class='ocrx_word' id='word_1_273' title='bbox 152 2553 250 2618; x_wconf 89' lang='lat' dir='ltr'>aliter</span> <span class='ocrx_word' id='word_1_274' title='bbox 272 2574 309 2616; x_wconf 90' lang='lat' dir='ltr'>ac</span> <span class='ocrx_word' id='word_1_275' title='bbox 324 2552 503 2616; x_wconf 91' lang='lat' dir='ltr'>membrum</span> <span class='ocrx_word' id='word_1_276' title='bbox 523 2552 694 2632; x_wconf 88' lang='lat' dir='ltr'>Ecclesiae,</span> <span class='ocrx_word' id='word_1_277' title='bbox 715 2575 785 2617; x_wconf 91' lang='lat' dir='ltr'>cnm</span> <span class='ocrx_word' id='word_1_278' title='bbox 801 2553 871 2636; x_wconf 89' lang='lat' dir='ltr'>jam</span> <span class='ocrx_word' id='word_1_279' title='bbox 890 2553 1069 2618; x_wconf 85' lang='lat' dir='ltr'>voluntarie</span> <span class='ocrx_word' id='word_1_280' title='bbox 1081 2575 1115 2617; x_wconf 92' lang='lat' dir='ltr'>se</span> <span class='ocrx_word' id='word_1_281' title='bbox 1131 2553 1264 2618; x_wconf 90' lang='lat' dir='ltr'>inseruit</span> <span class='ocrx_word' id='word_1_282' title='bbox 1275 2553 1437 2619; x_wconf 88' lang='lat' dir='ltr'>Ecclesiae</span> <span class='ocrx_word' id='word_1_283' title='bbox 1450 2554 1525 2619; x_wconf 90' lang='lat' dir='ltr'>huic</span> 
     </span>
     <span class='ocr_line' id='line_1_26' title="bbox 66 2641 1525 2726; baseline 0.001 -21"><span class='ocrx_word' id='word_1_284' title='bbox 66 2641 253 2722; x_wconf 86' lang='lat' dir='ltr'>particulari,</span> <span class='ocrx_word' id='word_1_285' title='bbox 273 2663 339 2705; x_wconf 91' lang='lat' dir='ltr'>non</span> <span class='ocrx_word' id='word_1_286' title='bbox 356 2645 462 2725; x_wconf 87' lang='lat' dir='ltr'>potest</span> <span class='ocrx_word' id='word_1_287' title='bbox 478 2664 536 2708; x_wconf 90' lang='lat' dir='ltr'>suo</span> <span class='ocrx_word' id='word_1_288' title='bbox 556 2641 653 2707; x_wconf 88' lang='lat' dir='ltr'>solius</span> <span class='ocrx_word' id='word_1_289' title='bbox 677 2641 809 2706; x_wconf 86' lang='lat' dir='ltr'>arbitrio</span> <span class='ocrx_word' id='word_1_290' title='bbox 822 2641 973 2726; x_wconf 83' lang='lat' dir='ltr'>&amp;jndicio</span> <span class='ocrx_word' id='word_1_291' title='bbox 984 2642 1135 2707; x_wconf 90' lang='lat' dir='ltr'>unionem</span> <span class='ocrx_word' id='word_1_292' title='bbox 1147 2642 1236 2706; x_wconf 90' lang='lat' dir='ltr'>illam</span> <span class='ocrx_word' id='word_1_293' title='bbox 1249 2642 1456 2726; x_wconf 89' lang='lat' dir='ltr'>abrumpere:</span> <span class='ocrx_word' id='word_1_294' title='bbox 1470 2644 1525 2707; x_wconf 90' lang='lat' dir='ltr'>sed</span> 
     </span>
     <span class='ocr_line' id='line_1_27' title="bbox 66 2729 1525 2815; baseline 0.002 -22"><span class='ocrx_word' id='word_1_295' title='bbox 66 2729 179 2795; x_wconf 68' lang='lat' dir='ltr'>terimur</span> <span class='ocrx_word' id='word_1_296' title='bbox 190 2735 280 2795; x_wconf 87' lang='lat' dir='ltr'>stare</span> <span class='ocrx_word' id='word_1_297' title='bbox 288 2729 407 2813; x_wconf 87' lang='lat' dir='ltr'>jndicio</span> <span class='ocrx_word' id='word_1_298' title='bbox 419 2732 442 2798; x_wconf 77' lang='lat' dir='ltr'>t</span> <span class='ocrx_word' id='word_1_299' title='bbox 455 2731 605 2815; x_wconf 87' lang='lat' dir='ltr'>potestati</span> <span class='ocrx_word' id='word_1_300' title='bbox 617 2731 756 2814; x_wconf 86' lang='lat' dir='ltr'>corporis</span> <span class='ocrx_word' id='word_1_301' title='bbox 769 2730 866 2810; x_wconf 91' lang='lat' dir='ltr'>illius,</span> <span class='ocrx_word' id='word_1_302' title='bbox 879 2732 968 2815; x_wconf 87' lang='lat' dir='ltr'>cnjus</span> <span class='ocrx_word' id='word_1_303' title='bbox 981 2731 1160 2796; x_wconf 88' lang='lat' dir='ltr'>membrum</span> <span class='ocrx_word' id='word_1_304' title='bbox 1173 2753 1240 2796; x_wconf 91' lang='lat' dir='ltr'>esse</span> <span class='ocrx_word' id='word_1_305' title='bbox 1257 2731 1525 2815; x_wconf 74' lang='lat' dir='ltr'>voluitdquidem</span> 
     </span>
     <span class='ocr_line' id='line_1_28' title="bbox 66 2817 1525 2904; baseline 0.001 -22"><span class='ocrx_word' id='word_1_306' title='bbox 66 2817 161 2883; x_wconf 76' lang='lat' dir='ltr'>addite</span> <span class='ocrx_word' id='word_1_307' title='bbox 178 2819 243 2884; x_wconf 72' lang='lat' dir='ltr'>hac</span> <span class='ocrx_word' id='word_1_308' title='bbox 259 2819 477 2903; x_wconf 88' lang='lat' dir='ltr'>stipulatione,</span> <span class='ocrx_word' id='word_1_309' title='bbox 495 2824 532 2884; x_wconf 90' lang='lat' dir='ltr'>nt</span> <span class='ocrx_word' id='word_1_310' title='bbox 550 2819 721 2904; x_wconf 87' lang='lat' dir='ltr'>subjiceret</span> <span class='ocrx_word' id='word_1_311' title='bbox 740 2843 773 2885; x_wconf 89' lang='lat' dir='ltr'>se</span> <span class='ocrx_word' id='word_1_312' title='bbox 792 2820 953 2885; x_wconf 90' lang='lat' dir='ltr'>communi</span> <span class='ocrx_word' id='word_1_313' title='bbox 968 2820 1134 2885; x_wconf 87' lang='lat' dir='ltr'>directioni</span> <span class='ocrx_word' id='word_1_314' title='bbox 1151 2843 1186 2884; x_wconf 85' lang='lat' dir='ltr'>ac</span> <span class='ocrx_word' id='word_1_315' title='bbox 1199 2819 1395 2903; x_wconf 88' lang='lat' dir='ltr'>disciplinae.</span> <span class='ocrx_word' id='word_1_316' title='bbox 1409 2820 1525 2884; x_wconf 78' lang='lat' dir='ltr'>Casum</span> 
     </span>
     <span class='ocr_line' id='line_1_29' title="bbox 66 2903 1524 2993; baseline 0.003 -25"><span class='ocrx_word' id='word_1_317' title='bbox 66 2909 252 2973; x_wconf 72' lang='lat' dir='ltr'>necemariae</span> <span class='ocrx_word' id='word_1_318' title='bbox 263 2908 472 2993; x_wconf 87' lang='lat' dir='ltr'>separationis</span> <span class='ocrx_word' id='word_1_319' title='bbox 484 2929 609 2993; x_wconf 90' lang='lat' dir='ltr'>semper</span> <span class='ocrx_word' id='word_1_320' title='bbox 621 2908 760 2993; x_wconf 87' lang='lat' dir='ltr'>excipio:</span> <span class='ocrx_word' id='word_1_321' title='bbox 777 2910 810 2973; x_wconf 91' lang='lat' dir='ltr'>in</span> <span class='ocrx_word' id='word_1_322' title='bbox 824 2931 886 2993; x_wconf 92' lang='lat' dir='ltr'>quo</span> <span class='ocrx_word' id='word_1_323' title='bbox 903 2932 967 2974; x_wconf 91' lang='lat' dir='ltr'>non</span> <span class='ocrx_word' id='word_1_324' title='bbox 976 2913 1177 2993; x_wconf 90' lang='lat' dir='ltr'>exspectatur</span> <span class='ocrx_word' id='word_1_325' title='bbox 1188 2903 1410 2974; x_wconf 79' lang='lat' dir='ltr'>antecedens&amp;</span> <span class='ocrx_word' id='word_1_326' title='bbox 1419 2908 1524 2993; x_wconf 91' lang='lat' dir='ltr'>publi·</span> 
     </span>
     <span class='ocr_line' id='line_1_30' title="bbox 66 2996 1524 3082; baseline 0.001 -22"><span class='ocrx_word' id='word_1_327' title='bbox 66 3015 128 3060; x_wconf 76' lang='lat' dir='ltr'>taur</span> <span class='ocrx_word' id='word_1_328' title='bbox 142 2996 300 3082; x_wconf 85' lang='lat' dir='ltr'>judicium</span> <span class='ocrx_word' id='word_1_329' title='bbox 319 3001 376 3062; x_wconf 91' lang='lat' dir='ltr'>aut</span> <span class='ocrx_word' id='word_1_330' title='bbox 391 2998 567 3062; x_wconf 90' lang='lat' dir='ltr'>communis</span> <span class='ocrx_word' id='word_1_331' title='bbox 579 2997 741 3063; x_wconf 89' lang='lat' dir='ltr'>Ecclesiae</span> <span class='ocrx_word' id='word_1_332' title='bbox 753 3020 934 3063; x_wconf 86' lang='lat' dir='ltr'>consensus.</span> <span class='ocrx_word' id='word_1_333' title='bbox 948 2999 978 3063; x_wconf 85' lang='lat'>2.</span> <span class='ocrx_word' id='word_1_334' title='bbox 992 2997 1154 3063; x_wconf 88' lang='lat' dir='ltr'>Ecclesiae</span> <span class='ocrx_word' id='word_1_335' title='bbox 1166 3019 1248 3082; x_wconf 83' lang='lat' dir='ltr'>quae</span> <span class='ocrx_word' id='word_1_336' title='bbox 1260 3019 1323 3061; x_wconf 92' lang='lat' dir='ltr'>uon</span> <span class='ocrx_word' id='word_1_337' title='bbox 1335 3002 1410 3062; x_wconf 89' lang='lat' dir='ltr'>sunt</span> <span class='ocrx_word' id='word_1_338' title='bbox 1422 2998 1524 3062; x_wconf 93' lang='lat' dir='ltr'>incor-</span> 
     </span>
     <span class='ocr_line' id='line_1_31' title="bbox 66 3086 1525 3170; baseline 0.001 -21"><span class='ocrx_word' id='word_1_339' title='bbox 66 3091 184 3168; x_wconf 84' lang='lat' dir='ltr'>poratae</span> <span class='ocrx_word' id='word_1_340' title='bbox 204 3086 363 3170; x_wconf 88' lang='lat' dir='ltr'>ejusmodi</span> <span class='ocrx_word' id='word_1_341' title='bbox 379 3087 675 3170; x_wconf 88' lang='lat' dir='ltr'>correspondentiis,</span> <span class='ocrx_word' id='word_1_342' title='bbox 688 3087 788 3152; x_wconf 89' lang='lat' dir='ltr'>libere</span> <span class='ocrx_word' id='word_1_343' title='bbox 801 3086 929 3170; x_wconf 90' lang='lat' dir='ltr'>quidem</span> <span class='ocrx_word' id='word_1_344' title='bbox 941 3109 995 3152; x_wconf 88' lang='lat' dir='ltr'>eas</span> <span class='ocrx_word' id='word_1_345' title='bbox 1015 3088 1176 3165; x_wconf 89' lang='lat' dir='ltr'>affectant,</span> <span class='ocrx_word' id='word_1_346' title='bbox 1191 3091 1246 3152; x_wconf 89' lang='lat' dir='ltr'>aut</span> <span class='ocrx_word' id='word_1_347' title='bbox 1262 3086 1411 3166; x_wconf 90' lang='lat' dir='ltr'>subeunt,</span> <span class='ocrx_word' id='word_1_348' title='bbox 1425 3087 1525 3170; x_wconf 92' lang='lat' dir='ltr'>siqni-</span> 
     </span>
     <span class='ocr_line' id='line_1_32' title="bbox 66 3173 1525 3262; baseline 0.002 -24"><span class='ocrx_word' id='word_1_349' title='bbox 66 3173 126 3237; x_wconf 87' lang='lat' dir='ltr'>dem</span> <span class='ocrx_word' id='word_1_350' title='bbox 145 3174 260 3239; x_wconf 87' lang='lat' dir='ltr'>baberi</span> <span class='ocrx_word' id='word_1_351' title='bbox 279 3175 397 3259; x_wconf 79' lang='lat' dir='ltr'>possit3</span> <span class='ocrx_word' id='word_1_352' title='bbox 414 3175 459 3240; x_wconf 87' lang='lat' dir='ltr'>sio</span> <span class='ocrx_word' id='word_1_353' title='bbox 476 3175 567 3262; x_wconf 86' lang='lat' dir='ltr'>[pag.</span> <span class='ocrx_word' id='word_1_354' title='bbox 586 3175 666 3261; x_wconf 81' lang='lat'>169]</span> <span class='ocrx_word' id='word_1_355' title='bbox 690 3180 797 3240; x_wconf 88' lang='lat' dir='ltr'>tamen</span> <span class='ocrx_word' id='word_1_356' title='bbox 813 3179 850 3240; x_wconf 93' lang='lat' dir='ltr'>ut</span> <span class='ocrx_word' id='word_1_357' title='bbox 862 3177 1000 3250; x_wconf 80' lang='lat' dir='ltr'>videant,</span> <span class='ocrx_word' id='word_1_358' title='bbox 1013 3176 1091 3260; x_wconf 88' lang='lat' dir='ltr'>quid</span> <span class='ocrx_word' id='word_1_359' title='bbox 1105 3177 1243 3240; x_wconf 83' lang='lat' dir='ltr'>maxime</span> <span class='ocrx_word' id='word_1_360' title='bbox 1256 3176 1422 3241; x_wconf 84' lang='lat' dir='ltr'>conveniat</span> <span class='ocrx_word' id='word_1_361' title='bbox 1435 3178 1458 3242; x_wconf 75' lang='lat' dir='ltr'>dt</span> <span class='ocrx_word' id='word_1_362' title='bbox 1471 3199 1525 3241; x_wconf 83' lang='lat' dir='ltr'>ex·</span> 
     </span>
     <span class='ocr_line' id='line_1_33' title="bbox 66 3263 1524 3348; baseline 0.002 -21"><span class='ocrx_word' id='word_1_363' title='bbox 66 3263 169 3342; x_wconf 81' lang='lat' dir='ltr'>pediat,</span> <span class='ocrx_word' id='word_1_364' title='bbox 181 3269 223 3329; x_wconf 89' lang='lat' dir='ltr'>nt</span> <span class='ocrx_word' id='word_1_365' title='bbox 237 3264 387 3328; x_wconf 82' lang='lat' dir='ltr'>affectent</span> <span class='ocrx_word' id='word_1_366' title='bbox 396 3265 673 3348; x_wconf 88' lang='lat' dir='ltr'>praestantissima</span> <span class='ocrx_word' id='word_1_367' title='bbox 688 3265 780 3343; x_wconf 91' lang='lat' dir='ltr'>dona,</span> <span class='ocrx_word' id='word_1_368' title='bbox 793 3267 816 3331; x_wconf 78' lang='lat' dir='ltr'>dt</span> <span class='ocrx_word' id='word_1_369' title='bbox 829 3265 1026 3330; x_wconf 88' lang='lat' dir='ltr'>abundantes</span> <span class='ocrx_word' id='word_1_370' title='bbox 1040 3266 1197 3340; x_wconf 88' lang='lat' dir='ltr'>cautelas;</span> <span class='ocrx_word' id='word_1_371' title='bbox 1214 3264 1331 3329; x_wconf 91' lang='lat' dir='ltr'>nedum</span> <span class='ocrx_word' id='word_1_372' title='bbox 1343 3269 1380 3330; x_wconf 91' lang='lat' dir='ltr'>ut</span> <span class='ocrx_word' id='word_1_373' title='bbox 1390 3267 1524 3330; x_wconf 88' lang='lat' dir='ltr'>necessi·</span> 
     </span>
     <span class='ocr_line' id='line_1_34' title="bbox 66 3352 1526 3437; baseline 0.003 -23"><span class='ocrx_word' id='word_1_374' title='bbox 66 3352 114 3416; x_wconf 73' lang='lat' dir='ltr'>aa·</span> <span class='ocrx_word' id='word_1_375' title='bbox 131 3353 153 3418; x_wconf 77' lang='lat' dir='ltr'>t</span> <span class='ocrx_word' id='word_1_376' title='bbox 172 3352 355 3418; x_wconf 84' lang='lat' dir='ltr'>infirmitati</span> <span class='ocrx_word' id='word_1_377' title='bbox 372 3375 448 3418; x_wconf 89' lang='lat' dir='ltr'>suae</span> <span class='ocrx_word' id='word_1_378' title='bbox 471 3354 630 3437; x_wconf 87' lang='lat' dir='ltr'>praesenti</span> <span class='ocrx_word' id='word_1_379' title='bbox 645 3353 712 3419; x_wconf 83' lang='lat' dir='ltr'>sive</span> <span class='ocrx_word' id='word_1_380' title='bbox 723 3353 851 3419; x_wconf 81' lang='lat' dir='ltr'>futurae</span> <span class='ocrx_word' id='word_1_381' title='bbox 864 3376 926 3418; x_wconf 90' lang='lat' dir='ltr'>nou</span> <span class='ocrx_word' id='word_1_382' title='bbox 939 3355 1150 3419; x_wconf 88' lang='lat' dir='ltr'>consulerent.</span> <span class='ocrx_word' id='word_1_383' title='bbox 1171 3352 1205 3418; x_wconf 88' lang='lat' dir='ltr'>Si</span> <span class='ocrx_word' id='word_1_384' title='bbox 1217 3353 1313 3418; x_wconf 92' lang='lat' dir='ltr'>homo</span> <span class='ocrx_word' id='word_1_385' title='bbox 1326 3356 1366 3419; x_wconf 90' lang='lat' dir='ltr'>ab</span> <span class='ocrx_word' id='word_1_386' title='bbox 1379 3355 1526 3419; x_wconf 89' lang='lat' dir='ltr'>omnibns</span> 
     </span>
     <span class='ocr_line' id='line_1_35' title="bbox 66 3437 1526 3528; baseline 0.005 -27"><span class='ocrx_word' id='word_1_387' title='bbox 66 3437 145 3516; x_wconf 79' lang='lat' dir='ltr'>liban,</span> <span class='ocrx_word' id='word_1_388' title='bbox 162 3464 198 3507; x_wconf 89' lang='lat' dir='ltr'>se</span> <span class='ocrx_word' id='word_1_389' title='bbox 220 3440 362 3506; x_wconf 91' lang='lat' dir='ltr'>omnium</span> <span class='ocrx_word' id='word_1_390' title='bbox 382 3463 509 3506; x_wconf 87' lang='lat' dir='ltr'>servum</span> <span class='ocrx_word' id='word_1_391' title='bbox 529 3442 616 3522; x_wconf 79' lang='lat' dir='ltr'>labit,</span> <span class='ocrx_word' id='word_1_392' title='bbox 637 3447 674 3507; x_wconf 92' lang='lat' dir='ltr'>ut</span> <span class='ocrx_word' id='word_1_393' title='bbox 689 3442 797 3527; x_wconf 90' lang='lat' dir='ltr'>plures</span> <span class='ocrx_word' id='word_1_394' title='bbox 818 3442 1007 3522; x_wconf 89' lang='lat' dir='ltr'>lucrifaciat,</span> <span class='ocrx_word' id='word_1_395' title='bbox 1031 3444 1059 3506; x_wconf 93' lang='lat' dir='ltr'>l.</span> <span class='ocrx_word' id='word_1_396' title='bbox 1076 3444 1146 3509; x_wconf 84' lang='lat' dir='ltr'>Cor.</span> <span class='ocrx_word' id='word_1_397' title='bbox 1160 3443 1190 3506; x_wconf 85' lang='lat'>9.</span> <span class='ocrx_word' id='word_1_398' title='bbox 1204 3445 1227 3509; x_wconf 77' lang='lat' dir='ltr'>do</span> <span class='ocrx_word' id='word_1_399' title='bbox 1244 3444 1295 3508; x_wconf 82' lang='lat' dir='ltr'>ll).</span> <span class='ocrx_word' id='word_1_400' title='bbox 1308 3443 1410 3508; x_wconf 85' lang='lat' dir='ltr'>multe</span> <span class='ocrx_word' id='word_1_401' title='bbox 1422 3445 1526 3528; x_wconf 84' lang='lat' dir='ltr'>magis</span> 
     </span>
     <span class='ocr_line' id='line_1_36' title="bbox 66 3525 1526 3616; baseline 0.004 -25"><span class='ocrx_word' id='word_1_402' title='bbox 66 3525 152 3594; x_wconf 84' lang='lat' dir='ltr'>libere</span> <span class='ocrx_word' id='word_1_403' title='bbox 174 3530 260 3595; x_wconf 86' lang='lat' dir='ltr'>hanc</span> <span class='ocrx_word' id='word_1_404' title='bbox 283 3531 593 3615; x_wconf 88' lang='lat' dir='ltr'>correspondentiam</span> <span class='ocrx_word' id='word_1_405' title='bbox 611 3536 775 3615; x_wconf 88' lang='lat' dir='ltr'>capessent</span> <span class='ocrx_word' id='word_1_406' title='bbox 792 3531 954 3599; x_wconf 88' lang='lat' dir='ltr'>Ecclesiae</span> <span class='ocrx_word' id='word_1_407' title='bbox 973 3537 1127 3616; x_wconf 88' lang='lat' dir='ltr'>tauquam</span> <span class='ocrx_word' id='word_1_408' title='bbox 1148 3532 1324 3596; x_wconf 90' lang='lat' dir='ltr'>remedium</span> <span class='ocrx_word' id='word_1_409' title='bbox 1348 3535 1367 3595; x_wconf 78' lang='lat' dir='ltr'>e</span> <span class='ocrx_word' id='word_1_410' title='bbox 1390 3532 1526 3597; x_wconf 90' lang='lat' dir='ltr'>Domino</span> 
     </span>
     <span class='ocr_line' id='line_1_37' title="bbox 65 3621 1527 3706; baseline 0.003 -23"><span class='ocrx_word' id='word_1_411' title='bbox 65 3623 348 3699; x_wconf 79' lang='lat' dir='ltr'>commonstratum,</span> <span class='ocrx_word' id='word_1_412' title='bbox 364 3641 428 3703; x_wconf 92' lang='lat' dir='ltr'>quo</span> <span class='ocrx_word' id='word_1_413' title='bbox 447 3621 542 3685; x_wconf 89' lang='lat' dir='ltr'>rebus</span> <span class='ocrx_word' id='word_1_414' title='bbox 558 3622 624 3686; x_wconf 90' lang='lat' dir='ltr'>suis</span> <span class='ocrx_word' id='word_1_415' title='bbox 645 3623 668 3687; x_wconf 77' lang='lat' dir='ltr'>da</span> <span class='ocrx_word' id='word_1_416' title='bbox 690 3621 825 3686; x_wconf 90' lang='lat' dir='ltr'>aliarum</span> <span class='ocrx_word' id='word_1_417' title='bbox 842 3622 1019 3698; x_wconf 90' lang='lat' dir='ltr'>consulant,</span> <span class='ocrx_word' id='word_1_418' title='bbox 1032 3624 1055 3686; x_wconf 78' lang='lat' dir='ltr'>dr</span> <span class='ocrx_word' id='word_1_419' title='bbox 1068 3622 1107 3685; x_wconf 88' lang='lat' dir='ltr'>ab</span> <span class='ocrx_word' id='word_1_420' title='bbox 1121 3621 1261 3686; x_wconf 88' lang='lat' dir='ltr'>hnmano</span> <span class='ocrx_word' id='word_1_421' title='bbox 1270 3621 1359 3706; x_wconf 88' lang='lat' dir='ltr'>jugo,</span> <span class='ocrx_word' id='word_1_422' title='bbox 1373 3622 1457 3705; x_wconf 91' lang='lat' dir='ltr'>qnod</span> <span class='ocrx_word' id='word_1_423' title='bbox 1469 3644 1527 3687; x_wconf 90' lang='lat' dir='ltr'>nec</span> 
     </span>
     <span class='ocr_line' id='line_1_38' title="bbox 66 3703 1527 3796; baseline 0.004 -29"><span class='ocrx_word' id='word_1_424' title='bbox 66 3703 117 3790; x_wconf 87' lang='lat' dir='ltr'>ipsi</span> <span class='ocrx_word' id='word_1_425' title='bbox 135 3729 193 3774; x_wconf 91' lang='lat' dir='ltr'>nec</span> <span class='ocrx_word' id='word_1_426' title='bbox 208 3712 317 3794; x_wconf 88' lang='lat' dir='ltr'>patres</span> <span class='ocrx_word' id='word_1_427' title='bbox 337 3730 446 3773; x_wconf 90' lang='lat' dir='ltr'>eorum</span> <span class='ocrx_word' id='word_1_428' title='bbox 465 3709 629 3792; x_wconf 89' lang='lat' dir='ltr'>potuerint</span> <span class='ocrx_word' id='word_1_429' title='bbox 643 3715 780 3794; x_wconf 88' lang='lat' dir='ltr'>portare,</span> <span class='ocrx_word' id='word_1_430' title='bbox 793 3709 929 3796; x_wconf 89' lang='lat' dir='ltr'>aliisque</span> <span class='ocrx_word' id='word_1_431' title='bbox 945 3710 1095 3794; x_wconf 89' lang='lat' dir='ltr'>periculis</span> <span class='ocrx_word' id='word_1_432' title='bbox 1107 3711 1240 3774; x_wconf 89' lang='lat' dir='ltr'>miseras</span> <span class='ocrx_word' id='word_1_433' title='bbox 1253 3709 1412 3774; x_wconf 90' lang='lat' dir='ltr'>Ecclesias</span> <span class='ocrx_word' id='word_1_434' title='bbox 1428 3711 1527 3775; x_wconf 90' lang='lat' dir='ltr'>semel</span> 
     </span>
     <span class='ocr_line' id='line_1_39' title="bbox 66 3793 1525 3884; baseline 0.003 -26"><span class='ocrx_word' id='word_1_435' title='bbox 66 3793 200 3863; x_wconf 87' lang='lat' dir='ltr'>liberent.</span> <span class='ocrx_word' id='word_1_436' title='bbox 225 3797 376 3864; x_wconf 83' lang='lat' dir='ltr'>Liberum</span> <span class='ocrx_word' id='word_1_437' title='bbox 397 3819 474 3884; x_wconf 84' lang='lat' dir='ltr'>ergo</span> <span class='ocrx_word' id='word_1_438' title='bbox 497 3821 553 3863; x_wconf 91' lang='lat' dir='ltr'>seu</span> <span class='ocrx_word' id='word_1_439' title='bbox 571 3796 607 3857; x_wconf 75' lang='lat' dir='ltr'>ri</span> <span class='ocrx_word' id='word_1_440' title='bbox 619 3797 744 3859; x_wconf 74' lang='grc' dir='ltr'>ἑκούσιον</span> <span class='ocrx_word' id='word_1_441' title='bbox 764 3798 815 3863; x_wconf 93' lang='lat' dir='ltr'>hic</span> <span class='ocrx_word' id='word_1_442' title='bbox 836 3799 1064 3882; x_wconf 89' lang='lat' dir='ltr'>accipiendum,</span> <span class='ocrx_word' id='word_1_443' title='bbox 1084 3803 1121 3864; x_wconf 93' lang='lat' dir='ltr'>ut</span> <span class='ocrx_word' id='word_1_444' title='bbox 1139 3799 1172 3862; x_wconf 92' lang='lat' dir='ltr'>in</span> <span class='ocrx_word' id='word_1_445' title='bbox 1188 3799 1388 3882; x_wconf 90' lang='lat' dir='ltr'>susceptione</span> <span class='ocrx_word' id='word_1_446' title='bbox 1403 3799 1525 3882; x_wconf 87' lang='lat' dir='ltr'>jejunii,</span> 
     </span>
     <span class='ocr_line' id='line_1_40' title="bbox 66 3885 1526 3973; baseline 0.005 -27"><span class='ocrx_word' id='word_1_447' title='bbox 66 3903 93 3966; x_wconf 82' lang='lat' dir='ltr'>qr</span> <span class='ocrx_word' id='word_1_448' title='bbox 129 3885 135 3920; x_wconf 89' lang='lat'><strong>¹</strong></span> <span class='ocrx_word' id='word_1_449' title='bbox 155 3886 210 3951; x_wconf 90' lang='lat' dir='ltr'>hic</span> <span class='ocrx_word' id='word_1_450' title='bbox 228 3888 252 3953; x_wconf 81' lang='lat' dir='ltr'>dr</span> <span class='ocrx_word' id='word_1_451' title='bbox 272 3907 355 3950; x_wconf 89' lang='lat' dir='ltr'>nunc</span> <span class='ocrx_word' id='word_1_452' title='bbox 375 3885 477 3952; x_wconf 89' lang='lat' dir='ltr'>fidelis</span> <span class='ocrx_word' id='word_1_453' title='bbox 497 3887 568 3971; x_wconf 91' lang='lat' dir='ltr'>quis</span> <span class='ocrx_word' id='word_1_454' title='bbox 588 3891 644 3952; x_wconf 90' lang='lat' dir='ltr'>aut</span> <span class='ocrx_word' id='word_1_455' title='bbox 663 3887 806 3952; x_wconf 88' lang='lat' dir='ltr'>Ecclesia</span> <span class='ocrx_word' id='word_1_456' title='bbox 826 3888 935 3973; x_wconf 89' lang='lat' dir='ltr'>aliqua</span> <span class='ocrx_word' id='word_1_457' title='bbox 956 3888 1098 3971; x_wconf 88' lang='lat' dir='ltr'>suscipit,</span> <span class='ocrx_word' id='word_1_458' title='bbox 1119 3887 1266 3971; x_wconf 82' lang='lat' dir='ltr'>quamvis</span> <span class='ocrx_word' id='word_1_459' title='bbox 1287 3909 1325 3951; x_wconf 83' lang='lat' dir='ltr'>ex</span> <span class='ocrx_word' id='word_1_460' title='bbox 1338 3889 1526 3954; x_wconf 87' lang='lat' dir='ltr'>necessitate</span> 
     </span>
     <span class='ocr_line' id='line_1_41' title="bbox 66 3974 1526 4061; baseline 0.004 -25"><span class='ocrx_word' id='word_1_461' title='bbox 66 3995 93 4051; x_wconf 83' lang='lat' dir='ltr'>pr</span> <span class='ocrx_word' id='word_1_462' title='bbox 141 3976 214 4060; x_wconf 81' lang='lat' dir='ltr'>epti</span> <span class='ocrx_word' id='word_1_463' title='bbox 234 3975 345 4053; x_wconf 86' lang='lat' dir='ltr'>divini,</span> <span class='ocrx_word' id='word_1_464' title='bbox 369 3976 392 4041; x_wconf 79' lang='lat' dir='ltr'>do</span> <span class='ocrx_word' id='word_1_465' title='bbox 412 3976 582 4059; x_wconf 88' lang='lat' dir='ltr'>peculiaris</span> <span class='ocrx_word' id='word_1_466' title='bbox 600 3977 693 4041; x_wconf 89' lang='lat' dir='ltr'>istius</span> <span class='ocrx_word' id='word_1_467' title='bbox 714 3976 896 4042; x_wconf 79' lang='lat' dir='ltr'>occasionis,</span> <span class='ocrx_word' id='word_1_468' title='bbox 918 3977 970 4042; x_wconf 85' lang='lat' dir='ltr'>Sic</span> <span class='ocrx_word' id='word_1_469' title='bbox 983 3978 1081 4042; x_wconf 91' lang='lat' dir='ltr'>libere</span> <span class='ocrx_word' id='word_1_470' title='bbox 1094 3976 1165 4061; x_wconf 86' lang='lat' dir='ltr'>quis</span> <span class='ocrx_word' id='word_1_471' title='bbox 1178 3998 1331 4040; x_wconf 90' lang='lat' dir='ltr'>consensu</span> <span class='ocrx_word' id='word_1_472' title='bbox 1346 3998 1402 4040; x_wconf 90' lang='lat' dir='ltr'>suo</span> <span class='ocrx_word' id='word_1_473' title='bbox 1415 3974 1526 4042; x_wconf 91' lang='lat' dir='ltr'>foedus</span> 
     </span>
     <span class='ocr_line' id='line_1_42' title="bbox 65 4061 1526 4150; baseline 0.004 -24"><span class='ocrx_word' id='word_1_474' title='bbox 65 4081 93 4126; x_wconf 80' lang='lat' dir='ltr'>cc</span> <span class='ocrx_word' id='word_1_475' title='bbox 129 4065 193 4150; x_wconf 67' lang='lat' dir='ltr'>agii</span> <span class='ocrx_word' id='word_1_476' title='bbox 205 4064 269 4128; x_wconf 89' lang='lat' dir='ltr'>init</span> <span class='ocrx_word' id='word_1_477' title='bbox 283 4085 356 4129; x_wconf 89' lang='lat' dir='ltr'>cum</span> <span class='ocrx_word' id='word_1_478' title='bbox 368 4061 567 4147; x_wconf 86' lang='lat' dir='ltr'>Sempronia,</span> <span class='ocrx_word' id='word_1_479' title='bbox 580 4066 725 4150; x_wconf 83' lang='lat' dir='ltr'>quamvis</span> <span class='ocrx_word' id='word_1_480' title='bbox 739 4089 777 4130; x_wconf 86' lang='lat' dir='ltr'>ex</span> <span class='ocrx_word' id='word_1_481' title='bbox 793 4066 981 4131; x_wconf 88' lang='lat' dir='ltr'>necessitate</span> <span class='ocrx_word' id='word_1_482' title='bbox 993 4065 1154 4149; x_wconf 89' lang='lat' dir='ltr'>praecepti</span> <span class='ocrx_word' id='word_1_483' title='bbox 1167 4064 1266 4129; x_wconf 83' lang='lat' dir='ltr'>divini</span> <span class='ocrx_word' id='word_1_484' title='bbox 1279 4067 1301 4131; x_wconf 80' lang='lat' dir='ltr'>tu</span> <span class='ocrx_word' id='word_1_485' title='bbox 1314 4064 1460 4149; x_wconf 90' lang='lat' dir='ltr'>specialis</span> <span class='ocrx_word' id='word_1_486' title='bbox 1472 4088 1526 4132; x_wconf 88' lang='lat' dir='ltr'>oc·</span> 
     </span>
     <span class='ocr_line' id='line_1_43' title="bbox 65 4153 942 4220; baseline 0.007 -6"><span class='ocrx_word' id='word_1_487' title='bbox 65 4171 93 4214; x_wconf 76' lang='lat' dir='ltr'>cr</span> <span class='ocrx_word' id='word_1_488' title='bbox 129 4155 354 4218; x_wconf 73' lang='lat' dir='ltr'>misacsrtatns</span> <span class='ocrx_word' id='word_1_489' title='bbox 367 4153 416 4216; x_wconf 90' lang='lat' dir='ltr'>sui</span> <span class='ocrx_word' id='word_1_490' title='bbox 431 4154 459 4216; x_wconf 89' lang='lat'>1.</span> <span class='ocrx_word' id='word_1_491' title='bbox 475 4155 544 4219; x_wconf 85' lang='lat' dir='ltr'>Cor.</span> <span class='ocrx_word' id='word_1_492' title='bbox 562 4154 591 4218; x_wconf 87' lang='grc'>7.</span> <span class='ocrx_word' id='word_1_493' title='bbox 605 4175 633 4218; x_wconf 86' lang='lat' dir='ltr'>o.</span> <span class='ocrx_word' id='word_1_494' title='bbox 649 4156 731 4218; x_wconf 85' lang='grc'>7.-</span> <span class='ocrx_word' id='word_1_495' title='bbox 748 4155 875 4220; x_wconf 70' lang='lat' dir='ltr'>Ideo.</span> <span class='ocrx_word' id='word_1_496' title='bbox 890 4157 942 4220; x_wconf 81' lang='lat'>37.</span> 
     </span>
    </p>

    <p class='ocr_par' dir='ltr' id='par_1_6' title="bbox 65 4240 1528 4507">
     <span class='ocr_line' id='line_1_44' title="bbox 164 4240 1527 4328; baseline 0.002 -22"><span class='ocrx_word' id='word_1_497' title='bbox 164 4293 171 4306; x_wconf 90' lang='lat'>.</span> <span class='ocrx_word' id='word_1_498' title='bbox 199 4240 304 4308; x_wconf 70' lang='lat' dir='ltr'>Prote</span> <span class='ocrx_word' id='word_1_499' title='bbox 329 4241 382 4305; x_wconf 86' lang='lat' dir='ltr'>An</span> <span class='ocrx_word' id='word_1_500' title='bbox 395 4241 538 4310; x_wconf 84' lang='lat' dir='ltr'>Ecclesia</span> <span class='ocrx_word' id='word_1_501' title='bbox 553 4243 746 4327; x_wconf 88' lang='lat' dir='ltr'>parochialis</span> <span class='ocrx_word' id='word_1_502' title='bbox 757 4242 852 4326; x_wconf 88' lang='lat' dir='ltr'>hujus</span> <span class='ocrx_word' id='word_1_503' title='bbox 869 4243 1031 4309; x_wconf 89' lang='lat' dir='ltr'>antistius</span> <span class='ocrx_word' id='word_1_504' title='bbox 1047 4243 1108 4308; x_wconf 94' lang='lat' dir='ltr'>loci</span> <span class='ocrx_word' id='word_1_505' title='bbox 1120 4241 1215 4307; x_wconf 89' lang='lat' dir='ltr'>hodie</span> <span class='ocrx_word' id='word_1_506' title='bbox 1227 4242 1328 4326; x_wconf 91' lang='lat' dir='ltr'>possit</span> <span class='ocrx_word' id='word_1_507' title='bbox 1341 4265 1527 4328; x_wconf 89' lang='lat' dir='ltr'>correspon-</span> 
     </span>
     <span class='ocr_line' id='line_1_45' title="bbox 66 4325 1528 4418; baseline 0.004 -25"><span class='ocrx_word' id='word_1_508' title='bbox 66 4325 93 4393; x_wconf 80' lang='lat' dir='ltr'>te</span> <span class='ocrx_word' id='word_1_509' title='bbox 142 4353 195 4396; x_wconf 71' lang='lat' dir='ltr'>an</span> <span class='ocrx_word' id='word_1_510' title='bbox 214 4353 288 4397; x_wconf 91' lang='lat' dir='ltr'>cnm</span> <span class='ocrx_word' id='word_1_511' title='bbox 307 4330 367 4395; x_wconf 91' lang='lat' dir='ltr'>tali</span> <span class='ocrx_word' id='word_1_512' title='bbox 386 4331 487 4395; x_wconf 88' lang='lat' dir='ltr'>classe</span> <span class='ocrx_word' id='word_1_513' title='bbox 502 4333 663 4416; x_wconf 88' lang='lat' dir='ltr'>amplecti,</span> <span class='ocrx_word' id='word_1_514' title='bbox 681 4356 738 4417; x_wconf 91' lang='lat' dir='ltr'>pro</span> <span class='ocrx_word' id='word_1_515' title='bbox 752 4355 786 4398; x_wconf 91' lang='lat' dir='ltr'>se</span> <span class='ocrx_word' id='word_1_516' title='bbox 802 4332 825 4396; x_wconf 76' lang='lat' dir='ltr'>dt</span> <span class='ocrx_word' id='word_1_517' title='bbox 839 4334 975 4418; x_wconf 90' lang='lat' dir='ltr'>posteris</span> <span class='ocrx_word' id='word_1_518' title='bbox 991 4333 1057 4398; x_wconf 89' lang='lat' dir='ltr'>suis</span> <span class='ocrx_word' id='word_1_519' title='bbox 1070 4333 1103 4396; x_wconf 93' lang='lat' dir='ltr'>in</span> <span class='ocrx_word' id='word_1_520' title='bbox 1120 4335 1309 4416; x_wconf 89' lang='lat' dir='ltr'>perpetuum</span> <span class='ocrx_word' id='word_1_521' title='bbox 1321 4355 1328 4408; x_wconf 90' lang='grc'>;</span> <span class='ocrx_word' id='word_1_522' title='bbox 1341 4332 1402 4397; x_wconf 92' lang='lat' dir='ltr'>hoc</span> <span class='ocrx_word' id='word_1_523' title='bbox 1415 4339 1473 4414; x_wconf 91' lang='lat' dir='ltr'>est,</span> <span class='ocrx_word' id='word_1_524' title='bbox 1487 4358 1528 4399; x_wconf 91' lang='lat' dir='ltr'>an</span> 
     </span>
     <span class='ocr_line' id='line_1_46' title="bbox 65 4419 1528 4507; baseline 0.006 -27"><span class='ocrx_word' id='word_1_525' title='bbox 65 4437 93 4480; x_wconf 80' lang='lat' dir='ltr'>ro</span> <span class='ocrx_word' id='word_1_526' title='bbox 147 4421 253 4486; x_wconf 64' lang='lat' dir='ltr'>*arius</span> <span class='ocrx_word' id='word_1_527' title='bbox 274 4419 418 4505; x_wconf 89' lang='lat' dir='ltr'>ipsorum</span> <span class='ocrx_word' id='word_1_528' title='bbox 440 4425 632 4502; x_wconf 88' lang='lat' dir='ltr'>contractus,</span> <span class='ocrx_word' id='word_1_529' title='bbox 656 4427 801 4506; x_wconf 90' lang='lat' dir='ltr'>posteros</span> <span class='ocrx_word' id='word_1_530' title='bbox 821 4423 893 4505; x_wconf 85' lang='lat' dir='ltr'>jure</span> <span class='ocrx_word' id='word_1_531' title='bbox 909 4422 1017 4487; x_wconf 89' lang='lat' dir='ltr'>divino</span> <span class='ocrx_word' id='word_1_532' title='bbox 1033 4423 1066 4486; x_wconf 93' lang='lat' dir='ltr'>iu</span> <span class='ocrx_word' id='word_1_533' title='bbox 1082 4424 1273 4506; x_wconf 87' lang='lat' dir='ltr'>perpetuum</span> <span class='ocrx_word' id='word_1_534' title='bbox 1288 4421 1419 4507; x_wconf 81' lang='lat' dir='ltr'>obliget,</span> <span class='ocrx_word' id='word_1_535' title='bbox 1433 4423 1479 4488; x_wconf 90' lang='lat' dir='ltr'>ita</span> <span class='ocrx_word' id='word_1_536' title='bbox 1492 4428 1528 4489; x_wconf 92' lang='lat' dir='ltr'>ut</span> 
     </span>
    </p>

    <p class='ocr_par' dir='ltr' id='par_1_7' title="bbox 1414 4511 1527 4577">
     <span class='ocr_line' id='line_1_47' title="bbox 1414 4511 1527 4577; baseline 0.027 -3"><span class='ocrx_word' id='word_1_537' title='bbox 1414 4511 1527 4577; x_wconf 85' lang='lat' dir='ltr'>volun-</span> 
     </span>
    </p>
   </div>
   <div class='ocr_carea' id='block_1_5' title="bbox 0 0 1838 4856">
    <p class='ocr_par' dir='ltr' id='par_1_8' title="bbox 0 0 1838 4856">
     <span class='ocr_line' id='line_1_48' title="bbox 0 0 1838 4856; baseline 0 0"><span class='ocrx_word' id='word_1_538' title='bbox 0 0 1838 4856; x_wconf 95' lang='lat' dir='ltr'> </span> 
     </span>
    </p>
   </div>
  </div>
 </body>
</html>
