3766 4866
299 279 364 342 350
527 287 529 290 ’
682 268 840 339 Panaima
856 269 1104 340 Etr-nasusrrcsa
1128 271 1209 340 Pras
1223 271 1248 340 l.
1273 273 1337 340 Ian
1351 271 1393 340 ΙΙ.

302 485 364 537 um,
377 459 567 545 &privatam
581 457 762 538 vindictam,
775 464 831 524 aut
844 460 970 544 publice
983 461 1140 526 vindictae
1157 461 1347 545 petitionem
1362 483 1398 526 ac
1419 462 1691 546 prosecutionem
1706 489 1767 530 non

299 558 407 616 tamen
423 549 553 634 pariter,
567 550 653 632 quod
664 549 704 612 ad
716 547 962 627 restitutionem,
979 551 1136 633 siquidem
1148 549 1236 614 'titio
1250 549 1386 614 facultas
1399 555 1550 634 suppetat
1564 554 1689 617 easdem
1706 578 1767 632 res,

300 644 357 704 aut
376 637 579 720 aequivalens
606 636 804 702 restituendi.
829 635 878 702 De
903 661 966 722 quo
987 636 1181 722 Interpretes
1198 639 1329 722 quintae
1347 638 1525 716 Petitionis,
1539 641 1670 706 chrr'tte
1681 644 1769 708 nobis

298 729 399 792 debita
425 737 543 804 trustra,
568 729 647 792 sicat
666 725 696 792 a·
716 745 772 790 raas
785 725 841 791 aa
859 728 950 812 Resp.
964 729 993 790 2.
1011 725 1141 802 Quodsi
1155 726 1299 792 Maevius
1313 727 1447 812 injuriae
1460 730 1483 794 tr
1497 729 1605 792 damin
1617 729 1705 794 illius
1719 754 1767 796 re-

298 817 497 900 parationem
515 836 576 879 non
595 821 710 900 urgeat
722 837 780 880 nec
792 815 974 898 stipuletur,
989 822 1053 899 qua
1064 820 1171 880 tamen
1187 817 1391 896 couscientia,
1415 839 1449 881 se
1462 839 1572 900 parem
1582 817 1702 884 faceret
1715 819 1768 883 Ti-

298 907 343 970 tio
353 905 385 968 iu
399 902 595 968 confessione
608 904 744 986 injuriae
758 907 868 968 mutuo
882 903 1001 982 illatae,
1011 908 1034 971 la
1046 904 1076 968 in
1093 905 1299 988 promissione
1313 905 1528 970 abstinentiae
1540 906 1574 969 in
1587 913 1766 990 posterum?

300 993 462 1070 Quomodo
486 991 542 1075 qui
565 992 651 1058 Titio
678 993 759 1056 bona
780 992 868 1056 nulla
884 993 1028 1071 abstulit,
1040 1015 1098 1057 nec
1110 1016 1251 1078 unquam
1263 994 1312 1058 illi
1324 995 1388 1058 tale
1403 994 1571 1077 probatum
1583 995 1635 1074 sit,
1651 997 1770 1079 pariter

300 1082 468 1167 promittet
492 1101 523 1144 sc
550 1102 616 1147 nort
642 1082 782 1166 amptius
805 1081 862 1145 troc
883 1081 1072 1166 lactearum?
1091 1081 1170 1146 Cum
1186 1081 1293 1147 Titius
1308 1085 1371 1148 ase
1387 1082 1769 1150 bonataliacontrectata

299 1193 361 1235 non
375 1168 561 1248 diffiteatur,
573 1171 721 1253 idemque
733 1167 874 1234 Arbitris
888 1175 943 1234 aut
956 1171 1219 1236 Conciliatoribus
1232 1171 1311 1236 illud
1324 1173 1363 1235 ad
1375 1173 1502 1236 oculum
1515 1177 1642 1256 pateat3
1655 1195 1768 1256 quam·

299 1261 346 1324 vis
370 1258 559 1343 qualitatem
583 1259 691 1343 aliquo
716 1259 807 1323 nrodo
832 1259 965 1342 palliare
985 1263 1041 1324 aut
1054 1282 1203 1325 excusare
1217 1261 1310 1335 velit;
1327 1261 1411 1344 quod
1423 1259 1489 1325 scil.
1503 1282 1540 1325 eo
1552 1261 1645 1325 modo
1659 1263 1682 1326 b
1696 1263 1767 1338 fine,

298 1371 359 1413 non
374 1348 438 1412 sint
451 1346 572 1413 ablata.
595 1347 736 1431 liacipies
749 1347 835 1431 pacis
848 1353 943 1413 causa
958 1349 1065 1412 omnia
1077 1350 1225 1433 agenda?
1240 1351 1329 1433 desp.
1347 1347 1420 1413 Non
1433 1353 1540 1414 tamen
1553 1349 1620 1426 illa,
1651 1351 1767 1434 quibus

298 1438 369 1522 quia
397 1439 506 1502 contra
529 1437 575 1502 rei
602 1436 771 1501 veritatem
791 1438 814 1502 b
834 1437 1309 1522 conscientiamsuamseipsum
1321 1438 1388 1502 sire
1401 1437 1518 1503 directe
1531 1437 1597 1502 sire
1614 1437 1769 1504 indirecte

297 1530 479 1602 accusaret3
505 1525 564 1590 hoc
588 1528 646 1600 est,
671 1528 780 1590 eontra
804 1547 837 1589 se
853 1525 970 1590 falsum
997 1527 1217 1590 testimonium
1227 1525 1354 1604 diceret,
1372 1532 1408 1591 ut
1422 1525 1561 1591 Proximi
1574 1527 1625 1590 sui
1643 1533 1769 1594 atroces

300 1615 443 1698 injurias,
470 1613 530 1678 hac
550 1615 672 1680 ratione
700 1619 756 1678 aut
768 1615 966 1696 justificaret,
984 1618 1040 1678 aut
1056 1615 1210 1692 elevaret3
1224 1619 1319 1698 atque
1335 1616 1413 1679 adeo
1426 1615 1489 1679 sibi
1504 1615 1626 1680 afflicto
1643 1639 1701 1700 per
1714 1639 1769 1700 pe·

298 1703 449 1768 culiarem
474 1704 631 1787 quendam
655 1699 838 1781 κῦτσχειρίκς
857 1703 996 1781 modum,
1020 1701 1227 1768 afflictionem
1254 1705 1391 1768 adderet.
1416 1703 1561 1786 Denique
1583 1706 1725 1789 ancipites,
1739 1707 1770 1770 in

298 1793 445 1856 omnibus
473 1795 529 1855 aut
553 1792 712 1875 plerisque
737 1790 1024 1869 conciliationibus,
1052 1791 1134 1857 hanc
1148 1791 1318 1857 foruurlarn
1334 1793 1489 1858 usitatam
1501 1815 1581 1872 esse,
1595 1795 1680 1877 quod
1693 1817 1771 1878 quas

298 1885 409 1946 mutuo
428 1879 536 1946 illatas
560 1881 692 1965 injurias
715 1881 906 1944 confitentur
921 1885 977 1945 aut
997 1886 1269 1965 praesupponunt,
1295 1883 1412 1946 trallunt
1429 1883 1618 1960 illatasesse,
1630 1885 1771 1967 proruit·
1869 1941 1870 1944 ,

301 1981 368 2036 tant
391 1971 426 2034 in
452 1982 612 2054 posterum
636 1970 727 2054 [pag.
740 1969 821 2054 921]
838 1970 876 2032 ab
901 1970 940 2034 iis
953 1970 1158 2048 abstenturos,
1173 1971 1333 2035 declarent
1350 1971 1478 2054 insuper
1494 1992 1526 2034 sc
1540 1984 1647 2036 rrrrauo
1668 1993 1767 2058 aprro-

297 2080 378 2124 acere
394 2058 639 2137 Viroslroncstar,
656 2058 797 2142 trititque
808 2057 919 2123 babere
932 2059 1017 2144 quod
1028 2059 1180 2124 aduersus
1192 2079 1223 2123 se
1236 2064 1344 2125 nunna
1355 2061 1556 2143 praetendere
1568 2072 1696 2146 queant,
1709 2061 1772 2125 nisi

299 2149 461 2213 tornatura
488 2145 519 2212 a·
546 2147 764 2234 lrarrorificurn.
791 2148 880 2231 Ilcsp.
904 2145 938 2212 Si
963 2170 1038 2211 vera
1060 2147 1083 2212 la
1103 2147 1228 2212 notoria
1244 2148 1318 2226 sint,
1332 2171 1414 2231 quae
1426 2148 1507 2212 dixit
1520 2147 1676 2226 Maevius,
1691 2171 1771 2233 quo·

299 2237 393 2301 morlo
417 2235 536 2320 absque
557 2235 677 2319 liquida
694 2235 857 2299 mendacio
871 2238 893 2301 dr
909 2237 996 2319 turpi
1009 2236 1212 2301 simulatione
1226 2237 1291 2300 tale
1305 2237 1382 2320 quid
1395 2236 1466 2300 viva
1478 2259 1563 2313 voce,
1577 2243 1635 2300 aut
1652 2260 1766 2302 manus

300 2347 376 2390 suae
400 2324 642 2409 subsignatione
666 2324 826 2390 declarare
852 2325 992 2408 poterit?
1016 2323 1060 2388 Et
1086 2325 1387 2408 quomodonontali
1400 2326 1538 2390 formula
1553 2326 1773 2390 conciliatoritr

297 2415 429 2478 obtenta
442 2412 557 2492 Titius,
570 2411 696 2478 Maeuio
708 2413 878 2495 aliquando
892 2413 993 2478 dicam
1007 2413 1045 2476 de
1053 2413 1169 2495 injuria
1182 2413 1242 2477 sibi
1258 2413 1359 2489 illata,
1379 2414 1517 2478 scribere
1534 2415 1634 2497 possit
1645 2418 1660 2478 Ρ
1673 2413 1772 2478 Simi-

299 2503 373 2567 liter
396 2502 423 2566 si
447 2499 552 2566 Titius
569 2524 712 2566 sermone
725 2523 781 2586 per
797 2501 945 2585 campita,
963 2505 1019 2566 aut
1034 2501 1161 2586 seriptis
1177 2502 1346 2586 evulgatis,
1360 2501 1522 2567 Maeuium
1535 2501 1735 2588 flagitiorum
1750 2507 1771 2569 a

298 2592 453 2656 scelerum
479 2590 689 2674 complurium
713 2594 901 2668 accusasset,
926 2613 1006 2673 (pirae
1021 2588 1163 2654 Maevius
1176 2587 1376 2655 innocentiae
1388 2613 1463 2656 suae
1481 2590 1543 2654 sibi
1556 2592 1702 2656 conscius
1715 2614 1771 2655 ne-

298 2685 365 2762 get.
389 2702 447 2744 nee
465 2677 570 2744 Titius
595 2701 735 2762 unquam
760 2679 916 2761 probavit,
941 2702 980 2743 ne
1004 2679 1132 2764 quidem
1148 2680 1283 2764 probare
1303 2685 1435 2744 conatus
1455 2685 1522 2754 est;
1536 2679 1609 2743 Etsi
1622 2679 1657 2744 in
1669 2681 1769 2744 talem

298 2768 469 2833 formulam
481 2768 649 2842 ἰσόπλευρον
660 2789 885 2832 consensurum
898 2791 931 2832 se
944 2769 1131 2850 profiteatur
1145 2792 1152 2844 ;
1174 2791 1214 2832 an
1236 2767 1380 2833 Maevius
1392 2769 1426 2832 in
1441 2768 1575 2832 eandem
1588 2768 1768 2833 consentire

296 2861 452 2938 teneatur,
476 2856 538 2920 uisi
561 2856 639 2920 relit
661 2856 769 2921 audire
793 2855 1089 2922 irreconciliabilis?
1110 2855 1183 2920 Non
1207 2857 1362 2921 arbitror:
1381 2857 1532 2942 quianon
1546 2857 1763 2922 debetcontra

296 2945 460 3011 scientiam
472 2945 730 3010 &conscientiam
742 2967 832 3008 suam
845 2945 984 3028 seipsum
998 2948 1106 3030 aperte
1123 2950 1179 3010 aut
1191 2945 1288 3010 tacite
1301 2967 1458 3010 reccusare.
1483 2943 1569 3009 Satis
1594 2947 1665 3029 paci
1678 2946 1767 3009 deret

296 3033 450 3110 Maevius,
478 3034 505 3098 si
528 3034 561 3098 iu
585 3033 713 3097 silentio
737 3034 760 3098 b
783 3033 938 3117 patientia
961 3034 1101 3098 animam
1117 3057 1207 3098 suam
1221 3034 1406 3118 possideret,
1420 3033 1453 3097 in
1468 3033 1538 3097 foro
1552 3033 1764 3098 conscientiae

296 3145 403 3187 coram
425 3122 494 3187 Deo
510 3121 643 3206 injurias
662 3123 770 3186 illatas
794 3123 995 3201 condonaret,
1020 3121 1140 3186 similes
1161 3123 1280 3187 aliasve
1294 3123 1427 3206 injurias
1446 3121 1587 3187 vicissim
1602 3121 1690 3188 Titio
1704 3143 1764 3186 non

296 3212 439 3289 inferret,
458 3211 614 3275 bonorum
630 3212 821 3288 ablatorum,
838 3215 894 3274 aut
910 3211 1014 3274 laesae
1027 3211 1133 3275 famae
1149 3211 1292 3276 debitam
1307 3212 1544 3276 restitutionem
1561 3233 1626 3275 non
1640 3213 1765 3296 urgeret

297 3303 353 3364 aut
365 3304 619 3386 prosequeretur,
636 3299 676 3362 ob
690 3299 863 3383 praeterita
880 3298 984 3363 verbis
997 3305 1052 3364 aut
1065 3298 1158 3363 factis
1172 3300 1474 3364 vindictamnullam
1488 3305 1661 3377 exerceret,
1679 3299 1760 3363 facta

297 3409 379 3471 (quae
391 3387 509 3453 infecta
523 3388 593 3452 fieri
612 3392 783 3471 nequeunt,
800 3387 861 3451 Dei
870 3388 988 3470 judicio
1010 3388 1209 3472 relinquerit,
1225 3388 1514 3454 &emendationem
1530 3411 1566 3452 ac
1588 3387 1759 3453 restitutia-

298 3499 371 3540 nem
395 3475 605 3540 conscientiae
625 3474 714 3540 Titii.
737 3476 782 3540 Et
800 3476 879 3541 haec
891 3477 1019 3559 quidem
1035 3499 1098 3562 pax
1109 3477 1326 3542 neutralitatis
1339 3478 1370 3540 in
1385 3481 1549 3562 posterum
1564 3477 1683 3542 serrari
1695 3498 1762 3560 pos-

298 3571 362 3640 set;
376 3564 502 3629 etiamsi
513 3587 624 3649 paoem
636 3563 795 3630 amicitiae
809 3569 865 3629 aut
881 3565 1015 3630 foederis
1028 3565 1172 3630 Maevius
1185 3588 1257 3630 cum
1269 3565 1354 3631 Titio
1367 3588 1431 3631 non
1444 3565 1551 3644 iniret,
1566 3587 1624 3630 nec
1637 3566 1665 3630 si
1676 3569 1764 3630 antea

297 3653 421 3732 fuisset,
434 3675 505 3718 eam
517 3654 745 3718 restituendam
758 3658 893 3719 curaret.
917 3653 1088 3718 Libertatis
1101 3655 1124 3720 b
1137 3653 1324 3738 prudentiae
1337 3653 1538 3719 Christianae
1551 3659 1599 3718 est
1612 3654 1763 3719 delectum

298 3743 483 3806 Amicorum
497 3741 777 3808 &Foederatorum
791 3742 920 3808 babere.
936 3740 970 3806 Si
983 3743 1091 3827 itaque
1107 3747 1240 3826 uterque
1252 3764 1302 3807 res
1319 3765 1391 3808 suas
1404 3743 1436 3806 in
1453 3747 1618 3827 posterum
1635 3742 1697 3807 sibi
1708 3741 1764 3805 ha·

300 3832 383 3909 beat,
410 3830 434 3895 b
457 3831 539 3894 alter
562 3831 655 3895 alteri
678 3831 798 3914 absque
821 3831 1003 3896 turbatione
1027 3831 1205 3916 relinquat:
1227 3831 1381 3896 hactenus
1394 3853 1504 3915 pacem
1522 3831 1661 3896 obtineri
1674 3833 1695 3897 b
1708 3828 1765 3894 coli

237 3923 239 3926 ’
298 3919 489 3984 censendum
513 3923 605 3996 esset,
630 3919 689 3984 hoc
716 3924 775 3998 est,
796 3921 1055 4004 tranquillitatem
1078 3921 1211 3985 artibus.
1236 3919 1286 3984 lta
1310 3920 1394 3985 euim
1413 3942 1537 4004 pacem,
1549 3942 1622 3984 omn
1635 3919 1767 3995 Thema,

299 4009 509 4072 communiter
531 4008 655 4073 definiri
681 4013 768 4092 puto.
793 4007 837 4072 Et
855 4009 954 4073 talem
970 4031 1081 4094 paoem
1093 4011 1121 4074 si
1132 4009 1275 4092 possibile
1287 4010 1338 4086 sit,
1356 4007 1557 4094 llqaantura
1571 4010 1606 4074 in
1618 4010 1768 4083 raetisest,

298 4117 369 4160 curru
392 4097 538 4162 carnibus
551 4097 731 4162 bominibus
744 4098 1034 4182 seruarejutenrur.
1059 4097 1150 4162 Rom.
1168 4098 1219 4161 12.
1237 4121 1267 4162 v.
1282 4097 1331 4160 18.
1356 4097 1459 4182 Objici
1473 4102 1590 4182 posset,
1608 4095 1767 4163 reconcili-

298 4183 437 4246 ationem
461 4189 624 4249 externam
644 4188 666 4252 tr
684 4185 863 4263 formalem,
886 4187 952 4250 sire
971 4209 1077 4250 coram
1089 4185 1195 4251 verbis
1208 4187 1274 4250 sire
1287 4186 1659 4270 interabsentesscripto
1672 4191 1768 4250 testa-

298 4277 365 4335 tam
389 4272 499 4335 abesse
515 4295 578 4337 non
592 4296 699 4358 posse:
716 4297 844 4340 manere
858 4275 999 4361 alioquin
1012 4275 1191 4340 animorum
1205 4274 1484 4353 exulcerationem,
1497 4278 1521 4342 b
1534 4275 1673 4359 suspiria
1689 4275 1767 4338 alte⁴

299 4359 364 4423 rius
381 4360 530 4423 adversus
543 4361 689 4436 alterum,
714 4368 824 4427 corrtra
847 4363 951 4428 Jacob.
978 4367 1007 4428 5.
1028 4385 1056 4428 n.
1077 4365 1108 4427 a.
1121 4365 1210 4447 Rrsp.
1232 4367 1251 4426 a
1270 4364 1368 4429 nullis
1389 4363 1584 4438 hominibus,
1599 4365 1653 4428 sed
1669 4368 1687 4427 ir
1704 4365 1769 4427 aa

1633 4453 1768 4515 coralium
