3768 4842
330 257 404 351 56'
543 286 657 353 Pras
690 289 716 354 1.
752 287 811 353 Da
846 285 1045 354 Ocuccrc
1079 285 1226 350 Pcnrr.
1263 285 1388 350 Eccn'.
1420 284 1509 349 bra.
1547 283 1571 349 l.
1669 289 1674 300 '

252 553 255 562 .
329 474 418 540 aliud
441 473 518 556 quid
529 472 767 546 concomitatur.
792 472 859 538 Ista
871 477 930 549 est,
942 473 1068 557 quando
1082 474 1153 558 quis
1164 473 1296 557 proprio
1313 472 1446 550 arbitrio
1459 472 1523 535 alib
1538 472 1677 556 migrare
1690 470 1803 538 insti-

330 563 393 627 tuit
406 587 414 638 ;
439 562 479 626 ad
502 584 598 646 quam
610 559 835 651 migrationem
846 563 990 646 sequitur·
1002 565 1136 628 cessatio
1147 563 1284 628 actualis
1296 565 1319 628 tr
1331 560 1499 644 explicitae
1512 560 1748 624 communionis
1762 561 1802 624 in

330 655 353 719 tr
377 674 449 716 cum
460 652 522 715 ista
534 649 720 734 particulari
732 651 884 716 Ecclesia.
908 649 971 716 Hic
982 652 1077 716 homo
1090 653 1171 716 liber
1183 651 1303 715 nullius
1316 649 1477 742 Ecclesiae
1490 649 1623 714 arbitrio
1635 653 1692 714 aut
1703 649 1806 734 judi·
1837 684 1842 692 ·

328 741 377 806 cio
393 741 545 823 subjacet:
558 763 661 823 neque
674 742 714 804 ad
726 740 902 806 Ecclesiam
916 740 1032 805 directe
1045 744 1191 825 spectant
1205 737 1246 800 τὰ
1261 738 1386 812 βιωτικὰ
1399 741 1421 806 b
1434 738 1634 814 oeconomica
1644 740 1721 828 Luc.
1738 740 1798 802 12.

330 852 358 894 o.
375 829 425 902 13.
445 828 496 892 14.
517 827 590 892 Nisi
602 829 673 912 quis
686 829 842 896 unitatem
850 832 1076 913 &potestatem
1088 829 1429 910 Ecclesiasticamcum
1441 827 1615 892 Pontificiis
1629 828 1668 891 ad
1681 827 1802 892 omnia

329 915 504 984 saecularia
519 917 678 996 extendat,
689 919 723 981 in
736 917 923 983 ordine'scil.
938 919 998 1003 (uti
1011 919 1196 1002 loquuntur)
1213 916 1253 994 ad
1268 916 1458 1000 spiritualia.
1475 914 1615 982 Rursum
1627 917 1802 1000 distingue

330 1007 571 1072 dissolutionem
597 1005 736 1072 foederis
759 1011 782 1074 b
806 1007 1033 1072 communionis
1045 1008 1079 1071 in
1092 1008 1275 1071 universum
1287 1005 1409 1070 ratione
1421 1005 1563 1069 omnium
1574 1004 1803 1070 Ecclesiarnm

331 1096 470 1180 ejusdem
501 1095 725 1178 confessionis:
751 1101 806 1160 aut
828 1100 954 1160 tantum
985 1098 1107 1162 ratione
1133 1095 1225 1160 istius
1248 1094 1409 1158 Ecclesiae
1422 1097 1445 1160 dc
1458 1094 1616 1177 applicate
1628 1095 1668 1158 ad
1680 1095 1802 1158 fideles

330 1185 423 1250 istius
440 1184 510 1262 loci,
528 1185 609 1248 unde
625 1185 696 1267 quis
712 1186 839 1270 migrat.
859 1184 909 1250 De
923 1186 980 1249 ills
992 1187 1126 1254 concedo
1138 1186 1220 1268 quod
1232 1184 1368 1268 petitum
1381 1183 1419 1248 de
1431 1183 1493 1247 ista
1504 1183 1648 1248 minime.
1660 1183 1803 1248 Adhaec
1818 1211 1823 1220 ·

271 1313 274 1320 ·
330 1271 479 1339 discessio
503 1273 566 1338 alia
589 1275 637 1336 est
659 1274 905 1340 renuntiationis
922 1276 945 1340 b
961 1275 1170 1358 separationis
1184 1295 1239 1338 seu
1251 1271 1424 1349 divisionis,
1439 1271 1503 1336 alia
1515 1272 1799 1338 commutationis:

331 1363 425 1428 sicuti
448 1363 482 1426 in
505 1362 615 1426 cadem
639 1361 731 1426 domo
743 1364 862 1448 migrat
874 1363 946 1446 quis
958 1364 996 1428 de
1009 1364 1157 1427 cubiculo·
1166 1363 1199 1426 in
1215 1361 1407 1437 cubiculum,
1420 1365 1476 1426 aut
1488 1361 1522 1425 irr
1539 1361 1649 1426 eadem
1661 1361 1742 1425 urbe
1756 1361 1801 1426 de

331 1452 423 1516 domo
434 1452 468 1516 in
481 1451 619 1516 domum.
637 1449 729 1515 Prior
742 1453 834 1538 [pag.
848 1452 906 1537 63]
919 1452 975 1515 illa
987 1453 1104 1516 directe
1116 1451 1341 1516 subordinatur
1349 1449 1467 1533 judicio
1479 1452 1502 1515 t
1513 1450 1666 1533 potestati
1681 1449 1801 1514 Eccle-

330 1541 414 1618 siae;
435 1540 590 1625 posterior
601 1539 743 1605 minime.
767 1540 884 1624 Neque
893 1541 977 1605 enim
990 1545 1008 1605 a
1020 1541 1147 1606 Christo
1164 1538 1421 1606 &Ecclesiastica
1433 1540 1651 1604 communione
1663 1539 1801 1617 recedit,

332 1629 387 1714 qui
413 1630 532 1715 migrat
559 1629 597 1693 de
614 1629 756 1694 Ecclesia
769 1630 802 1693 in
814 1625 999 1695 Ecclesiam.
1024 1628 1154 1694 Recedit
1167 1632 1285 1703 antem,
1298 1627 1354 1711 qui
1369 1650 1425 1711 per
1436 1627 1662 1712 migrationem
1674 1629 1800 1692 deserit

331 1741 457 1784 omnem
469 1721 632 1783 externam
644 1717 804 1782 Ecclesiae
817 1719 1079 1792 communionem,
1092 1718 1259 1782 autetiam
1270 1716 1386 1781 transit
1400 1717 1440 1780 ad
1451 1721 1563 1782 sectas.
1584 1716 1666 1781 Sunt
1680 1719 1704 1783 dr
1717 1717 1799 1793 alia,

332 1817 419 1890 qnae'
455 1807 489 1872 in
521 1806 742 1870 controversiis
761 1807 803 1871 *de
830 1806 890 1871 hcc
914 1807 1038 1872 foedere
1061 1807 1284 1872 Ecclesiastico
1307 1805 1459 1890 ambigua
1482 1805 1563 1870 mihi
1587 1806 1746 1882 videntur,
1773 1807 1799 1872 lu

215 1926 217 1932 ’
333 1895 589 1961 distinctionibus
613 1894 818 1960 concilianda.
842 1894 904 1988 Sed
928 1897 1132 1982 peculiariter
1158 1895 1358 1979 problemata
1381 1895 1419 1958 de
1437 1895 1477 1958 iia
1493 1895 1799 1974 fientbsicdeter-

332 2007 417 2136 unqe
418 1989 537 2138 11-ὺῖΠΧ
568 2081 690 2148 Quaerit.
715 2072 767 2137 An
790 2079 857 2138 tam
869 2075 1082 2150 necessarium
1095 2075 1137 2139 sit
1149 2073 1210 2137 hcc
1221 2072 1331 2138 foedus
1343 2072 1612 2152 Ecclesiasticum,
1625 2078 1662 2137 ut
1674 2072 1744 2138 sine
1757 2095 1799 2137 eo

265 2173 269 2182 '
331 2163 420 2228 nulla
435 2163 478 2228 sit
488 2161 631 2228 Ecclesia
644 2161 779 2227 visibilis
792 2161 984 2230 &instituta
1009 2166 1098 2247 Reep.
1111 2163 1310 2247 Intelligitur
1325 2161 1378 2226 hic
1389 2163 1499 2245 procul
1510 2161 1605 2227 dubio
1618 2161 1796 2228 necessitas

216 2291 218 2298 ·
331 2251 438 2330 medii,
461 2253 485 2318 b
507 2273 570 2315 non
593 2255 719 2316 tantum
742 2253 914 2336 praecepti,
937 2253 977 2318 ad
1000 2275 1068 2317 esse
1085 2255 1182 2319 bnon
1194 2255 1320 2316 tantum
1332 2252 1372 2315 ad
1387 2250 1467 2315 bene
1480 2273 1559 2317 esse.
1571 2252 1695 2315 Durum
1708 2255 1798 2316 certe

333 2344 415 2406 esset
441 2340 621 2424 ubicunque
643 2340 718 2404 talis
738 2341 891 2425 explicita
915 2341 1146 2406 confoederatio
1170 2363 1295 2424 semper
1309 2363 1372 2404 non
1385 2340 1519 2404 adestin
1531 2343 1617 2404 statu
1629 2339 1797 2404 Ecclesiae

331 2430 460 2495 turbato
485 2451 610 2493 ornnem
634 2428 820 2508 Ecclesiam,
839 2435 895 2495 aut
910 2431 1023 2497 saltem
1037 2431 1160 2515 aliquas
1175 2431 1242 2513 ejus
1258 2429 1409 2512 reliquias
1422 2427 1566 2493 absolute
1578 2450 1705 2514 negare.
1730 2427 1799 2494 Sed

332 2519 507 2582 omittenda
518 2518 598 2582 haec
610 2518 823 2584 controversia
835 2520 868 2583 in
879 2520 974 2597 thesi,
987 2522 1011 2585 b
1022 2520 1104 2584 forte
1116 2519 1219 2604 magis
1228 2517 1434 2602 speculativa.
1447 2518 1498 2582 Ad
1507 2518 1700 2602 hypothesin
1706 2521 1799 2601 (pru-

332 2607 479 2672 dentibus
492 2606 569 2671 satis
581 2609 701 2685 notam)
714 2612 751 2671 ut
763 2609 957 2686 accedamus,
967 2608 1109 2686 dicimus,
1119 2608 1343 2692 distinguenda
1351 2629 1418 2671 esse
1427 2607 1460 2670 in
1468 2606 1683 2683 foederatione
1691 2607 1798 2690 expli·

332 2696 404 2771 cita,
418 2695 646 2761 universalia&
661 2695 885 2762 substantialia
898 2698 938 2761 ab
951 2697 1199 2762 accidentalibus
1214 2695 1459 2779 particularibus
1476 2695 1713 2779 &peristaticis
1723 2693 1795 2760 Ista

332 2785 509 2850 necessario
527 2807 590 2849 non
604 2785 742 2868 requiri;
760 2785 817 2850 illa
837 2807 910 2850 vero
927 2786 960 2850 in
972 2787 1201 2851 instauratione
1214 2785 1375 2849 Ecclesiae
1389 2784 1525 2848 antehac
1537 2783 1669 2846 ἀτάκτου
1679 2787 1702 2850 b
1714 2783 1795 2849 defi-

332 2875 444 2940 cientis
456 2877 512 2938 aut
525 2873 728 2955 perturbatae
741 2875 781 2938 ad
792 2875 960 2940 minimum
968 2876 1087 2959 requiri
1095 2875 1251 2954 ridentur,
1262 2875 1299 2938 de
1308 2896 1370 2957 quo
1379 2873 1472 2938 iufra.
1484 2912 1521 2920 να
1534 2871 1589 2937 XI.
1602 2877 1723 2946 Qcmest.
1740 2874 1795 2937 Au

333 2963 443 3028 foedus
452 2963 511 3026 hoc
522 2962 793 3042 Ecclesiasticum,
806 2965 848 3028 sit
857 2965 1041 3029 distinctum
1058 2969 1077 3028 a
1088 2963 1223 3040 foedere,
1237 2963 1320 3047 quod
1332 2961 1427 3027 homo
1439 2962 1499 3027 init
1511 2967 1567 3026 aut
1578 2966 1710 3026 renovat
1721 2985 1795 3026 cum

332 3051 401 3116 Deo
413 3055 495 3126 suo?
508 3053 531 3118 dr
543 3052 570 3115 si
582 3051 705 3116 dicatur
718 3049 912 3131 distinctum,
925 3076 966 3117 an
978 3054 1075 3120 etiarn
1088 3054 1190 3136 possit
1201 3051 1349 3134 dicijuris
1359 3051 1466 3115 divini.
1478 3053 1567 3135 Hesp.
1577 3049 1713 3115 Videtur
1721 3073 1796 3115 eorr-

331 3140 433 3205 tentio
455 3139 509 3204 hic
531 3140 602 3204 tolli
625 3163 725 3223 posse,
738 3163 795 3224 per
806 3141 1032 3207 distinctiones.
1048 3144 1077 3206 l.
1094 3142 1237 3206 Ecclesia
1252 3141 1397 3219 visibilis,
1409 3140 1458 3204 uti
1470 3163 1532 3206 uon
1546 3139 1652 3204 differt
1662 3139 1795 3205 realiter

333 3230 373 3293 ab
389 3229 553 3308 invisibili,
565 3251 623 3293 nec
636 3251 710 3293 vera
722 3230 799 3294 fides
815 3231 848 3294 in
861 3232 952 3295 corde
964 3235 983 3294 a
995 3231 1056 3295 fide
1070 3232 1179 3296 eadem
1195 3231 1227 3294 in
1240 3253 1293 3294 cre
1306 3253 1361 3294 sen
1373 3228 1578 3313 professione,
1590 3251 1647 3292 nec
1658 3229 1796 3294 verbum

333 3318 394 3383 Dei
416 3321 544 3382 externe
571 3318 747 3383 revelatum
770 3321 793 3384 dr
816 3342 872 3402 per
895 3342 1007 3384 manus
1026 3320 1190 3399 traditum,
1203 3320 1244 3384 ab
1257 3320 1366 3384 eodem
1379 3318 1475 3383 verbo
1487 3321 1596 3402 postea
1607 3317 1724 3402 scripto
1737 3341 1796 3403 per

334 3405 510 3490 Prophetas
533 3409 556 3473 b
572 3407 758 3490 Apostolos:
784 3409 928 3492 quamvis
946 3409 1061 3473 minori
1073 3410 1209 3492 qusadanr
1221 3403 1421 3473 distinctione
1437 3406 1564 3471 formali
1577 3406 1643 3471 scil.
1657 3411 1712 3494 aut
1724 3429 1796 3472 mo-

333 3495 398 3560 dali
421 3497 676 3581 distinguantur:
694 3497 738 3560 sic
755 3497 852 3561 etiam
867 3498 977 3562 foedus
989 3520 1061 3562 cum
1073 3496 1141 3562 Dec
1153 3499 1185 3562 in
1202 3497 1345 3562 interiori
1357 3495 1558 3574 conscientia,
1572 3498 1594 3563 b
1606 3496 1639 3560 irr
1652 3517 1796 3562 commu-

333 3584 425 3649 nione
448 3584 609 3650 Ecclesiae
622 3584 791 3650 invisibilis
803 3609 840 3650 ac
851 3587 1002 3671 mysticae
1014 3587 1139 3667 initum,
1153 3587 1193 3651 ab
1206 3587 1315 3651 eodem
1328 3586 1453 3650 foedere
1466 3587 1595 3650 externe
1608 3609 1644 3650 ac
1655 3586 1796 3650 solenni-

333 3677 382 3737 ter
405 3673 556 3738 adhibitis
573 3673 666 3739 certis
679 3674 840 3757 requisitis
852 3678 875 3742 lt
887 3676 1131 3740 solennitatibus
1144 3677 1303 3758 declarato
1316 3673 1354 3740 ad
1366 3675 1546 3759 ingressum
1557 3675 1591 3738 in
1609 3675 1795 3740 societatem

333 3785 370 3827 ac
382 3763 634 3827 communionem
649 3763 810 3828 Ecclesiae
824 3765 957 3829 visibilis
970 3767 993 3830 du
1004 3764 1215 3849 particularis.
1233 3764 1263 3829 2.
1281 3763 1485 3846 Quocumque
1498 3764 1590 3828 modo
1608 3764 1716 3828 eadem
1728 3763 1795 3828 sint

334 3854 390 3916 aut
411 3851 657 3936 distinguantur,
683 3855 798 3937 (neque
811 3853 895 3918 enim
908 3854 945 3918 de
957 3854 1102 3918 terminis
1114 3854 1178 3918 illis
1191 3857 1355 3937 tantopere
1368 3851 1558 3936 litigandum
1572 3852 1719 3934 videtur),
1732 3852 1796 3917 dici

332 3943 438 4024 potest
465 3939 574 4004 foedus
602 3940 681 4004 illud
693 3942 939 4007 ecclesiasticum
952 3964 1016 4026 qua
1026 3943 1102 4022 tale,
1115 3966 1182 4008 esse
1191 3943 1272 4027 juris
1284 3941 1383 4006 divini
1395 3941 1543 4020 mediate,
1557 3943 1579 4007 a
1591 3961 1654 4005 non
1666 3963 1732 4006 esse
1746 3941 1795 4006 di-

273 4077 276 4086 .
332 4031 418 4094 recte
430 4029 486 4093 aut
497 4029 696 4106 immediate3
710 4031 733 4095 a
745 4031 790 4095 sic
801 4032 902 4115 ligare
915 4035 970 4096 aut
981 4042 1046 4094 norr'
1057 4031 1158 4117 ligare
1171 4030 1404 4096 conscientiam.
1418 4028 1558 4094 Rursum
1570 4030 1653 4115 quod
1669 4029 1709 4094 ad
1719 4031 1794 4096 sub·

333 4117 495 4196 stantiam,
520 4139 575 4182 seu
598 4119 753 4197 absolute,
777 4119 810 4183 in
823 4125 915 4194 seut
928 4121 983 4198 sic,
996 4123 1019 4186 tc
1032 4121 1185 4204 objective
1198 4119 1430 4186 consideratum
1446 4141 1514 4184 esse
1526 4119 1701 4184 immediati
1713 4119 1794 4202 juris

333 4207 449 4287 diviui;
462 4207 516 4271 sed
528 4206 610 4290 qnod
623 4206 661 4270 ad
674 4206 937 4287 circumstantias,
950 4209 1033 4293 quod
1045 4211 1085 4274 ad
1097 4209 1341 4295 applicationem
1354 4208 1394 4272 ad
1407 4208 1504 4272 istum
1516 4208 1710 4293 singularem
1722 4231 1794 4273 coe-

333 4299 402 4360 tum
426 4298 449 4362 b
470 4296 549 4361 istos
571 4294 697 4374 fratres,
724 4299 898 4381 respective
922 4321 976 4363 seu
996 4299 1096 4363 relate
1109 4300 1150 4364 ad
1160 4301 1237 4364 istos
1250 4297 1394 4362 homines
1407 4296 1459 4360 hic
1474 4299 1602 4376 bunne,
1615 4320 1687 4362 cnm
1700 4299 1722 4363 b
1733 4298 1793 4362 snb

333 4385 392 4450 tali
416 4401 453 4450 'ac
475 4384 534 4450 tali
558 4388 688 4450 externa
700 4386 899 4466 solennitate,
913 4386 1118 4468 formalitate‚
1135 4391 1158 4454 dc
1173 4387 1377 4472 professionis
1390 4409 1445 4452 seu
1458 4387 1679 4452 declarationis
1691 4387 1793 4464 modo,

1730 4496 1792 4539 non
