3712 4850
293 317 405 386 Tuscu.
431 320 473 386 ll.
497 321 544 390 Dc
569 321 706 402 Porcsr,
731 321 803 387 Pon.
829 345 863 386 nr
887 321 999 388 Canon.
1024 321 1150 388 Bccnns.
1180 321 1250 388 Can.
1280 320 1337 387 IV.
1473 324 1536 388 173

620 463 636 494 Ο

92 505 149 586 jure
169 507 189 572 b
212 507 320 570 eadem
341 507 534 572 conscientia
546 508 658 570 debere
676 505 902 590 Magistratum
919 528 1043 591 urgere,
1058 511 1093 572 nt
1106 507 1349 572 Concionatores
1362 509 1535 590 priuscon·

94 594 179 658 nones
201 617 269 660 suas
290 595 368 678 ipsis
381 596 555 660 visitandas
567 596 750 674 exhibeant,
767 595 885 658 adbaec
900 596 1008 660 literas
1022 597 1163 660 mandati
1178 599 1200 662 b
1214 597 1285 659 fidei
1298 619 1370 659 cum
1383 597 1422 658 ad
1435 594 1537 679 Syno-

19 701 20 710 ’
94 683 155 744 dum
173 683 424 766 pmficiscuntur3
439 690 602 768 praeterea
615 684 764 748 intersint
780 686 802 750 tr
818 684 923 748 adsint
936 685 1103 748 ordinariis
1121 684 1538 748 visitationibusclassirali·

96 769 150 847 bns,
169 771 239 836 item
259 772 460 857 singulorum
480 773 694 838 membrorum
714 772 746 836 in
767 780 956 858 unaquaque
971 773 1132 849 Ecclesia3
1154 774 1229 858 quin
1244 773 1537 842 &extraordinariis

19 869 21 930 g
94 859 319 938 visitationibus,
338 861 394 924 ubi
413 862 451 924 de
473 862 607 944 peccatis
627 851 842 941 clandestinis,
864 851 924 926 hdo
945 866 1003 940 est,
1025 853 1153 946 publice
1176 884 1238 926 non
1262 862 1418 939 ita'notis,
1432 863 1537 926 autde

93 948 228 1012 scandalis
247 949 383 1014 membri
403 949 563 1014 Ecclesiae
583 951 817 1035 inquirendum,
839 951 1102 1034 cognoscendum,
1119 950 1174 1014 ubi
1197 949 1323 1012 ἄτακτοι
1338 951 1537 1034 corripiendi,

19 1055 21 1086 ὲ
95 1035 256 1119 ignorantes
285 1037 474 1116 instruendi,
498 1039 616 1124 {afflicti
645 1039 675 1102 in
700 1039 890 1102 conscientia
909 1045 965 1103 aut
988 1044 1118 1102 externa
1141 1039 1323 1103 calamitate
1347 1039 1538 1117 consolandi,

95 1123 193 1188 infirmi
215 1130 269 1190 aut
294 1127 478 1190 dubitantes
501 1127 717 1211 confirmandi,
739 1149 893 1211 pauperes
915 1127 1101 1192 sublevandi
1122 1131 1170 1194 &a
1188 1125 1276 1190 Haec
1289 1129 1373 1192 enim
1387 1132 1469 1192 esset
1480 1149 1537 1216 ge-

19 1217 20 1264 ἰ
93 1214 174 1276 nuina
190 1215 331 1297 custodia
353 1215 475 1298 primae
496 1215 634 1294 tabulae,
655 1221 751 1300 prout
763 1238 833 1280 eam
850 1216 910 1299 ipsi
924 1217 1083 1299 explicant
1095 1217 1308 1284 &extendunt
1322 1215 1394 1280 Huc
1409 1217 1539 1300 insuper

19 1329 21 1398 Ξ
64 1305 70 1314 ’
94 1301 402 1370 custodiaPotestatis
421 1303 577 1386 politicae,
592 1327 672 1390 quae
687 1308 853 1388 praetextu
866 1304 1019 1387 ejusmodi
1034 1305 1228 1389 agendorum
1242 1303 1538 1370 Ecclesiastibornm
1602 1311 1608 1322 ’

94 1411 145 1454 non
156 1392 255 1456 minus
266 1392 334 1475 peti
347 1395 369 1458 tr
383 1414 439 1476 per
450 1392 615 1458 factiosam
629 1393 932 1468 πολυπρ-κγμεσὺνην,
947 1391 1257 1468 carcassonensem,
1272 1393 1539 1476 conspirationem
1643 1444 1647 1450 .

94 1479 186 1543 violari
204 1487 322 1564 posset,
342 1503 440 1564 quam
459 1505 516 1564 per
532 1481 713 1546 Conventus
735 1482 988 1559 consistorialem
1009 1483 1107 1548 immo
1122 1482 1350 1566 multomagis:
1367 1482 1442 1564 qnia
1454 1484 1538 1546 mul-

19 1601 20 1622 ÷
94 1567 179 1632 titudo
197 1569 336 1634 virorum
359 1570 415 1653 qni
434 1568 627 1634 Consistoria
647 1571 680 1634 in
700 1571 873 1654 majoribus
898 1571 1081 1636 civitatibus
1102 1571 1308 1648 constituunt,
1331 1571 1384 1635 vix
1397 1571 1540 1636 admittit
1587 1605 1596 1617 ·
1628 1607 1639 1626 ·

19 1695 20 1700 κ
94 1658 342 1740 conspirationem
366 1663 422 1724 erit
445 1659 617 1724 factionem
641 1664 751 1724 contra
774 1657 1018 1744 Magistratum;
1039 1662 1061 1726 b
1085 1659 1244 1724 intersunt
1263 1660 1328 1723 illis
1351 1660 1538 1742 plerumque

19 1757 20 1760 ’
94 1744 177 1830 aliqui
195 1769 230 1810 ex
251 1747 329 1831 ipsis
349 1745 568 1826 Senatoribus,
589 1752 644 1812 aut
663 1746 820 1826 Scabinis,
837 1753 892 1812 ant
911 1749 1025 1813 saltem
1038 1771 1076 1812 ex
1092 1749 1167 1826 illis,
1184 1748 1240 1832 qni
1251 1747 1406 1832 peculiari
1417 1748 1539 1812 ratione

19 1869 21 1892 v
95 1831 277 1918 Magistratni
302 1836 435 1900 obnoxii
461 1839 545 1900 sunt.
567 1834 665 1900 Porro
679 1837 772 1901 modo
786 1841 962 1910 memorata
974 1838 1013 1900 ad
1029 1837 1166 1920 primam
1179 1837 1260 1919 legis
1277 1837 1421 1900 tabulam
1434 1838 1538 1921 magis

95 1943 123 1984 ac
133 1924 269 2007 proprius
281 1924 454 2008 pertinere,
466 1930 561 2008 atque
574 1926 653 1990 adeo
666 1926 706 1990 ad
718 1947 826 1989 curam
839 1929 863 1992 tv
874 1927 1048 1991 custodiam
1060 1924 1280 2010 Magistratus,
1291 1949 1387 2009 quam
1396 1926 1542 1990 Conven-

19 2025 20 2030 ’
96 2024 136 2074 tus
155 2013 337 2091 consistorii,
361 2035 455 2078 nemo
477 2018 513 2077 ut
536 2014 648 2097 opinor
668 2015 809 2098 negabit.
824 2015 855 2080 4.
868 2011 1042 2078 Christiani
1056 2037 1115 2078 vox
1128 2014 1297 2078 admodum
1310 2013 1461 2098 ambigua
1473 2020 1536 2078 est:

19 2111 20 2134 ³
95 2104 156 2164 sunt
175 2103 225 2184 qui
249 2124 367 2166 nomen
380 2101 459 2166 illud
471 2102 532 2166 sibi
545 2103 643 2166 tribui
654 2103 764 2181 velint,
779 2107 814 2168 nt
825 2103 1065 2181 Enthusiastae‚
1079 2102 1245 2180 Libertini,
1263 2103 1402 2178 Arriani,
1415 2101 1539 2166 Soeini·

95 2188 153 2262 ani:
173 2191 283 2273 quibus
307 2195 417 2255 tamen
433 2195 521 2256 totus
533 2191 794 2263 Christianismus
806 2191 838 2256 id
849 2192 998 2276 negabit:
1013 2191 1087 2256 hinc
1100 2193 1192 2277 [pag.
1206 2191 1289 2276 206]
1301 2192 1539 2276 disquirendum

19 2275 20 2340 2
97 2281 173 2365 esspt,
184 2285 243 2362 qua
255 2279 464 2363 homonymia
475 2281 556 2344 tales
569 2280 714 2344 dicantur
729 2281 868 2346 cristestes
878 2283 1001 2364 prinmo
1014 2281 1145 2358 tabidae,
1159 2282 1341 2348 &Ecclesiae
1353 2282 1488 2346 rvulrilii.
1499 2319 1539 2328 -

19 2377 22 2420 l
97 2361 143 2430 [ll.
162 2366 223 2450 ocj.
243 2366 327 2444 Quia
350 2367 468 2432 alicubi
488 2369 521 2432 in
538 2369 647 2453 Belgio
667 2369 742 2434 talis
762 2370 860 2434 sessio
876 2369 1015 2446 obtinet3
1034 2391 1111 2454 ergo
1125 2370 1195 2453 pari
1204 2370 1276 2452 jure
1289 2371 1338 2434 sc.
1353 2371 1443 2454 Hesp.
1461 2367 1540 2435 Tres

96 2454 181 2518 salum
203 2455 356 2522 Civitates
383 2456 416 2520 in
440 2456 553 2542 Belgio
569 2457 729 2522 foederato
742 2458 902 2522 numerari
915 2462 1056 2542 possunt,
1075 2459 1107 2521 in
1120 2459 1235 2541 quibus
1246 2457 1325 2522 haec
1338 2459 1437 2522 sessio
1453 2459 1539 2522 obti-

19 2539 21 2582 l
96 2541 167 2618 nuit:
188 2546 350 2612 occasione
373 2544 521 2610 factionis
542 2545 674 2629 politico
690 2545 923 2612 Leicestrianae
939 2547 1127 2612 introducta.
1141 2546 1203 2611 Sed
1216 2550 1235 2612 a
1247 2545 1331 2610 facto
1346 2549 1368 2613 b
1381 2548 1541 2612 occasione

96 2633 326 2698 extraordinaria
339 2634 373 2698 in
385 2637 471 2698 certo
483 2635 681 2699 necessitatis
693 2657 778 2715 casu,
791 2636 830 2699 ad
842 2635 957 2719 praxin
969 2641 1157 2719 perpetuam
1170 2657 1233 2699 non
1245 2635 1331 2698 valet
1347 2657 1542 2718 consequen·

96 2716 140 2783 tia
151 2719 293 2786 Cessante
305 2722 392 2786 enim
404 2727 499 2786 causa
511 2727 612 2788 cessat
626 2723 766 2803 effectus,
779 2729 921 2789 cessante
934 2724 1096 2790 occasione
1109 2724 1178 2803 tali,
1192 2727 1294 2788 cessat
1306 2723 1427 2788 factum
1436 2728 1542 2788 extra-

96 2807 287 2876 ordinarium:
301 2809 460 2893 siquidem
474 2811 556 2876 inter
568 2812 667 2876 bonos
683 2812 764 2877 bene
780 2813 870 2896 agier
882 2817 1017 2896 oportet,
1031 2835 1087 2877 nee
1101 2818 1148 2878 est
1159 2812 1383 2896 imputandum
1395 2813 1542 2876 omnibus

19 2907 21 2990 J
96 2901 140 2958 aut
159 2897 265 2978 ordini,
282 2899 400 2982 siquid
412 2899 513 2983 aliqui
525 2921 563 2964 ex
574 2900 631 2964 illo
644 2901 751 2965 ordine
764 2902 993 2966 commiserint:
1007 2902 1124 2966 nedum
1140 2906 1176 2966 nt
1188 2901 1335 2966 sinistrae
1348 2901 1542 2984 suspiciones

19 3033 21 3072 s
95 2980 326 3069 Magistratuum
348 2988 386 3051 de
410 2989 548 3053 consiliis
573 2991 595 3054 tr
616 2989 792 3055 actionibus
808 2991 991 3074 quorumvis
1007 2989 1273 3056 Consistoriorum
1285 2992 1308 3056 b
1320 2987 1542 3054 Ministrornm

19 3075 21 3152 l
96 3075 272 3154 aetemizari,
298 3081 395 3160 atque
418 3075 495 3141 adeo
520 3078 736 3142 observatores
760 3079 943 3144 &custodes
961 3102 1061 3163 usque
1076 3080 1224 3144 adfinem
1239 3079 1349 3142 mundi
1366 3079 1544 3144 continuari

19 3201 21 3230 ἱ
97 3159 221 3228 debeant.
244 3163 298 3229 llli
323 3165 416 3242 nodo,
440 3165 597 3248 siquidem
621 3166 675 3230 ille
703 3189 820 3232 cuneus
843 3172 919 3232 tunc
943 3167 1043 3236 fuerit
1064 3168 1237 3251 quaesitus,
1255 3167 1417 3250 &quidem
1431 3167 1497 3230 illis
1511 3167 1542 3252 in

97 3246 243 3330 Ecclesiis;
256 3253 407 3337 quidhoc
419 3254 459 3318 ad
470 3257 669 3338 praesentem
681 3277 787 3320 rerum
799 3261 928 3336 statum,
941 3257 964 3320 tv
977 3256 1056 3320 alias
1069 3256 1239 3321 Ecclesiae.
1251 3255 1400 3320 Infinitae
1410 3259 1543 3339 possent

97 3335 151 3400 dari
171 3341 357 3408 instantiae:
383 3342 437 3406 sed
461 3365 524 3406 una
548 3347 643 3426 atque
667 3343 768 3410 altera
788 3345 1023 3410 evidentissime
1047 3345 1115 3423 hoc,
1128 3347 1214 3429 qnod
1227 3344 1370 3424 dicimus,
1387 3345 1542 3410 evincent.

99 3426 122 3488 1.
132 3425 196 3493 Non
208 3429 305 3516 Ppuci
320 3453 357 3496 ex
369 3431 598 3496 confoederatis
614 3429 798 3512 Nobilibus,
816 3431 1091 3498 Gubernatoribns
1103 3433 1354 3511 Provinciamm,
1370 3431 1543 3516 Magistra-

97 3513 167 3580 tibus
178 3516 361 3598 civitatum,
373 3517 548 3584 Praefectis
561 3521 754 3586 militaribus
767 3522 817 3588 tic.
831 3545 903 3586 cum
915 3521 1068 3605 Hispanis
1081 3523 1199 3606 perfide
1212 3523 1450 3606 conspirarunt:
1461 3522 1545 3605 quod

98 3604 278 3674 notissimum
306 3631 345 3673 ex
358 3610 498 3673 Ilislorid
513 3610 650 3694 Bclpicd:
662 3608 717 3674 sed
730 3609 801 3693 quis
812 3615 879 3675 tam
892 3610 1096 3689 inhumanus,
1109 3615 1146 3676 ut
1161 3611 1308 3676 omnibns
1320 3610 1413 3676 istius
1426 3610 1544 3675 ordinis

98 3688 314 3779 inperpetuum
326 3696 533 3762 diffidendum
545 3699 638 3779 dicat,
652 3703 709 3764 aut
721 3721 772 3762 eos
785 3700 877 3783 qnasi
889 3698 1033 3764 adhibita
1046 3700 1189 3764 custodia
1201 3699 1427 3764 contumeliose
1436 3699 1545 3763 obser·

97 3783 213 3860 vindos:
237 3809 278 3850 ne
302 3786 371 3852 scil.
394 3785 492 3850 simili
517 3788 610 3852 modo
636 3787 826 3852 exorbitent.
852 3790 882 3852 2.
906 3787 932 3852 F
935 3788 1051 3852 actioni
1063 3788 1294 3854 Leicestrianae
1306 3787 1455 3870 impliciti
1470 3793 1545 3852 tunc

97 3888 107 3930 t
171 3917 180 3951 ,
202 3896 264 3958 nen
279 3878 408 3939 tantum
420 3874 636 3942 Ecclesiastici
648 3877 787 3959 quidam,
801 3876 855 3942 sed
871 3878 893 3942 &-
906 3875 1032 3942 Politiei
1045 3876 1065 3941 J
1068 3878 1174 3943 udices
1186 3877 1373 3961 superiores,
1387 3875 1545 3940 Praefecti

76 3993 83 4010 ·
171 3983 244 4042 ares,
257 3962 470 4049 Magistratus
482 3964 658 4042 civitatum,
671 3963 729 4030 viri
742 3965 874 4030 minime
886 3965 963 4030 mali
974 3989 982 4042 ;
995 3967 1049 4030 sed
1062 3989 1119 4050 per
1131 3966 1342 4050 multiplicem
1353 3986 1458 4028 rernm
1471 3987 1545 4028 con-

165 4073 236 4116 nem
247 4075 284 4117 ac
297 4053 434 4118 subtiles
449 4057 644 4136 praetextus,
657 4053 772 4137 quibus
785 4057 861 4119 tunc
873 4077 922 4120 res
935 4055 1124 4139 agebantur,
1136 4055 1341 4120 circumventi
1356 4076 1392 4118 ac
1404 4054 1526 4136 decepti
1537 4077 1544 4129 ;

175 4144 207 4206 ut
218 4141 365 4206 nonnulli
381 4142 478 4208 armis
492 4142 531 4206 ab
545 4147 582 4206 ea
599 4142 707 4206 divelli
719 4144 895 4226 &expediri
908 4143 1084 4207 debuerint.
1098 4142 1160 4208 Sed
1177 4144 1247 4227 quis
1263 4143 1336 4208 hine
1354 4141 1544 4226 integritati,

180 4231 201 4296 b
213 4230 356 4296 libertati
372 4230 513 4295 omnium
526 4230 619 4295 istius
630 4231 748 4296 ordinis
760 4232 899 4296 virorum
912 4236 1065 4315 perpetuo
1077 4233 1163 4316 praej
1169 4232 1329 4297 ndieatum
1341 4231 1442 4295 velit?
1464 4231 1494 4294 3.
1508 4229 1545 4295 In

163 4323 183 4380 ,ξι
203 4318 430 4384 reformatione
452 4321 593 4386 &rerum
605 4319 792 4398 mutatione,
805 4320 838 4384 in
852 4319 963 4405 Belgio
977 4321 1000 4385 b
1013 4320 1101 4401 alibi,
1116 4321 1331 4386 Ecclesiastici
1343 4342 1413 4385 cum
1431 4317 1545 4384 Politi-

106 4429 107 4436 ³
164 4407 173 4416 ⁴
198 4405 232 4471 bi
248 4408 387 4476 vicissim
405 4407 469 4472 illis
481 4408 631 4492 permixti
644 4430 737 4493 saepe
751 4409 931 4474 Conventus
947 4409 1138 4491 habuerunt,
1151 4410 1207 4475 ubi
1219 4409 1252 4476 in
1266 4431 1430 4475 commune
1443 4408 1545 4558 delsa-

657 4521 671 4550 c
1492 4501 1545 4561 nte
