3766 4866
307 296 372 359 314
710 295 866 360 Pomrrcas
891 296 1140 361 Eceuusrxsrrexs
1165 295 1245 360 Pras
1258 295 1283 360 I.
1310 293 1430 359 Inall.

308 480 374 544 scil.
400 481 615 565 euangelium)
637 481 809 568 presbyteri
835 495 979 547 erroneum
1006 485 1163 567 populum
1183 487 1311 550 exaesa·
1327 479 1430 556 atros,
1457 482 1510 546 scd
1534 503 1783 562 stannaturam·

307 581 483 653 postremus
495 571 640 635 curruum
652 573 822 655 episeopus.
838 572 928 656 [pag.
943 571 1023 656 875]
1157 577 1161 586 “

351 657 531 722 Translatio
556 659 646 722 Bovii
668 659 817 744 Episcopi
832 660 1019 724 (lstunensis
1032 660 1109 724 illud
1124 663 1252 730 traficae
1266 660 1358 720 atros
1369 661 1498 744 exponit
1516 672 1548 724 u!
1560 662 1676 725 sedeur:
1694 662 1781 744 quod

307 771 370 812 non
385 747 474 811 video
491 750 648 833 quomodo
668 771 739 812 cum
752 748 865 812 Plnasi
879 770 993 832 graeca
1005 750 1181 814 conveniat.
1206 749 1280 814 Vll.
1293 763 1409 836 (perorsi.
1424 749 1475 814 Au
1492 749 1571 812 tales
1586 750 1780 833 l'roplretiae

309 838 339 900 iu
353 837 495 900 Ecclesia
508 838 644 900 debeant
657 841 712 900 ant
725 838 847 920 possint
860 861 928 902 esse
941 844 1127 922 perpetuae;
1156 862 1194 902 an
1216 839 1441 923 apostolicae&
1454 838 1582 902 illorum
1595 843 1779 922 tomporum

307 926 427 990 fuerint
439 926 595 1009 propriae.
622 928 709 1010 Hesp.
727 927 753 990 si
776 927 950 992 ordinarios
972 928 1059 991 verbi
1073 927 1236 992 Ministros
1250 927 1400 1012 respicias
1412 927 1635 992 affirmandum
1650 931 1713 992 est:
1728 928 1779 990 sin

307 1015 397 1085 alios.
422 1018 548 1098 praeter
571 1015 659 1078 verbi
673 1014 836 1080 Ministros
849 1016 1120 1101 distinguendum,
1132 1039 1170 1080 ex
1189 1018 1203 1079 l
1225 1019 1294 1082 Cor.
1310 1018 1360 1080 ll.
1386 1016 1433 1080 De
1446 1021 1511 1099 qua
1526 1017 1713 1099 quaestione
1727 1017 1779 1079 in-

308 1105 366 1168 fra.
392 1103 485 1168 Prius
510 1104 663 1188 probatur
687 1105 798 1168 iisdem
810 1106 1019 1189 argumentis,
1037 1105 1153 1188 quibus
1166 1105 1337 1170 necessitas
1351 1104 1530 1182 ministerii,
1547 1105 1779 1188 explicationes

307 1191 444 1276 Scriptur
455 1217 502 1271 ae,
516 1196 538 1258 11
551 1194 724 1258 conciones.
750 1193 909 1258 Ecclesiae
924 1193 1114 1258 reformatae
1127 1196 1208 1258 tales
1222 1193 1422 1278 Prophetiam
1435 1195 1494 1258 hoc
1507 1198 1565 1272 est,
1580 1193 1778 1259 Collationes

308 1305 402 1366 super
411 1285 501 1346 textu
514 1281 621 1365 aliquo
634 1305 741 1346 sacrae
754 1282 948 1365 Scripturas,
963 1287 1018 1346 aut
1031 1306 1125 1366 super
1138 1284 1298 1366 dogmatis
1314 1284 1411 1348 sacris
1423 1307 1461 1346 ex
1478 1281 1643 1366 Scriptura
1655 1283 1778 1347 eductis

307 1371 452 1454 exemplo
480 1371 641 1435 Ecclesiae
669 1371 860 1454 apostolieae
890 1374 900 1434 l
926 1373 1064 1436 Corinth.
1080 1373 1129 1435 14.
1146 1372 1310 1456 collegisse
1325 1372 1533 1438 &excoluisse
1547 1371 1702 1436 videntur.
1728 1371 1779 1436 De

308 1482 393 1522 more
408 1459 568 1524 Ecclesiae
585 1459 778 1524 Genevensis
792 1463 934 1544 ternpore
947 1460 1081 1539 Caluini,
1094 1465 1230 1525 testatur
1244 1463 1328 1526 Bezu
1342 1462 1375 1525 in
1386 1463 1453 1545 ejus
1475 1459 1559 1526 Vici:
1585 1461 1639 1524 ubi
1656 1462 1695 1523 de
1707 1467 1778 1524 tur-

308 1549 387 1611 bone
411 1548 553 1612 Bolseco.
579 1549 627 1612 De
653 1547 805 1614 Ecclesiis
819 1549 959 1634 Belgicis
976 1549 1143 1615 &Gallicis
1156 1550 1188 1613 in
1203 1550 1323 1633 Anglia
1338 1551 1396 1613 sub
1409 1550 1603 1632 inspectione
1618 1549 1779 1613 «Iohannis

308 1641 327 1700 a
349 1636 456 1713 hasco,
471 1638 514 1702 sic
527 1638 595 1722 ipse
609 1637 734 1702 thasco
747 1639 779 1702 iu
793 1637 888 1702 Libro
904 1638 955 1703 cui
972 1638 1021 1702 tit.
1035 1642 1201 1704 Formosa
1217 1640 1297 1704 rudo
1318 1651 1378 1703 loro
1391 1639 1582 1703 ecclesiastici
1599 1640 1778 1715 rrrirrisrerr'r',
1873 1671 1874 1732 3

307 1727 357 1791 &a
370 1749 443 1812 pag.
458 1728 509 1790 84.

357 1815 482 1901 ,Atque
495 1817 604 1880 eadem
618 1819 694 1879 sane
707 1816 811 1880 forrna
824 1840 839 1880 c
860 1817 1009 1881 nciomnn
1021 1817 1132 1881 diebus
1149 1817 1238 1882 Jovis
1252 1817 1349 1882 etiam
1362 1817 1560 1894 observatur,
1573 1839 1655 1900 quae
1668 1819 1690 1882 rt
1705 1817 1779 1880 aliis

309 1927 387 1988 „per
408 1905 638 1970 hebdomadam
663 1905 774 1968 diebus
787 1906 949 1970 observari
965 1907 1062 1970 solet:
1082 1905 1144 1970 nisi
1160 1907 1244 1991 qubd
1261 1907 1409 1970 concione
1422 1906 1579 1981 absoluta,
1593 1907 1615 1970 lc
1627 1905 1778 1988 precihus
1873 1897 1874 1958 ἒ

313 1993 428 2070 ,etiam
439 1989 601 2058 Ecclesiae
617 1994 752 2077 puhlicis
769 1995 1130 2078 alisolutis,priusquam
1148 1995 1294 2058 l‘salnrus
1311 1997 1504 2071 decantetur,
1521 1993 1702 2058 instituitur
1719 2018 1778 2078 pu·

313 2083 413 2159 ,blica
436 2083 665 2166 scripturarum
690 2083 802 2168 lingua
826 2084 950 2168 vulgari
974 2084 1112 2161 collatio,
1138 2106 1234 2169 quam
1256 2083 1462 2168 Prophetiam
1485 2105 1649 2146 vocamus:
1666 2083 1701 2144 iu
1715 2106 1778 2166 qua

311 2172 471 2246 ,doctrina
484 2172 726 2254 praeteritarum
739 2177 808 2236 tota
820 2197 858 2236 ea
869 2173 1068 2238 hebdomade
1084 2173 1270 2237 concionum
1283 2173 1442 2237 excutitur
1458 2170 1593 2254 publice,
1623 2173 1645 2236 u
1660 2195 1776 2254 appro-

312 2261 433 2338 ,hatur,
456 2283 511 2343 per
535 2261 674 2324 locorum
698 2261 730 2324 in
754 2262 918 2345 scripturis
937 2266 1117 2325 accuratam
1141 2263 1360 2326 collationem:
1375 2261 1596 2343 unanimisque
1613 2261 1776 2324 doctrinae

313 2371 499 2426 ,consensus
509 2372 565 2432 per
577 2353 675 2414 totam
694 2348 870 2414 Ecclesiam
884 2351 1050 2416 retinetur.
1074 2350 1264 2414 Extrahitur
1284 2355 1391 2414 autern
1412 2349 1490 2413 haec
1503 2348 1578 2413 talis
1591 2348 1775 2432 Prophetia,

313 2460 385 2514 ,seu
398 2438 558 2501 doetrinae
572 2439 774 2517 examinatio
788 2441 827 2503 ad
840 2439 937 2504 horae
948 2438 1040 2503 unius
1056 2440 1213 2522 spatium:
1238 2439 1420 2504 &Psalmus
1433 2439 1544 2502 deinde
1557 2437 1693 2502 canitur.
1707 2437 1776 2512 Quo

312 2526 420 2603 ,linito
445 2526 617 2590 dimittitur
640 2526 782 2591 Ecclesia
795 2551 881 2592 more
894 2551 985 2611 supr.¹
999 2528 1126 2612 scripto,
1140 2550 1211 2592 cum
1225 2527 1451 2592 benedictione.
1476 2525 1538 2591 Sed
1554 2526 1705 2612 quoniam
1718 2527 1774 2590 dn-

308 2615 443 2698 „plicem
459 2616 614 2680 habemus
631 2616 820 2700 l'roplretiae
838 2641 939 2694 usum,
953 2617 1088 2681 alterum
1103 2617 1134 2680 iu
1150 2617 1348 2694 Germanica,
1372 2617 1508 2680 altmum
1521 2620 1595 2679 verb
1608 2615 1639 2678 in
1653 2614 1774 2679 Gallica

315 2704 482 2782 ,Ecclesia
497 2709 667 2791 utrumque
681 2709 767 2783 saue,
780 2709 802 2771 11
817 2707 928 2770 utilem
936 2705 1109 2784 Ecclesiae,
1123 2709 1146 2772 11
1158 2707 1324 2789 scripturis
1335 2709 1593 2770 consentaneum:
1611 2703 1772 2787 utriusque

314 2794 413 2871 ,ratio
428 2793 518 2857 nobis
531 2795 717 2878 explicanda
728 2795 825 2858 etiarn
840 2799 918 2859 erat.

352 2881 474 2946 Ibidem
497 2904 570 2968 pag.
594 2883 666 2947 107.
691 2885 714 2948 11
733 2907 820 2967 seqq.
834 2885 948 2949 arcodus
960 2907 996 2950 uc
1007 2885 1087 2949 rado
1104 2885 1335 2969 Proplrcliaor'a
1351 2887 1585 2950 Germanorum
1598 2883 1643 2946 sic
1650 2881 1771 2966 plenius

307 2970 505 3036 describitur.

358 3057 472 3136 „Ratio
496 3060 688 3144 Prophetiae
716 3061 749 3124 in
774 3059 1005 3126 Germanorum
1028 3061 1180 3140 Ecclesia,
1201 3063 1279 3126 haec
1305 3067 1353 3126 est
1368 3061 1436 3124 visa
1452 3061 1519 3124 fore
1533 3059 1673 3132 maxime
1685 3059 1768 3122 utilis

313 3149 389 3226 ,toti
405 3148 577 3228 Ecclesiae,
596 3149 674 3213 utin
692 3149 748 3213 illa
761 3155 993 3228 excuterentur,
1015 3150 1038 3215 t
1054 3151 1307 3234 approbarentur
1319 3150 1425 3214 omnia
1442 3153 1511 3233 (per
1523 3152 1669 3212 mutuam
1684 3147 1767 3212 loco-

315 3259 403 3314 ,rum
429 3240 445 3300 a
474 3238 639 3322 scripturis
663 3239 878 3320 collationem)
900 3240 1027 3325 quaein
1045 3241 1222 3324 totiusejus
1239 3239 1444 3304 hebdomadis
1464 3237 1668 3302 concionibus
1677 3236 1766 3300 videri

313 3330 488 3410 ,poterant
516 3327 564 3390 vel
584 3349 647 3390 non
668 3329 761 3406 recte,
776 3329 824 3391 vel
838 3351 900 3392 uon
914 3330 1095 3414 adplenum
1108 3329 1236 3392 omnino
1251 3329 1348 3392 fuisse
1362 3327 1530 3410 explicata.
1556 3325 1624 3390 nuc
1636 3325 1765 3408 qualem·

312 3437 454 3499 ,cunque
478 3415 607 3480 tandem
626 3415 658 3478 in
683 3416 797 3480 animis
810 3417 989 3481 auditorum
1003 3417 1234 3482 dubitationem
1247 3417 1329 3482 forte
1343 3415 1445 3480 adhuc
1457 3415 1671 3502 reliquissent.
1694 3413 1765 3478 Cum

312 3504 415 3582 ,enim
436 3525 592 3587 nusquam
617 3504 744 3568 aliunde
757 3507 829 3588 plus
842 3505 1008 3570 imminere
1023 3529 1113 3589 posse
1126 3507 1259 3589 periculi
1272 3509 1395 3570 constet
1406 3505 1440 3568 in
1452 3504 1600 3568 omnibus
1613 3501 1764 3574 Ecclesiis,

313 3615 426 3677 ,quam
455 3615 495 3656 ex
518 3592 678 3657 doctrinae
698 3593 854 3658 dissidiis:
885 3595 966 3658 nihil
980 3598 1055 3659 sane
1068 3597 1168 3678 aeque
1181 3596 1278 3659 etiam
1294 3595 1371 3658 utile
1384 3616 1451 3658 esse
1463 3593 1612 3676 potestiu
1628 3591 1763 3656 omuibus

312 3681 491 3761 ,Ecclesiia
506 3704 602 3764 quam
614 3687 650 3746 ut
664 3683 823 3748 unanimis
840 3684 1000 3748 doctrinae
1013 3705 1183 3748 consensus
1200 3684 1310 3747 inillis
1323 3687 1374 3768 (ex
1388 3682 1484 3746 verbo
1500 3681 1574 3762 Dei)
1588 3682 1764 3746 retineatur.

313 3772 381 3850 ,Ad
405 3793 500 3857 quem
524 3771 670 3854 equidem
694 3771 894 3836 retinendum
907 3776 1003 3856 atque
1020 3773 1285 3852 etiamaleudum,
1299 3772 1351 3836 vix
1364 3770 1537 3854 quidquam
1550 3769 1661 3834 haberi
1680 3789 1761 3833 erru-

312 3860 490 3946 ,gitarique
511 3860 600 3946 [pag.
617 3859 697 3945 876]
726 3864 840 3942 potest,
858 3866 913 3925 aut
925 3862 1049 3932 melius,
1063 3865 1119 3925 aut
1131 3861 1335 3939 commodius,
1349 3864 1405 3924 aut
1420 3861 1518 3926 ctiam
1531 3859 1697 3936 efficacius,
1708 3855 1762 3919 hac

313 3949 388 4027 ,tali
401 3949 530 4031 publica
546 3947 707 4012 doctrinae
720 3947 940 4014 Ministrorum
954 3950 1308 4033 examinationemque
1324 3949 1563 4033 approbatione.

356 4037 434 4114 „Die
458 4035 480 4101 J
481 4038 549 4102 ovis
573 4037 683 4122 igitur,
711 4038 770 4101 sub
783 4039 878 4103 finem
892 4039 1061 4118 concionis,
1072 4061 1152 4124 quae
1166 4038 1243 4102 hora
1256 4038 1484 4122 propemodum
1497 4059 1579 4102 nona
1592 4043 1664 4102 ante
1677 4036 1760 4098 ureri-

313 4126 414 4206 ,diem
435 4125 582 4204 habetur,
611 4126 819 4192 Ecclesiastes
843 4128 910 4212 ipse
933 4128 1082 4192 hortatur
1094 4125 1239 4191 Seniores
1256 4127 1427 4204 Ecclesiae,
1441 4129 1586 4192 &omnes
1599 4149 1651 4190 eos
1665 4123 1712 4208 qui
1723 4121 1760 4184 ad

313 4215 549 4301 ,proponendas
576 4215 768 4298 objectiones
781 4217 941 4302 designati
957 4221 1040 4294 sunt,
1062 4217 1101 4279 ed
1114 4216 1338 4300 proferendum
1351 4217 1385 4280 in
1398 4215 1537 4280 medium
1554 4214 1680 4298 aliquid,
1694 4231 1760 4274 cum

313 4303 417 4384 ,omni
440 4303 594 4367 modestia
621 4305 824 4389 &gravitate
842 4307 881 4370 ad
898 4305 1058 4370 Ecclesiae
1072 4305 1332 4383 aedificationem,
1353 4327 1416 4369 non
1427 4307 1535 4370 autem
1545 4305 1584 4370 ad
1597 4323 1700 4368 vanam
1711 4321 1759 4362 os·

313 4391 549 4471 „tentationem
574 4391 622 4456 Ac
641 4396 710 4455 tum
724 4391 864 4458 Ministri
876 4396 1032 4459 rationem
1049 4395 1183 4459 reddunt
1195 4394 1356 4460 doctrinae
1369 4417 1455 4475 suae,
1468 4395 1500 4458 iu
1514 4395 1582 4478 ejus
1598 4391 1757 4457 hebdoma-

313 4479 379 4559 ‚dis
395 4478 597 4545 concionibus
609 4480 757 4562 traditae,
770 4482 797 4546 si
813 4483 889 4566 quid
901 4483 1050 4548 adversus
1060 4483 1150 4548 illam
1163 4483 1343 4568 objiciatur.
1701 4473 1760 4551 ,Εἴ
