3752 4858
271 311 383 382 'l'arcn
397 313 439 385 ΙΙ.
463 314 552 382 Scor.
564 313 621 382 IV.
645 313 693 380 Da
706 313 823 380 Ooauln
836 303 1006 378 Dournrraa
1020 311 1306 379 Aorrnrsrnnrroua.
1331 307 1456 380 01111.
1529 314 1595 385 269
1676 369 1681 378 .

129 503 288 584 liaatione,
302 503 342 568 ab
354 501 415 568 hac
430 502 534 588 specie
546 505 569 570 81
582 501 743 567 occasione
756 501 842 580 mali,
857 502 997 587 allegare
1013 501 1132 580 liceret,
1146 502 1185 566 ad
1197 503 1279 566 tales
1291 502 1431 586 corporis
1444 509 1555 590 gestus
1570 507 1595 587 ‚b

131 591 212 656 situs
229 592 261 656 in
282 591 439 676 precibus.
457 614 515 656 nec
534 592 694 670 mandato,
707 613 764 655 nec
776 592 922 675 exemplo
934 590 1053 655 Christi
1065 592 1088 655 a
1101 588 1290 655 Sanctorum
1303 613 1360 654 nos
1372 592 1526 678 obligari:
1541 598 1596 662 sed

128 685 200 746 tutb
212 681 424 745 observandos
437 685 532 766 atque
543 680 724 758 imitandos,
737 701 839 764 prore
853 683 928 744 nata
944 683 1053 764 gestus
1066 681 1089 745 11
1102 679 1183 744 situs
1195 683 1349 764 tanquam
1360 680 1595 750 humiliationis

7 771 8 774 ’
129 774 268 850 nostrae,
292 769 358 834 sive
373 773 482 853 partes
494 770 560 834 sive
572 769 690 834 indices
707 771 725 832 11
740 768 866 834 Christo
879 771 902 834 81
914 767 1038 833 Sanctis
1051 767 1221 832 adhibitos.
1247 767 1294 832 De
1308 769 1423 852 quibus
1436 773 1514 836 certi
1528 795 1596 838 esse

129 880 310 943 possumne,
327 858 412 944 quod
426 880 489 922 non
505 858 570 922 sint
585 857 701 936 illiciti,
714 861 867 942 tanquam
876 858 940 941 juri
956 857 1063 920 divino
1077 859 1134 920 aut
1144 857 1285 922 naturali
1298 864 1525 942 repugnantes,
1540 885 1597 926 nec

129 969 187 1031 per
199 969 234 1012 se
247 969 319 1012 cum
331 946 610 1030 superstitionibus
623 946 822 1030 precantium
833 945 1309 1030 idololatrarumsymbolizant:
1319 947 1374 1010 sed
1383 952 1501 1030 contra,
1514 952 1598 1034 quod

129 1036 192 1100 tuti
216 1037 291 1116 sint,
316 1035 430 1114 decori,
454 1035 686 1100 convenientes.
710 1033 793 1110 Quid
816 1034 843 1099 si
867 1033 942 1099 huic
965 1034 1123 1099 communi
1143 1033 1379 1098 Christianismi
1391 1040 1597 1106 consensui&

130 1125 234 1209 praxi,
257 1127 460 1208 opponantur
482 1124 612 1188 inutiles
635 1123 709 1188 illae
727 1123 933 1202 subtilitates,
951 1123 989 1186 de
1002 1123 1162 1187 entalibus
1174 1126 1312 1206 quatuor
1324 1125 1597 1207 praedicamento-

129 1235 211 1292 rum,
233 1235 369 1297 quornm
392 1235 491 1277 unum
514 1213 594 1278 silua
618 1212 685 1276 scil.
711 1211 953 1298 (genuflexionis
977 1212 1055 1292 scil,
1080 1216 1137 1276 aut
1153 1212 1291 1296 corporis
1304 1213 1528 1295 inclinationis,
1542 1221 1599 1281 aut

129 1301 324 1366 extensionis
342 1323 505 1380 manuum,
518 1303 581 1380 bc.)
598 1301 631 1364 in
644 1300 844 1366 orationibus
856 1301 992 1384 publicis
1005 1304 1061 1365 aut
1073 1300 1207 1384 privatis
1220 1301 1370 1365 mandato
1382 1301 1443 1366 Dei
1455 1304 1479 1369 11
1490 1327 1597 1369 exem·

129 1392 182 1476 plo
207 1389 327 1455 Christi
351 1411 388 1454 ac
411 1388 600 1455 Sanctorum
623 1413 681 1454 nec
704 1389 850 1454 adhiberi
874 1411 933 1454 neo
952 1388 1077 1454 suaderi
1090 1393 1207 1473 posset,
1225 1391 1302 1474 quin
1315 1389 1410 1454 simul
1424 1393 1595 1458 eorundem

129 1480 277 1563 exemplo
300 1479 427 1543 suaderi
450 1479 578 1545 deberet
601 1477 806 1544 conformitas
829 1479 863 1542 in
885 1478 1150 1562 praedicamentis
1174 1479 1388 1564 (pernoctanti,
1402 1479 1544 1546 tabitam:
1560 1487 1597 1546 ut

7 1593 8 1596 ¹
129 1568 245 1633 ecilin
261 1567 444 1632 inconsutili
460 1567 578 1647 tunica,
595 1567 628 1631 in
641 1567 787 1652 poenula,
800 1567 833 1631 in
843 1572 930 1632 veste
943 1567 1054 1651 pilosa,
1066 1569 1197 1651 propter
1210 1567 1353 1648 fluvium,
1367 1569 1426 1633 sub
1435 1570 1595 1655 junipero,

129 1657 162 1720 in
186 1659 305 1732 monte,
329 1655 363 1719 in
385 1657 511 1734 ὑπερῴῳ,
537 1656 571 1719 in
595 1656 686 1734 lecto,
703 1660 805 1736 nocte,
817 1677 921 1737 mane,
938 1656 971 1719 in
983 1655 1125 1735 meridie,
1143 1656 1262 1740 apertis
1274 1657 1433 1739 fenestris,
1452 1660 1596 1744 exemplo

129 1744 262 1824 Christi,
286 1743 388 1822 Eliae,
413 1743 568 1824 Danielis,
592 1743 733 1824 Davidis,
759 1743 863 1823 Pauli,
883 1746 934 1811 810.
948 1749 1085 1809 orarent.
1110 1743 1179 1809 Hoc
1192 1745 1329 1811 absurdo
1345 1754 1557 1831 consequente
1571 1749 1597 1812 si

129 1833 203 1918 quis
215 1837 341 1918 premat
352 1833 564 1898 imitationem
575 1832 656 1898 situs
668 1833 752 1898 inter
764 1834 929 1913 orandum,
942 1833 1037 1898 velim
1049 1833 1155 1898 videre
1167 1834 1245 1917 qnid
1257 1835 1594 1918 praedicamentalium

130 1923 224 2008 [pag.
242 1922 323 2007 819]
340 1921 556 1986 subtilitatum
571 1921 681 1996 εὐρέται
693 1923 875 2006 responsuri
887 1923 961 2002 sint,
975 1926 1011 1986 ut
1023 1921 1152 2006 propria
1164 1922 1271 1988 vineta
1283 1946 1346 1988 non
1359 1925 1501 1989 caedant.

175 2009 236 2076 ΙΙΙ.
261 2009 436 2075 Observata
460 2012 557 2088 terlio,
582 2033 679 2094 quam
702 2010 815 2076 debeat
838 2033 931 2076 omne
949 2012 1068 2096 [acl-rem
1087 2013 1320 2096 exemplareita
1333 2035 1400 2078 esse
1413 2019 1546 2094 certum,
1560 2019 1597 2079 ut

135 2121 217 2178 ,non
233 2103 341 2184 posset
353 2099 474 2184 negari,
490 2101 539 2166 &a
552 2098 828 2172 illucescens,
844 2101 927 2185 quod
939 2103 988 2164 est
1000 2099 1034 2163 in
1046 2100 1233 2185 euangeliis,
1246 2123 1286 2166 an
1298 2102 1472 2166 noninnuit
1484 2102 1598 2167 saltem

135 2193 283 2274 ,gestum
307 2187 513 2268 triclinarem,
538 2189 588 2253 bc.
611 2186 680 2253 Imb
704 2187 833 2254 omnino
856 2210 938 2274 nego
951 2211 989 2253 ex
1002 2189 1069 2253 solo
1082 2211 1141 2253 usu
1153 2189 1247 2253 istius
1259 2189 1405 2254 vocabuli
1421 2213 1514 2274 posse
1525 2214 1599 2275 pro·

134 2277 226 2355 ,bari
247 2280 367 2341 certam
382 2276 523 2360 aliquam
539 2277 667 2360 speciem
679 2279 769 2358 ailae,
781 2277 831 2342 110.
845 2277 1028 2362 significant
1040 2299 1117 2362 ergo
1129 2277 1204 2342 illae
1220 2278 1373 2344 dictiones
1389 2301 1427 2344 ca
1438 2283 1599 2347 macariani

136 2387 219 2445 ,aaa
241 2365 396 2452 1011000111,
421 2369 526 2430 actum
547 2365 639 2430 illum
663 2389 726 2450 quo
742 2389 799 2430 nos
815 2366 973 2430 destinati)
989 2367 1187 2450 applicamus
1207 2367 1303 2433 alicui
1317 2369 1385 2434 loco
1400 2369 1522 2449 idoneo,
1536 2371 1599 2436 cibi

136 2453 301 2539 ,capiendi
312 2458 417 2532 canat,
430 2475 629 2538 quorumque
642 2456 769 2519 demum
784 2456 847 2521 1110
860 2455 910 2520 vel
922 2456 1068 2539 11001ιο111
1079 2456 1219 2540 corporis
1236 2456 1267 2520 id
1276 2457 1343 2537 fiat,
1352 2469 1445 2538 alala,
1454 2461 1599 2538 sessione,

136 2543 730 2629 ,1119εηὶ10010ιο111110111001011111
746 2544 840 2623 dicto,
857 2545 907 2608 rel
920 2545 1063 2629 quolibet
1075 2545 1148 2608 alio.
1174 2546 1262 2629 Resp.
1276 2545 1348 2610 Non
1362 2546 1461 2611 fuisse
1473 2549 1607 2634 ingenit

131 2633 326 2698 culationem
351 2635 369 2696 a
395 2630 522 2696 Christo
546 2632 569 2696 11
591 2631 755 2716 Apostolis
767 2636 843 2697 tnnc
855 2633 1043 2710 adhibitam,
1056 2633 1111 2697 sed
1124 2638 1251 2718 gestum
1263 2635 1470 2714 mensurium,
1483 2657 1522 2700 ex
1538 2638 1600 2701 cir-

131 2721 335 2786 cumstantiis
355 2724 461 2785 textus
477 2741 539 2784 non
552 2724 679 2784 tantum
691 2721 865 2787 admodum
876 2721 1076 2805 probabiliter
1088 2722 1186 2808 (quod
1198 2722 1265 2806 ipse
1277 2724 1432 2806 concedit)
1446 2725 1500 2789 sed
1514 2729 1600 2790 certb

132 2809 243 2895 colligi
258 2812 375 2893 potest.
398 2807 479 2873 Cum
490 2813 598 2874 autem
611 2810 694 2893 apud
707 2808 878 2890 Romanos,
889 2809 912 2874 J
913 2811 1039 2890 udaeos,
1052 2810 1132 2875 alias
1144 2833 1348 2896 quascunque
1360 2817 1473 2897 gentes
1486 2814 1601 2878 saltem

131 2897 225 2962 flexis
249 2897 385 2982 genibus
397 2897 486 2963 cibus
498 2898 579 2981 capi,
592 2898 738 2963 convivia
750 2898 904 2963 celebrari
917 2921 979 2963 non
991 2899 1094 2964 solent
1107 2899 1182 2986 (nisi
1195 2897 1276 2965 forte
1287 2900 1395 2986 aliqua
1404 2901 1600 2966 inevitabilis

132 2986 307 3052 necessitas
330 2989 452 3070 cogat);
476 2987 501 3051 11
523 2985 703 3071 genuflexio
719 2987 753 3052 in
765 2986 870 3052 Coena
882 2987 925 3052 sit
936 2988 1049 3052 solitus
1063 2991 1158 3072 atque
1175 2989 1400 3072 appropriatus
1412 2991 1600 3056 artolatriae

132 3075 233 3144 etiam
259 3073 354 3140 hodie
377 3074 570 3140 dominantis
595 3079 714 3160 gestus,
741 3076 910 3140 tricliniari
934 3077 1108 3160 cuicunque
1124 3077 1229 3160 gestui
1242 3078 1395 3142 substitui
1406 3101 1468 3143 non
1483 3083 1599 3164 potest,

133 3163 202 3228 sine
225 3163 379 3230 indirecta
402 3165 425 3230 81
448 3163 692 3247 interpretativa
714 3164 949 3249 superstitione.
974 3163 1046 3229 Huc
1061 3165 1251 3250 applicanda
1263 3165 1383 3231 invicta
1399 3173 1599 3253 argumenta,

132 3273 218 3336 quae
240 3255 260 3316 ie
282 3251 373 3317 nobis
397 3274 434 3316 ex
459 3250 642 3336 Scriptnris,
665 3255 832 3318 accedente
844 3253 976 3318 Petrum
989 3275 1140 3318 consensu
1158 3253 1257 3318 allata
1269 3260 1343 3320 sunt
1354 3256 1390 3320 ia
1403 3259 1492 3322 Part.
1505 3259 1600 3322 select.

133 3342 249 3426 Diapp.
275 3342 320 3405 o'r.
345 3341 384 3408 de
405 3341 589 3408 [merlaria
605 3342 767 3408 indirectct.
793 3341 932 3406 Tantum
952 3340 1005 3407 hic
1017 3343 1199 3407 meditanda
1213 3344 1322 3409 offero.
1342 3345 1356 3408 l
1377 3346 1516 3410 Corinth.
1538 3347 1605 3412 th&

137 3431 189 3493 10.
213 3429 252 3493 de
275 3429 472 3514 idolothytis,
497 3431 520 3496 11
543 3430 580 3494 de
605 3431 737 3496 excelsis
763 3432 871 3516 2Rep.
888 3431 939 3495 18.
964 3431 1142 3516 2110101111.
1162 3432 1213 3495 15.
1237 3431 1281 3497 Et
1293 3434 1331 3497 de
1343 3455 1406 3498 non
1419 3436 1602 3519 usurpando

133 3517 263 3584 nomine
282 3517 375 3598 baali,
391 3519 446 3583 sed
462 3519 685 3584 commutando
696 3541 769 3584 cum
781 3520 908 3584 nomine
924 3521 1021 3585 lechi:
1034 3543 1115 3606 quae
1129 3524 1263 3605 utraque
1275 3525 1382 3586 tamen
1395 3524 1527 3588 eandem
1540 3523 1600 3588 ha-

136 3609 213 3672 bent
224 3607 508 3692 significationem:
521 3607 605 3691 quod
616 3609 784 3692 tyronibus
795 3607 829 3672 in
840 3609 953 3694 lingna
964 3607 1113 3674 Hebraea
1125 3609 1205 3674 haut
1216 3610 1364 3695 ignotum
1378 3616 1437 3676 est.
1459 3611 1502 3676 111
1515 3611 1601 3677 Deus

134 3698 261 3761 exserte
273 3697 455 3780 appellatur
466 3697 536 3764 boat
546 3697 626 3762 lesa.
640 3696 777 3767 5105.
794 3696 877 3762 Vide
893 3697 968 3762 llos.
982 3699 1012 3763 2.
1025 3719 1054 3764 o.
1068 3699 1120 3762 15.
1136 3697 1187 3764 16.
1202 3701 1225 3766 81
1237 3699 1283 3764 ibi
1297 3700 1424 3784 quosvis
1439 3703 1602 3766 Commea-

135 3797 260 3852 marca.

180 3871 272 3948 Quod
284 3873 324 3937 ad
337 3873 441 3940 crisim
455 3874 538 3940 circa
550 3895 656 3940 vocem
669 3873 844 3939 susanam
860 3875 967 3940 Mutela.
981 3877 1034 3940 26.
1046 3897 1075 3940 u.
1083 3877 1135 3940 20.
1144 3875 1273 3940 remitto
1281 3875 1443 3943 hectorem
1453 3879 1493 3944 ad
1504 3879 1605 3946 Grolii

134 3964 234 4031 Notas
256 3962 292 4028 ia
306 3963 513 4030 1101111261.
530 3964 582 4028 20.
599 3963 698 4030 11101.
716 3961 838 4048 &sama
850 3965 1018 4050 Balcnpcrl
1030 3964 1096 4030 Lib.
1112 3964 1137 4029 l.
1150 3965 1188 4030 dc
1202 3966 1357 4032 0011010111
1372 3987 1439 4051 cop.
1459 3967 1601 4032 30-24.

134 4051 220 4116 unde
240 4051 340 4118 discet
355 4051 438 4136 apud
454 4051 613 4136 Assyrios,
627 4051 773 4130 Graecos
786 4051 958 4132 Romanos,
971 4075 1033 4117 non
1045 4057 1183 4132 tantum,
1195 4055 1249 4118 sed
1262 4055 1284 4121 t
1298 4055 1381 4138 apud
1392 4055 1532 4120 ,ludaeos
1545 4058 1603 4121 ob·

133 4139 271 4206 tinuisse
284 4163 403 4204 morem
421 4139 452 4204 in
475 4139 627 4205 conviviis
640 4141 856 4206 discumbendi
869 4165 924 4206 seu
938 4143 1152 4207 accumbendi.
1176 4141 1387 4208 Conterantur
1400 4145 1507 4226 etiam,
1522 4169 1603 4233 (prae

134 4231 174 4294 de
191 4228 338 4294 accnbitu
360 4228 445 4314 apud
460 4227 598 4294 Judaeos
614 4229 646 4293 in
659 4229 804 4294 convivio
815 4230 969 4314 paschali,
983 4253 1020 4294 ex
1037 4229 1256 4296 'thalmudicis
1268 4232 1395 4298 adducit
1407 4233 1477 4300 1011.
1492 4237 1603 4320 hiphl-

134 4321 252 4403 lcotua,
266 4318 299 4382 ia
313 4318 407 4383 Hera'a
416 4317 575 4382 Hebraicis
587 4319 630 4384 ad
645 4319 753 4384 Maera.
768 4319 862 4383 100.
877 4321 930 4384 20.

182 4403 241 4472 IV.
271 4405 462 4486 ,Observata
486 4417 608 4492 quarto,
633 4429 728 4472 novos
753 4407 846 4472 hosce
869 4408 1021 4472 Doctores
1035 4413 1160 4474 nostros
1174 4408 1238 4494 legi
1255 4409 1314 4492 illi,
1327 4433 1421 4496 quarn
1435 4411 1481 4476 ita
1496 4414 1604 4476 severe

1496 4501 1603 4584 impo-
