3736 4860
326 306 438 379 'I'arcu
450 309 494 377 ll.
512 302 604 378 Scor.
617 301 676 378 ΙῙῙ.
700 311 750 378 Dc
763 311 1041 380 Anmmsrarrrora
1055 307 1211 380 Burrieni.
1240 309 1312 382 Gar.
1326 309 1385 382 ΙΙΙ.
1532 313 1595 382 157

163 495 220 562 An
243 495 272 562 si
295 495 367 581 quis
383 518 468 562 nnnc
479 496 934 581 baptizaratinnominedesu
948 497 1079 580 Christi,
1093 505 1176 566 esset
1186 465 1280 566 ierus
1292 502 1502 586 Baptismus?
1516 503 1595 570 ibid.

111 585 137 650 lt
165 584 251 650 dicit
273 605 341 650 esse
356 585 487 670 maius
499 586 632 650 dubium
644 583 787 670 proirime
801 588 1011 671 praecedenti.
1026 587 1098 673 lpse
1109 593 1218 654 tamen
1231 591 1376 674 sequitur
1387 591 1595 672 affirmantes,

112 672 271 738 adductis
284 695 339 738 sex
352 673 542 739 rationibus.
586 681 590 688 '
990 677 992 682 ’

161 761 221 827 An
233 761 415 846 copulativa
426 761 458 829 a
469 763 512 827 sit
522 762 562 828 de
573 763 711 828 essentia
723 763 879 848 Baptismi
891 783 948 829 sea
966 765 1004 830 de
1016 765 1196 830 substantie
1209 767 1426 833 sacramenti?
1438 768 1519 834 ibid.

160 853 220 917 An
230 873 293 915 vox
308 871 402 916 amen
413 853 456 916 sit
467 851 505 915 de
519 852 657 916 essentia
668 851 799 917 formae.
813 853 892 918 ibid.

163 939 262 1003 Adde
284 960 368 1004 nunc
390 962 429 1004 ex
444 941 590 1006 Durants
601 943 656 1006 loc.
668 940 716 1006 cit.
730 939 807 1005 Non
817 941 887 1006 fieri
900 943 1112 1028 Bapt'srnum,
1125 941 1153 1007 si
1165 943 1298 1022 dicatur,
1311 945 1436 1029 baptizo
1449 957 1476 1011 te
1487 947 1523 1012 in
1534 967 1593 1012 na·

113 1029 211 1092 muse
222 1027 321 1092 trium
331 1047 561 1111 persortarum:
572 1028 623 1092 vel
635 1030 671 1092 in
681 1029 809 1094 nomine
825 1031 975 1097 trinitatis
984 1056 995 1106 ‚·
1008 1032 1058 1095 vel
1074 1031 1109 1095 in
1120 1033 1248 1096 nomine
1264 1033 1397 1098 Christi:
1422 1035 1470 1098 vel
1495 1036 1523 1099 si
1535 1037 1594 1099 ba-

108 1115 293 1200 ptizaverit
303 1115 338 1178 in
349 1116 452 1180 tribus
465 1116 640 1200 principiis,
652 1121 709 1181 aut
723 1117 757 1180 in
769 1118 872 1182 tribus
884 1119 970 1200 filiis,
982 1124 1039 1184 aut
1050 1118 1084 1181 in
1096 1119 1199 1184 tribus
1212 1121 1385 1203 paraclitis:
1399 1123 1450 1186 vel
1459 1123 1486 1186 si
1496 1125 1592 1187 omit·

107 1209 210 1268 tatur
233 1203 343 1287 aliqua
365 1204 403 1268 de
426 1205 528 1269 tribus
544 1205 705 1287 personis:
730 1206 780 1269 vel
799 1206 965 1287 diceretur,
979 1210 1011 1272 in
1023 1208 1151 1272 nomine
1160 1209 1360 1291 paternitatis
1372 1209 1403 1276 a·
1414 1212 1588 1297 filiationis,

107 1293 165 1358 bc.
179 1293 303 1376 Ariapa
314 1292 357 1357 ad
366 1293 397 1356 3.
415 1293 550 1358 Tbomae
560 1294 653 1377 Disp.
666 1293 719 1357 et.
731 1295 769 1358 de
781 1294 990 1362 Sanomsntis
1002 1307 1070 1361 sect.
1084 1297 1113 1359 3.
1128 1297 1257 1362 subsert.
1271 1301 1298 1360 l.
1308 1297 1467 1380 disquirit,
1479 1299 1517 1362 de
1527 1299 1587 1364 hbe

56 1415 61 1422 ·
106 1380 235 1459 forma,
263 1381 298 1445 ln
318 1381 446 1446 nomine
458 1381 583 1458 Cbristi,
600 1380 630 1446 bl·
640 1383 675 1446 in
690 1383 819 1447 nomine
834 1385 1005 1450 Trinitatis.
1019 1383 1057 1450 In
1069 1405 1149 1470 seqq.
1162 1384 1305 1468 disputat
1317 1386 1355 1448 de
1368 1386 1439 1449 aliis
1451 1383 1586 1470 quibus·

107 1469 193 1533 dam
210 1469 333 1546 formis,
347 1490 386 1532 ex
405 1469 606 1553 Viooldojam
618 1470 792 1534 recensitis.
1138 1499 1143 1508 ·

157 1555 256 1622 Haec
267 1555 425 1620 laboriosa
436 1558 610 1622 certamina
625 1559 765 1641 pulveris
777 1559 884 1644 exigui
893 1562 982 1645 jactu
993 1583 1173 1644 compressa
1184 1562 1362 1644 quiescunt,
1374 1563 1399 1626 si
1414 1563 1500 1628 dicas
1508 1586 1591 1628 con·

1 1637 2 1640 ¹
107 1650 213 1730 cepta
224 1645 333 1723 verba,
346 1645 513 1710 articulate
526 1667 562 1710 ac
574 1646 758 1728 syllabatim
770 1647 816 1712 sic
827 1650 1034 1731 pronuntiata
1049 1671 1112 1714 non
1124 1671 1192 1714 esse
1205 1649 1342 1715 sormam
1355 1650 1529 1734 Baptismi:
1547 1652 1592 1717 Et

107 1739 231 1799 contra
243 1733 463 1800 Scholastioos:
475 1735 518 1799 ad
534 1736 565 1798 3.
583 1735 717 1800 Tbomae
728 1757 781 1820 qu.
798 1737 849 1800 66.
863 1739 951 1803 artie.
968 1739 997 1801 5.
1011 1742 1120 1802 teneas
1132 1737 1230 1802 verba
1243 1739 1309 1817 illa,
1323 1744 1359 1803 ut
1371 1740 1395 1804 b
1407 1739 1471 1804 alia
1482 1741 1590 1805 omnia

108 1821 228 1900 verba,
242 1822 442 1905 pronuntiari
454 1826 592 1901 tantum,
609 1825 645 1886 nt
655 1823 846 1908 significent,
855 1825 949 1909 juxta
961 1841 1160 1890 communem
1177 1827 1367 1890 sententiam
1382 1828 1591 1916 Philosopbo-

107 1931 195 1977 rum
219 1932 260 1974 ex
281 1909 346 1974 bib.
376 1910 404 1974 1.
429 1911 467 1975 de
478 1911 734 1996 interpretatione
748 1933 813 1997 cap.
832 1916 859 1977 1.
874 1912 938 1978 Ubi
950 1937 1041 1979 voces
1058 1914 1261 1993 definiuntur,
1275 1917 1359 1999 qaod
1370 1917 1435 1980 sint
1447 1917 1588 2003 symbola

107 1999 242 2082 (notae)
264 1999 460 2082 passionum,
484 2021 564 2084 quae
585 2011 660 2065 sant
682 2001 719 2065 in
741 2002 862 2080 animi,
876 2003 1590 2090 &quaescribunturnotaeeorumquaesunt

108 2089 150 2153 iu
173 2107 260 2152 voce.
288 2085 383 2153 Ultra
406 2086 497 2152 illum
510 2095 603 2178 usum
616 2109 740 2168 vocam,
758 2089 911 2174 quidquid
922 2091 1066 2176 fingitur,
1079 2091 1119 2154 ad
1130 2092 1371 2175 superstitiones
1383 2093 1591 2178 relegandum

110 2180 178 2242 est.
194 2173 341 2239 Conferri
354 2179 459 2258 potest
472 2177 503 2240 3.
515 2178 607 2260 Pars.
625 2179 719 2243 sobet.
732 2177 846 2262 Dispp.
864 2179 909 2243 tit.
922 2179 960 2244 do
971 2180 1206 2264 Superstitione,
1220 2179 1251 2245 a·
1262 2181 1300 2245 de
1315 2182 1430 2266 Mapid.

157 2261 208 2328 II.
223 2261 348 2343 Quaest.
362 2262 414 2328 Aa
424 2284 495 2349 erpo
507 2265 647 2348 farntula
657 2267 713 2331 illa
726 2266 859 2351 baptizo
872 2278 899 2332 te
909 2267 944 2332 in
955 2270 1083 2334 nornine
1091 2270 1205 2352 patris,
1218 2267 1329 2356 ptum
1344 2270 1476 2354 spiritus
1492 2271 1591 2336 sancti

107 2355 153 2418 sit
178 2352 363 2417 mutanda?
386 2353 476 2437 Resp.
493 2351 637 2418 Minime.
649 2352 808 2419 Nolumus
822 2355 953 2420 verbum
965 2355 1101 2434 visibile,
1115 2356 1174 2422 hoc
1187 2365 1245 2437 est,
1262 2357 1361 2423 ritum
1373 2363 1591 2424 sacramenta-

108 2443 181 2506 lem
195 2439 371 2505 ablab'onis
379 2443 435 2505 aut
443 2441 635 2524 aspersionis
644 2463 712 2507 esse
721 2443 789 2506 sine
797 2443 886 2508 verbi
894 2443 1044 2509 audibilis
1053 2445 1287 2529 praedicatione
1297 2469 1304 2522 ς
1314 2451 1378 2530 qua
1386 2448 1590 2532 significatur

106 2534 188 2594 turn
212 2529 400 2594 mandatam
421 2526 490 2594 tum
514 2530 681 2613 promissio
697 2530 821 2595 divina:
835 2535 871 2595 ut
882 2532 944 2596 fide
956 2533 1208 2617 contemplemur
1218 2535 1290 2618 quis
1302 2535 1385 2614 fluia,
1398 2536 1483 2619 quod
1495 2557 1586 2620 opus,

107 2617 203 2703 quod
215 2617 364 2682 effectum
375 2617 468 2682 istius
484 2618 818 2683 externaeablutionis
829 2623 886 2684 aut
901 2621 1102 2705 aspersionis.
1117 2620 1196 2686 Tale
1207 2627 1313 2687 autem
1326 2624 1460 2688 verbum
1475 2646 1584 2689 coram

107 2706 253 2771 auribus
275 2705 414 2770 fidelium
440 2708 452 2792 ζ
453 2706 640 2790 praesertim
664 2707 817 2791 baptizati
832 2709 866 2772 iu
878 2709 987 2774 adultis
1000 2709 1118 2794 aetate)
1130 2711 1410 2794 pronuntiandam,
1424 2733 1462 2776 ax
1475 2710 1585 2797 Scrip·
1704 2763 1706 2767 .
1768 2723 1771 2732 '

106 2799 191 2860 turb
214 2793 244 2858 si
266 2795 488 2858 accersendum
510 2795 553 2884 sit
576 2796 639 2881 (uti
660 2797 722 2878 est)
735 2796 846 2879 quidni
858 2797 1059 2880 potissimum
1071 2821 1110 2863 ex
1124 2799 1231 2864 Mattlt.
1247 2800 1299 2863 28.
1313 2819 1342 2864 o.
1357 2800 1408 2865 19.
1422 2801 1511 2883 cujus
1525 2801 1581 2864 lux

106 2881 287 2966 imprimis,
310 2885 476 2966 grassante
498 2905 582 2947 nunc
604 2887 693 2968 peste
715 2884 954 2964 antitrinitarib,
972 2887 1198 2970 praeferenda3
1211 2909 1250 2952 ne
1262 2889 1312 2952 vel
1324 2888 1508 2972 ullaspecie
1523 2889 1583 2953 snb

106 2969 262 3036 modium
285 2992 323 3035 ea
346 2974 365 3035 ia
380 2971 471 3036 uobis
487 2971 563 3056 poni
578 2971 731 3036 rideatur.
745 2970 807 3046 Sed
818 2975 992 3038 cavendum
1005 2979 1053 3040 est
1068 2998 1108 3040 ne
1120 2975 1154 3039 in
1166 2975 1308 3058 apicibus
1320 2976 1455 3041 istarum
1468 2998 1582 3042 vocam

108 3079 293 3143 earumque
304 3059 414 3125 ordine
429 3060 659 3125 mnstituamns
671 3061 843 3125 essentiam
855 3064 878 3128 a
889 3060 1025 3128 formam
1038 3063 1214 3148 Baptismi:
1228 3067 1284 3128 aut
1297 3063 1503 3129 efficientiam
1516 3088 1586 3130 rea·

107 3149 181 3213 lem
202 3169 240 3212 ac
263 3148 415 3213 directam
430 3147 678 3233 justificationis,
695 3149 761 3213 sive
772 3151 1033 3236 regenerationis,
1046 3152 1112 3216 sive
1124 3155 1372 3234 praesentaneae
1384 3153 1584 3218 liberationis

4 3295 12 3310 ,
107 3241 131 3302 a
156 3239 301 3320 peraeto,
317 3237 479 3320 &quidem
495 3259 535 3301 ex
545 3241 686 3321 operato,
699 3239 764 3302 sive
777 3239 865 3302 verbi
877 3241 1086 3322 pronuntiati,
1099 3240 1165 3305 sive
1181 3263 1283 3325 aquae
1299 3263 1457 3325 aspersae,
1470 3243 1586 3307 iisdem

106 3323 345 3390 adscribamus.
358 3324 468 3390 Placet
479 3325 637 3390 sententia
648 3325 824 3410 Augustini
835 3330 928 3392 tract.
943 3329 974 3390 5.
986 3329 1019 3392 in
1031 3327 1228 3393 iohannem:
1244 3330 1329 3412 Quid
1339 3343 1383 3396 est
1401 3332 1586 3415 Baptismus

1 3454 2 3463 .
111 3411 265 3482 Christi?
288 3415 449 3478 ameum
476 3433 577 3499 aquae
592 3414 739 3479 incubo.
761 3415 981 3501 Tolleaquam,
994 3430 1115 3483 nonest
1132 3418 1326 3502 Baptismus.
1348 3421 1431 3484 Tolle
1446 3418 1586 3500 emtum,

106 3522 184 3568 nort
199 3513 244 3566 est
256 3502 452 3586 Baptismus.
464 3501 509 3565 at
519 3502 601 3567 illud
613 3500 775 3586 Cypriani,
789 3503 827 3567 de
840 3503 1005 3588 Baptismo
1022 3506 1113 3592 [pag.
1126 3506 1208 3592 678]
1221 3506 1341 3572 Christi
1358 3511 1450 3591 (tom.
1463 3509 1494 3572 3.
1511 3508 1587 3574 edit.

109 3589 257 3655 Pamclii
281 3611 355 3674 pag.
378 3590 469 3673 454.)
482 3589 720 3655 circainitium:
739 3590 898 3670 Qrmniam
909 3595 1052 3660 remissio
1061 3606 1257 3678 maeatarum
1270 3596 1402 3681 siuepor
1416 3596 1587 3676 Christum,
1699 3649 1704 3658 .

106 3681 179 3745 sine
202 3698 261 3762 per
281 3679 346 3742 alia
366 3691 563 3744 samamenta
578 3679 720 3757 donetur,
732 3682 861 3764 proprie
875 3681 1017 3766 Spiritus
1030 3682 1137 3748 Sancti
1148 3695 1202 3762 est,
1215 3683 1247 3750 s·
1261 3685 1324 3768 ipsi
1338 3686 1397 3749 soli
1409 3685 1505 3768 bajus
1517 3685 1586 3772 effi-

106 3767 250 3832 aereae
270 3767 472 3852 privilepium
494 3780 609 3833 ntanet.
643 3767 811 3833 Verbormn
833 3771 1005 3836 solennitas
1027 3773 1110 3836 sami
1121 3772 1272 3838 invocatio
1284 3773 1435 3851 nominis,
1449 3773 1480 3839 li·
1495 3775 1605 3858 sipno,

104 3853 369 3921 institutionibus
391 3857 568 3940 apostolicis
591 3856 794 3923 Sacerdotem
812 3859 999 3926 ministeriis
1010 3859 1168 3936 attributo,
1182 3860 1301 3926 visibile
1313 3861 1464 3926 alebrant
1480 3881 1586 3926 sama-

108 3955 273 4010 mentum.
297 3941 477 4008 Secundum
498 3943 571 4009 illos
583 3967 659 4030 ergo
673 3945 776 4010 verbis
789 3947 1002 4031 pronuntiatis
1013 3948 1177 4027 tribuitur,
1190 3949 1274 4031 quod
1286 3953 1322 4013 ut
1333 3949 1517 4033 adjunctum
1529 3953 1586 4014 aut

1 4062 2 4126 3
105 4033 152 4098 ad
165 4051 331 4097 summum
346 4035 384 4095 ut
395 4053 469 4115 pars
480 4033 648 4116 integralis
660 4035 701 4098 ad
712 4033 955 4100 celebrationem
970 4035 1107 4099 visibilis
1119 4038 1310 4101 sacramenti
1322 4037 1512 4121 pertineant.
1524 4037 1587 4104 Er·

1 4190 2 4210 ,
105 4143 154 4207 go
166 4141 233 4185 non
246 4123 322 4184 sunt
333 4119 446 4200 forma,
459 4125 516 4184 aut
527 4122 673 4187 essentia.
687 4121 755 4188 Nec
769 4123 835 4187 tale
847 4123 924 4206 quid
939 4145 977 4188 ex
990 4123 1055 4189 Lib.
1074 4125 1258 4190 Tertulliani
1269 4127 1307 4190 de
1317 4127 1491 4210 Baptismo,
1504 4127 1585 4194 duo·

1 4255 2 4260 .
105 4210 172 4276 bus
185 4207 290 4274 Libris
304 4208 420 4273 Basilii
430 4209 468 4274 de
477 4210 593 4291 eodem,
605 4212 744 4298 quinque
759 4211 861 4278 Libris
872 4211 1030 4278 Ambrosii
1041 4211 1078 4278 de
1092 4213 1325 4291 Sacramentis;
1337 4216 1479 4299 exsculpi
1492 4219 1585 4299 pote-

1 4321 2 4346 .
106 4297 168 4363 rit.
193 4295 287 4361 Nihil
309 4296 397 4361 aliud
411 4297 580 4362 voluerunt
592 4321 631 4363 ex
643 4301 759 4365 nostns
771 4299 901 4365 Danaus
914 4305 998 4384 part.
1011 4303 1041 4364 t.
1055 4299 1183 4388 Isagog.
1196 4302 1252 4368 lib.
1266 4304 1296 4367 5.
1310 4325 1379 4387 cap.
1395 4305 1448 4369 23.
1462 4304 1585 4384 cumde

1 4409 2 4412 ¹
105 4385 219 4450 forme
229 4404 286 4448 seu
299 4383 440 4454 formula
450 4385 507 4450 ills
519 4387 687 4452 verborum
698 4389 825 4476 scribit:
841 4390 945 4474 Neque
955 4391 1137 4456 ansuinus
1155 4393 1314 4474 supinat
1329 4391 1429 4458 uerbis
1445 4403 1502 4458 aut
1515 4392 1581 4476 spl-

1505 4479 1584 4544 labis
