3752 4858
316 273 380 340 288
709 270 870 344 Ponurorn
885 268 1135 338 Eccansrlsrroan
1159 269 1240 336 Pras
1252 267 1279 336 I.
1303 269 1426 338 Inall.

315 461 473 548 &possint
484 460 670 538 discemere,
687 460 737 525 aa.
750 456 794 522 Et
811 457 828 520 1
848 458 986 524 Cariath.
1005 458 1057 522 14.
1070 461 1171 542 optat,
1183 461 1220 522 nt
1231 480 1340 524 omnes
1353 458 1544 544 prophetent
1555 457 1652 524 Hetr.
1664 459 1696 522 6.
1709 479 1737 522 o.
1751 459 1779 522 l.

317 556 340 618 tc
364 552 507 636 Philipp.
531 552 562 614 3.
584 570 614 614 υ.
636 549 686 612 15.
706 547 757 612 16.
772 546 956 612 exstimulat
969 570 1021 612 eos
1034 547 1074 612 ad
1087 546 1277 632 cognitionis
1289 547 1517 631 perfectionem
1531 547 1625 613 Hebr.
1640 547 1673 614 5.
1684 569 1713 612 υ.
1731 547 1777 610 12.

316 639 520 724 reprehendit
531 661 594 721 eos,
611 638 695 721 quod
710 659 783 700 cum
794 636 978 700 debuissent
991 658 1058 700 esse
1070 633 1234 717 Doctores,
1247 637 1298 704 fac.
1313 640 1328 699 1
1347 637 1485 704 Coriralb.
1500 637 1530 702 3.
1542 657 1571 701 v.
1585 637 1617 701 2.
1631 637 1662 699 3.
1677 659 1778 720 repre·

315 729 412 794 hendi
435 751 488 792 eos
500 727 584 812 qnod
595 727 698 791 adhuc
710 728 818 790 essent
829 725 972 789 carnales
984 725 1007 790 b
1019 725 1101 789 lacte
1113 725 1304 808 indigerent.
1320 724 1394 792 Non
1408 730 1456 791 est
1468 725 1514 790 ita
1526 725 1777 790 rhetoricandnm

217 821 222 830 '
316 823 372 882 aut
395 816 668 901 sophisticandum
690 819 800 879 contra
811 813 1024 898 cognitionem
1037 835 1094 897 per
1106 813 1369 880 catechizationes
1381 815 1617 902 acquirendam,
1630 818 1669 880 ut
1680 813 1778 900 specie

316 908 425 992 aliqua
436 906 601 971 videamur
608 905 699 991 [pag.
714 903 794 988 842]
807 902 1123 967 cumPontificiorum
1138 903 1200 968 fide
1212 903 1379 986 implicita,
1391 927 1472 988 quae
1480 904 1605 982 melius,
1613 903 1778 968 secundum

315 997 411 1080 ipsos,
427 1017 484 1080 per
494 994 711 1080 ignorantiam
724 1013 820 1076 quam
836 1013 892 1075 per
905 990 1069 1055 scientiam
1086 991 1280 1058 definiretur.
1294 993 1338 1056 Et
1350 993 1426 1077 quid
1442 993 1497 1057 fiet
1509 992 1580 1057 istis
1591 993 1625 1056 in
1641 991 1778 1057 Ecclesia

316 1089 424 1148 nostra
446 1083 679 1168 ignorantibus
702 1081 756 1146 ubi
781 1080 952 1164 aliquando
975 1080 1123 1145 haereses
1146 1081 1308 1164 coeperint
1332 1081 1495 1168 grassari?
1518 1080 1588 1157 Quo
1596 1081 1717 1164 jndicio
1729 1085 1779 1144 ant

315 1173 508 1258 praejudicio
531 1173 681 1237 adversus
705 1193 758 1235 eas
781 1168 899 1233 muniti
921 1172 1025 1248 erunt,
1048 1169 1103 1253 qui
1127 1169 1382 1235 ereformatione
1398 1170 1511 1250 edocti,
1528 1175 1603 1235 sunt
1614 1169 1779 1254 cujuslibet

316 1263 475 1327 Ecclesiae
486 1259 651 1326 infallibili
664 1258 840 1337 autoritati,
857 1261 953 1342 atque
966 1281 1030 1322 una
1042 1257 1115 1322 fidei
1127 1259 1332 1324 carbonariae
1344 1260 1551 1324 renuntiare?

360 1353 391 1416 4.
404 1354 530 1436 decept.
541 1349 747 1436 Ignorantiam
759 1347 837 1412 satis
849 1347 971 1411 occurri
982 1351 1088 1430 potest
1099 1347 1374 1433 perscholasticas
1383 1351 1405 1414 tt
1415 1348 1602 1414 domesticas
1610 1347 1777 1414 Parentum

316 1443 339 1508 t
362 1440 608 1524 Praeceptorum
631 1436 920 1503 catechizationes?
936 1438 1027 1520 resp.
1045 1436 1139 1520 longe
1156 1436 1250 1501 aliter
1265 1437 1388 1502 censuit
1403 1435 1549 1522 Synodus
1561 1437 1777 1512 Dordrecena3

316 1551 398 1614 quae
421 1529 544 1594 duabus
566 1528 631 1591 illis
655 1525 776 1591 addidit
800 1525 1038 1590 ecclesiasticas.
1063 1524 1113 1590 De
1137 1525 1254 1608 quibus
1267 1527 1375 1610 aliquo
1388 1527 1481 1590 modo
1497 1525 1558 1591 dici
1570 1531 1689 1610 posset,
1702 1525 1779 1610 quod

315 1620 490 1684 Aristoteles
514 1617 552 1681 de
577 1613 720 1694 Politice,
736 1637 804 1679 esse
816 1636 870 1678 eas
882 1613 1154 1693 architectonicas,
1167 1614 1227 1678 hoc
1240 1619 1289 1680 est
1304 1615 1511 1698 exemplares,
1527 1615 1728 1699 archetypas,
1740 1615 1780 1678 di-

315 1707 462 1773 rectrices
486 1728 522 1771 ac
545 1727 710 1770 mensuras
729 1703 939 1787 reliquarum:
953 1701 1117 1786 Siquidem
1130 1703 1397 1788 perfectissimum
1410 1702 1443 1768 in
1456 1725 1644 1788 unoquoque
1658 1725 1779 1788 genere,

314 1799 405 1881 juxta
428 1797 554 1861 axioma
576 1794 717 1879 ejusdem
740 1791 938 1876 Philosophi,
950 1796 999 1856 est
1014 1813 1163 1857 mensura
1174 1793 1379 1875 reliquorum.
1394 1791 1434 1856 In
1446 1793 1593 1857 omnibus
1606 1791 1779 1858 honestis&

235 1935 238 1942 ,
316 1885 553 1970 praestantibus
565 1882 743 1948 actionibus
756 1881 840 1946 intra
850 1881 970 1944 limites
982 1881 1156 1946 vocationis
1167 1886 1295 1946 nostrae
1307 1880 1564 1961 consistentibus,
1572 1881 1680 1947 locum
1688 1882 1779 1946 habet

316 1975 396 2038 illud
406 1975 534 2054 Poetae,
553 1969 627 2032 Ἀιέν
637 1969 792 2046 ἀριστεύειν
803 1968 851 2030 καὶ
864 1969 1014 2048 ι’πτεῑροχον
1024 1966 1148 2046 ἔμμεναι
1157 1969 1266 2030 ἄλλων.
1281 1970 1343 2034 Per
1355 1970 1583 2036 ecclesiasticas
1595 1971 1780 2036 domesticae
1864 2033 1865 2050 ,

316 2066 339 2130 dt
362 2063 569 2128 scholasticae
582 2061 786 2140 reviviscunt,
799 2061 822 2125 b
834 2081 872 2124 ex
888 2059 928 2123 iis
944 2058 1137 2138 derivantur,
1150 2062 1303 2142 tanquam
1317 2081 1426 2124 earum
1439 2061 1591 2144 exempla,
1604 2063 1777 2136 μιμήματι,
1863 2051 1865 2070 “

306 2153 525 2238 ¹propagines;
550 2156 659 2216 contra
682 2150 801 2231 absque
825 2148 864 2212 iis
889 2146 1020 2232 frigent,
1044 2149 1222 2227 concidunt,
1236 2148 1443 2216 emoriuntur.
1470 2150 1779 2223 Garraaoaeetcisio,

254 4273 305 4288 4

316 2243 460 2306 arridetur
473 2243 621 2326 populus.
634 2238 785 2303 Proverb.
799 2237 852 2300 29.
864 2258 892 2301 v.
910 2237 960 2300 18.
977 2236 1041 2302 Gur
1052 2259 1116 2300 non
1127 2236 1197 2321 pari
1209 2237 1281 2320 jure
1294 2237 1414 2320 absque
1427 2237 1648 2302 ecclesiasticis
1661 2239 1780 2302 concio-

316 2331 411 2394 nibus
435 2351 492 2414 per
514 2327 680 2393 Ministros
705 2325 871 2402 habendis¹
884 2325 991 2390 omnia
1007 2325 1082 2390 solis
1094 2326 1275 2391 domesticis
1288 2348 1345 2411 per
1356 2325 1511 2391 Parentes
1522 2327 1545 2392 81
1558 2326 1779 2411 Praeceptores

316 2418 571 2482 institutionibus
586 2416 852 2481 committuntur?
869 2413 1113 2479 Tantum-abest
1124 2420 1161 2479 ut
1172 2413 1319 2500 Synodus
1330 2413 1533 2480 Dordracena
1545 2415 1606 2480 hoc
1614 2421 1778 2499 praetextu
1863 2417 1865 2436 ⁴

317 2508 561 2572 Ooneionatores
575 2511 593 2570 a
605 2503 907 2570 catechizationibus
919 2503 1044 2584 liberet,
1061 2507 1097 2568 ut
1109 2504 1207 2568 etiam
1222 2510 1347 2589 partem
1360 2505 1646 2570 catechizationem
1659 2505 1778 2570 schola·
1864 2519 1865 2570 l

317 2599 468 2660 sticarum
481 2596 593 2660 iisdem
606 2594 814 2659 commendet.
1864 2643 1865 2670 ,

361 2687 391 2750 5.
416 2688 540 2769 Encqal.
563 2683 602 2749 In
623 2683 734 2748 multis
752 2681 847 2766 Pagis
864 2682 886 2747 tr
903 2681 1094 2746 Civitatibus
1109 2682 1191 2747 nulli
1203 2687 1278 2748 sunt
1294 2682 1539 2748 Catechumeni:
1552 2683 1688 2768 ideoque
1701 2682 1777 2748 Gon·
1863 2679 1865 2760 l

316 2776 491 2840 cionatores
505 2795 621 2837 munus
635 2771 833 2837 Catechistae
845 2771 912 2834 illic
924 2770 1012 2834 obire
1025 2775 1212 2854 nequeunt?
1237 2773 1327 2856 llesp.
1351 2771 1386 2836 Si
1410 2773 1465 2856 qui
1477 2794 1609 2857 operam
1624 2795 1716 2837 suam
1727 2773 1778 2836 ob·

316 2866 468 2942 tulerunt,
489 2864 516 2927 si
529 2863 705 2926 etiamnum
717 2860 866 2924 continuo
882 2858 1007 2934 ἀκαίρως
1017 2858 1150 2934 εὗκκὶρως
1161 2859 1222 2924 hoc
1233 2862 1360 2945 publice
1373 2861 1587 2945 privatimque
1602 2885 1659 2946 per
1674 2861 1776 2926 dorncs
1863 2861 1865 2936 l

316 2955 443 3037 urgent,
463 2974 521 3016 neo
531 2956 639 3016 tamen
651 2973 733 3014 unus
746 2952 802 3012 aut
814 2948 895 3012 alter
907 2971 945 3012 ex
958 2953 1049 3012 coetu
1060 2947 1246 3029 Puerorum,
1260 2955 1316 3014 aut
1327 2950 1585 3029 Adolescenturn,
1598 2973 1633 3014 se
1644 2951 1775 3024 offerret,
1863 2983 1865 3014 ;

316 3047 373 3106 aut
389 3041 644 3105 hConcionatore
658 3039 720 3103 huc
732 3037 819 3102 trahi
835 3059 946 3120 passus
963 3040 1062 3100 esset:
1076 3037 1187 3120 utique
1200 3039 1392 3122 deploranda
1404 3044 1454 3103 est
1465 3040 1632 3104 hominum
1649 3040 1774 3103 istorum
1863 3083 1865 3108 ,

316 3131 462 3208 coecitas,
486 3128 693 3214 ingratitudo,
718 3127 861 3192 durities.
885 3125 928 3189 Et
947 3126 975 3188 si
987 3125 1195 3190 (loncionator
1211 3150 1317 3192 coram
1332 3126 1401 3192 Deo
1413 3127 1472 3192 hoc
1488 3128 1591 3192 dicere
1604 3133 1710 3212 queat,
1722 3125 1775 3190 ha·
1863 3169 1865 3198 ,

317 3225 427 3283 ctenus
450 3221 534 3282 certe
558 3216 707 3281 liberavit
723 3216 863 3280 animam
875 3237 976 3279 suam.
1000 3213 1060 3279 Ille
1073 3237 1132 3300 ego
1144 3215 1204 3280 hoc
1214 3217 1382 3282 eonsilium
1394 3237 1613 3302 suggererem,
1630 3240 1665 3281 ex
1678 3217 1775 3300 quali·

316 3331 440 3393 ermque
464 3308 614 3371 diuturna
637 3305 832 3389 experientia
855 3309 926 3368 meet
941 3303 1152 3387 depromtum,
1166 3307 1189 3370 dr
1203 3306 1297 3371 toties
1309 3305 1453 3385 νειφὺτοις
1464 3305 1623 3370 Ministris
1636 3328 1697 3370 non
1713 3305 1775 3368 sine
1863 3311 1865 3326 “

317 3398 403 3462 felici
422 3418 480 3481 per
491 3395 553 3460 Dei
572 3394 823 3460 benedictionem
836 3414 980 3457 successu
994 3393 1129 3457 antebac
1140 3409 1346 3479 suggestum:
1371 3393 1417 3459 Ut
1428 3395 1531 3478 primo
1542 3393 1659 3470 Deum,
1672 3393 1775 3458 deinde
1864 3393 1865 3408 ¹

316 3485 463 3550 Membra
482 3484 644 3550 Ecclesiae
656 3505 693 3548 ao
706 3482 876 3547 Auditores
889 3503 973 3560 suos,
986 3481 1144 3565 imprimis
1157 3481 1304 3549 Seniores
1319 3483 1513 3550 &Diaconos
1526 3484 1657 3549 assiduo
1666 3485 1773 3557 oraret

316 3575 415 3640 donec
426 3574 550 3658 aliquos
562 3573 677 3637 saltem
692 3571 910 3656 permovisset.
934 3569 980 3635 Ut
991 3571 1025 3634 in
1037 3570 1204 3636 ordinariis
1217 3578 1291 3638 ante
1303 3594 1444 3652 coenam,
1457 3572 1593 3656 aliisque
1606 3571 1773 3637 extraordi-

317 3664 417 3728 nariis
440 3661 638 3727 familiarum
659 3659 906 3739 visitationibus,
926 3681 989 3724 non
1001 3663 1127 3724 tantum
1139 3659 1294 3726 Parentes
1307 3662 1396 3728 sed&
1412 3683 1521 3726 eornm
1533 3660 1665 3726 Liberos
1676 3680 1773 3724 corani

317 3753 508 3818 hortaretur.
532 3751 576 3816 nt
591 3751 618 3816 si
637 3749 845 3814 nihilominus
861 3770 969 3814 omues
981 3747 1078 3813 Pueri
1094 3747 1279 3815 &Juniores
1291 3751 1469 3816 detrectent
1483 3750 1632 3834 publicae
1647 3755 1702 3814 aut
1713 3748 1773 3832 pri·

318 3841 560 3927 vato-publicae
572 3837 814 3905 catechizationi
829 3860 863 3902 se
875 3837 1041 3920 subjicere,
1053 3842 1089 3902 ut
1101 3859 1154 3902 eos
1162 3838 1323 3916 invitaret,
1333 3839 1374 3904 ad
1382 3839 1555 3904 audiendas
1562 3839 1773 3924 responsiones

318 3931 412 3995 unius
435 3934 531 4014 atque
556 3927 688 3994 alterius
709 3951 747 3994 ex
770 3931 828 3992 sua
844 3927 934 4012 [pag.
950 3926 1031 4012 843]
1046 3930 1152 3992 auten
1168 3926 1398 4014 Ludimagistri
1409 3928 1534 3992 familia
1545 3927 1698 4013 seligendi
1710 3929 1732 3993 d
1745 3925 1773 3988 in
1864 3921 1865 3928 '

316 4021 448 4102 templo,
466 4025 522 4084 aut
534 4018 647 4102 templi
664 4017 815 4096 conclavi,
832 4019 888 4080 aut
900 4014 986 4079 domi
997 4037 1073 4080 suae
1085 4016 1311 4084 catechizandi.
1335 4016 1400 4082 Vix
1412 4017 1625 4083 dubitandum
1636 4019 1690 4094 est,
1702 4015 1773 4097 quin
1864 4071 1865 4074 ,

317 4108 418 4190 aliqui
430 4109 554 4173 venturi
567 4108 641 4186 sint,
654 4106 711 4190 qui
722 4109 832 4190 postea
844 4105 896 4188 pio
908 4103 968 4169 hoc
980 4104 1131 4169 exercitio
1143 4105 1296 4190 inspecto,
1310 4107 1350 4170 ad
1362 4111 1504 4172 sanctam
1513 4108 1674 4184 παῤῥησίτι
1682 4103 1771 4181 enixi,
1864 4135 1865 4194 q

317 4199 430 4279 sponte
453 4219 487 4261 se
511 4195 773 4260 Antecessoribus
793 4193 857 4258 illis
870 4193 1112 4262 Cateobumenis
1125 4194 1303 4277 adjuncturi
1315 4196 1397 4262 sint:
1411 4196 1601 4280 praesertim
1613 4197 1639 4259 si
1650 4193 1772 4278 quibus·
1863 4203 1865 4276 ᾖ

324 4283 334 4288 ”
359 4305 391 4348 m
414 4291 509 4350 antea
532 4286 564 4348 in
588 4285 697 4350 scholia
719 4287 885 4367 praesente
908 4281 1145 4366 Ludimagistro
1157 4289 1213 4350 aut
1229 4284 1314 4348 domi
1330 4307 1406 4350 suae
1418 4285 1550 4350 seorsim
1564 4283 1772 4368 responsiones
1863 4295 1865 4316 ¹

387 4375 572 4439 ·=lorn1arint.
596 4372 684 4438 Haec
708 4373 814 4436 omnia
838 4372 864 4434 si
888 4371 970 4438 serio
993 4375 1168 4454 tententur,
1181 4373 1395 4458 deprehendet
1406 4369 1772 4521 rectissimeallabbiqis
1864 4371 1865 4424 ἶ

1701 4459 1733 4522 fa
1745 4457 1771 4520 si
1863 4467 1865 4526 l
