3766 4866
311 264 376 333 386
536 293 541 302 ·
693 243 863 334 ⁴Pammene
880 261 1131 334 Eccnasnsrrcsn
1155 269 1236 334 Plus
1251 267 1275 336 l.
1300 273 1366 338 Ins.
1378 265 1421 336 ΙΙ.

310 476 381 522 vero
402 455 510 520 omniu
526 455 599 520 bace
614 454 730 540 absque
740 466 819 519 certa
836 451 965 534 εὐταξίᾳ,
978 457 1066 520 cusiri
1080 449 1285 541 relinquenda
1298 453 1385 518 siat?
1402 458 1492 542 desp·
1506 459 1579 542 aq.
1590 461 1760 545 postenlff.

309 565 362 629 pr.
385 542 512 625 Ordinis
536 544 559 608 b
583 541 895 611 circumstantiarum
919 548 1071 627 temporis
1088 567 1125 608 ac
1137 544 1198 608 loci
1210 543 1433 608 determinatio
1447 551 1466 610 a
1478 547 1622 632 qnalibet
1634 548 1759 612 Ecclesia

311 632 497 716 particulari
510 631 609 696 libera
620 632 645 698 ta
658 633 841 716 prudenter,
853 633 936 698 circa
948 636 1032 697 stata
1044 656 1102 697 sna
1114 633 1237 717 agenda
1250 634 1273 697 b
1285 633 1444 712 exercitia,
1459 635 1528 698 fieri
1541 635 1637 699 solet:
1651 658 1710 701 nec
1718 637 1760 700 hoc

310 721 480 808 quisquam
496 742 592 785 sanus
604 720 841 805 superstitionis
858 721 1072 796 insimulabit;
1085 722 1147 786 nisi
1159 743 1286 786 omnem
1298 719 1491 801 libertatem,
1504 727 1709 806 potestatem,
1720 747 1762 808 po-

310 810 413 874 litiam
438 809 693 886 ecclesiasticam,
717 831 789 888 cum
815 811 961 876 omnibus
982 811 1121 889 statutis,
1138 808 1347 875 &canonibus
1360 810 1411 894 (de
1424 812 1541 896 quibus
1553 833 1653 896 supra
1665 814 1728 878 Lib.
1740 816 1760 876 1.

315 901 413 964 Tract.
435 898 479 981 3.)
496 899 738 964 condemnatam
751 901 840 966 velit.
864 899 884 963 J
888 921 940 962 am
952 921 1026 963 vero
1039 899 1122 984 quod
1133 900 1203 981 jure
1216 897 1323 962 divino
1337 897 1371 961 in
1383 901 1576 982 peristaticis
1588 901 1654 965 illis
1666 901 1761 966 Eccle

309 988 375 1052 siae
391 987 562 1071 competit;
582 987 692 1053 eodem
708 987 729 1052 J
733 1011 799 1068 ure,
811 989 908 1054 immo
920 988 943 1053 b
956 987 1154 1064 necessitate,
1168 983 1301 1060 ratione,
1313 985 1335 1050 J
1337 1009 1394 1051 ure
1407 989 1558 1068 naturali,
1571 989 1708 1074 singulis
1722 989 1762 1054 li-

299 1075 444 1160 delihns,
456 1076 592 1161 singulis
606 1075 758 1162 Collegiis
771 1075 1027 1143 &Contuberniis
1036 1080 1105 1140 tum
1114 1074 1310 1140 scholasticis
1320 1076 1586 1152 tumdomesticis,
1596 1085 1762 1163 competere

308 1165 475 1230 dicendum
498 1169 555 1229 est.
581 1164 698 1230 Omnes
722 1168 849 1232 assidub
873 1187 929 1229 seu
945 1165 1068 1248 jugiter
1087 1164 1239 1250 quotidie,
1253 1165 1276 1230 u
1292 1162 1395 1248 hodie,
1410 1165 1470 1230 Dei
1483 1166 1599 1230 faciem
1612 1189 1761 1252 quaerere,

308 1252 369 1318 Dei
388 1275 497 1318 vocem
513 1253 633 1332 audire,
652 1256 790 1321 nominis
803 1255 864 1320 Dei
877 1253 1044 1330 recordari,
1059 1254 1256 1338 eundemque
1270 1253 1416 1334 precibus
1428 1276 1465 1318 ac
1478 1255 1657 1340 doxologiis
1670 1258 1760 1320 colere

307 1344 466 1407 tenentur:
476 1342 565 1408 &hoc
573 1343 707 1408 suadent
716 1348 763 1408 tot
771 1342 959 1419 sententiae,
968 1342 1099 1418 monita,
1106 1341 1619 1426 promissiones,comminationes,
1628 1345 1762 1428 exempla

306 1435 487 1496 sanctorum
499 1430 687 1511 Abrahami,
704 1432 846 1512 Davidis,
859 1429 1012 1509 Danielis,
1026 1430 1125 1516 l’etri,
1139 1431 1190 1496 aa.
1213 1429 1290 1493 Illos
1303 1434 1410 1494 autem
1422 1431 1504 1494 serio
1517 1432 1654 1496 sollicite
1666 1433 1690 1496 du
1701 1455 1760 1497 cun

306 1519 373 1583 zelo
392 1520 452 1584 hoc
471 1520 665 1599 observasse,
681 1522 705 1586 t
725 1526 833 1585 tamen
850 1521 941 1608 vage,
956 1541 1042 1596 casn,
1061 1518 1204 1594 fortuito,
1221 1539 1327 1600 acpro
1340 1523 1472 1598 renata,
1490 1521 1609 1604 absque
1626 1522 1693 1585 ullo
1707 1543 1763 1586 ser·

307 1612 380 1673 vato
400 1609 520 1687 ordine,
544 1609 665 1693 absque
684 1615 843 1674 certorum
862 1612 1042 1690 temporum
1061 1607 1265 1683 redemtione,
1287 1607 1542 1692 &designatione
1555 1609 1637 1673 mihi
1650 1610 1765 1675 videtur

306 1694 487 1768 ἀσύστατον,
496 1697 590 1780 juxta
601 1699 769 1784 vulgatum
781 1697 877 1763 illud:
893 1696 975 1780 qnod
987 1695 1080 1760 statis
1097 1697 1120 1762 da
1136 1696 1230 1760 certis
1242 1696 1437 1778 temporibus
1450 1719 1512 1761 non
1526 1697 1572 1774 fit,
1585 1699 1617 1761 id
1631 1699 1764 1781 plerum-

305 1809 368 1870 que
391 1787 579 1872 negligitur,
603 1792 660 1851 aut
673 1809 838 1870 nunquam
853 1786 900 1848 fit.
924 1784 1101 1848 Audiamus
1114 1783 1280 1848 Calvinum
1294 1787 1313 1847 a
1328 1785 1563 1868 superstitionis
1576 1787 1627 1850 vel
1639 1787 1765 1851 minima

305 1876 410 1958 specie
434 1897 531 1958 quiam
546 1875 685 1938 maxime
707 1875 856 1939 alienum.
881 1872 933 1938 Sic
952 1872 1007 1935 ille
1027 1872 1061 1936 in
1072 1874 1173 1938 Actor.
1188 1873 1239 1935 10.
1258 1870 1350 1949 ,Non
1362 1873 1494 1936 dubium
1506 1878 1624 1958 antem,
1642 1875 1722 1958 quin
1734 1899 1766 1940 ex

270 1961 273 1968 '
310 1987 414 2040 ,more
436 1968 512 2028 tunc
528 1985 562 2027 se
578 1963 617 2026 ad
641 1963 832 2047 precandum
855 1961 1033 2026 contulerit.
1058 1960 1143 2024 Nam
1163 1960 1239 2044 qnia
1260 1965 1363 2024 totum
1383 1961 1449 2025 fere
1465 1963 1549 2026 diem
1562 1963 1766 2028 distrahimur

310 2052 423 2128 ,variis
443 2051 592 2136 negotiis
610 2075 669 2116 nec
686 2051 758 2116 finis
779 2055 827 2115 est
847 2049 1074 2127 tumultuandi,
1101 2049 1163 2114 nisi
1186 2053 1341 2132 tanquam
1354 2049 1468 2132 injecto
1481 2049 1571 2115 freno
1583 2074 1641 2116 nos
1654 2053 1765 2118 retine·

309 2163 407 2219 ,mus
425 2141 504 2204 utile
524 2145 573 2205 est
591 2144 693 2204 certas
707 2140 801 2204 horas
813 2139 932 2204 habere
948 2139 1094 2222 precibus
1107 2139 1236 2216 dicatas,
1253 2160 1316 2202 non
1329 2139 1412 2222 quod
1425 2138 1510 2202 horis
1523 2140 1623 2204 simus
1637 2141 1766 2218 astricti,

309 2230 381 2306 ,sed
404 2253 443 2294 ne
468 2228 621 2294 memoria
646 2229 759 2293 effluat
782 2228 894 2306 oratio,
912 2249 993 2310 quae
1006 2226 1152 2291 omnibns
1164 2226 1248 2290 curis
1264 2226 1401 2290 debebat
1412 2228 1499 2310 prior
1511 2249 1588 2292 esse.
1613 2227 1767 2315 Denique,

309 2318 410 2394 ,idern
433 2319 471 2382 de
491 2321 633 2401 tempore
650 2317 850 2381 sentiendum
866 2320 924 2396 est,
937 2316 1021 2399 quod
1033 2316 1071 2379 de
1084 2314 1166 2379 loco:
1181 2337 1249 2379 esse
1262 2315 1384 2380 scilicet
1395 2316 1535 2380 remedia
1546 2338 1628 2401 quae
1641 2325 1767 2394 nostrae

308 2406 507 2482 ,infirmitati
531 2406 732 2484 subveniunt,
756 2427 837 2488 quae
860 2405 887 2468 si
911 2408 987 2487 apta
1010 2403 1072 2467 sibi
1088 2403 1246 2467 duxerunt
1260 2403 1417 2486 Apostoli,
1430 2409 1550 2488 quanto
1566 2406 1767 2472 shrdiosiusa

217 2541 219 2546 -
307 2495 427 2580 ,pigris
440 2497 463 2560 tr
475 2494 571 2558 lentis
584 2495 714 2558 colenda
727 2498 821 2558 sunt?

351 2585 572 2668 ,Balliaqerus
595 2583 670 2648 ibid.
694 2582 784 2658 Quod
807 2579 914 2646 autem
939 2581 980 2644 ad
994 2585 1117 2650 sextam
1133 2581 1323 2664 precabatur
1335 2603 1374 2645 ex
1386 2603 1473 2646 more
1486 2583 1592 2667 gentis
1604 2583 1705 2648 fiebat
1717 2586 1763 2650 tro.

306 2671 469 2750 ,Christus
492 2693 566 2737 vero
589 2675 715 2754 tempus
738 2671 761 2735 tr
786 2671 889 2734 locum
902 2669 935 2732 in
948 2669 1090 2734 oratione
1103 2668 1203 2733 libera
1216 2691 1283 2732 esse
1295 2669 1443 2745 voluit&
1458 2673 1567 2734 tamen
1579 2673 1722 2737 ordinem
1734 2673 1765 2736 in

305 2761 418 2837 ,rebus
434 2760 600 2844 quibusvis
621 2759 830 2836 commodum,
850 2758 1140 2841 &asrrperstitione
1153 2757 1293 2822 alienum
1309 2780 1472 2843 nunquam
1488 2759 1664 2826 damnavit.
1688 2760 1765 2825 Tos-

301 2871 397 2914 sanns
417 2850 451 2912 in
471 2852 676 2926 commentar.
694 2847 770 2916 ibid.
797 2849 866 2914 Aba
878 2847 1008 2932 quadiu
1024 2847 1178 2912 honorata
1193 2847 1304 2929 spatiis
1319 2848 1442 2933 aliqu-id
1456 2849 1598 2933 eupaterii
1614 2851 1655 2914 sit
1666 2873 1764 2936 qaena-

300 2939 446 3016 readum,
466 2935 521 3002 aa.
545 2937 605 3003 Sed
618 2937 743 3001 treberim
756 2936 793 2999 de
805 2935 926 3000 (lambres
938 2955 996 2998 eaor
1008 2935 1154 2999 aetermam
1167 2935 1216 2999 hic
1228 2937 1313 2999 lacera
1328 2933 1384 3000 aa.
1403 2937 1485 3019 Quia
1498 2947 1595 3002 lotarii
1608 2940 1675 3022 [erc
1685 2939 1764 3003 diem

300 3027 511 3092 distrahimur·
521 3026 650 3111 raeqotiis
662 3025 837 3100 vocationis,
849 3024 925 3088 utile
936 3035 1102 3088 asserentes
1110 3023 1206 3088 liorus
1215 3023 1325 3088 babere
1333 3025 1665 3108 precibuselsatia-oras.
1677 3027 1764 3091 Adde

300 3112 459 3198 Synopsin
471 3113 657 3179 Leidensem
669 3112 750 3196 Disp
774 3114 825 3175 36.
843 3113 872 3196 ξ.
886 3113 938 3175 43.

348 3202 498 3280 ,Interim
519 3223 591 3267 vero
611 3205 634 3268 tt
653 3200 787 3285 publicis
807 3199 954 3283 precibus
969 3207 1071 3265 certos
1083 3200 1159 3278 dies,
1175 3202 1198 3265 tr
1213 3200 1347 3283 privatis
1359 3206 1480 3265 certum
1494 3203 1557 3267 diei
1573 3204 1666 3291 [pag.
1684 3205 1761 3288 aar]

299 3295 434 3374 tenipus,
460 3295 496 3355 ut
519 3290 735 3374 negligentiae
758 3292 781 3354 u
805 3288 984 3366 infirmitati
1008 3293 1135 3353 nostrae
1159 3293 1371 3362 succurratur,
1397 3311 1464 3354 esse
1488 3292 1759 3372 destinandum&

304 3379 465 3462 ,exemplo
488 3378 630 3458 Davidis,
656 3378 711 3443 Ps.
733 3379 785 3440 55.
807 3399 835 3442 v.
855 3378 904 3440 18.
920 3377 1063 3440 Danielis
1076 3399 1144 3460 cap.
1159 3378 1188 3440 o.
1204 3400 1233 3440 v.
1250 3379 1300 3441 ll.
1316 3381 1338 3443 b
1352 3378 1439 3442 Petri
1452 3379 1553 3445 Actor.
1569 3383 1621 3445 10.
1637 3405 1666 3448 n.
1681 3383 1710 3446 9.
1724 3381 1759 3445 li·

302 3467 432 3544 ,benter
454 3466 672 3551 agnoscimusz
697 3466 743 3550 ita
766 3469 883 3542 tamen,
904 3471 940 3529 nt
955 3465 1057 3530 omnis
1074 3466 1259 3548 superstitio
1271 3466 1344 3530 hinc
1356 3467 1451 3544 absit,
1464 3491 1501 3532 ae
1526 3468 1693 3547 aeuebegz'u
1707 3474 1757 3534 aut

301 3555 485 3638 ,scrupulus
500 3555 720 3632 conscientiae,
737 3553 762 3616 si
783 3553 865 3618 forte
878 3553 1058 3632 necessitas,
1075 3559 1132 3618 aut
1144 3575 1240 3637 opera
1252 3553 1419 3618 charitatis
1432 3555 1576 3638 privatae
1589 3560 1641 3623 rel
1654 3557 1754 3644 publi·

302 3665 374 3721 ,cae
388 3644 420 3706 id
432 3642 621 3725 interrumpi
634 3642 805 3725 postulent.

344 3731 455 3814 Olrject.
479 3732 579 3814 Atqui
591 3731 665 3794 dato
678 3734 777 3794 statas
793 3729 899 3810 horas,
912 3733 935 3798 te
948 3736 1069 3796 certum
1082 3731 1224 3794 ordinem
1236 3731 1387 3796 constitui
1398 3754 1502 3816 posse,
1515 3755 1581 3798 non
1594 3741 1644 3800 ast
1657 3742 1755 3801 tanren

298 3819 357 3883 hoc
380 3819 558 3904 urgendum
581 3822 735 3902 tanquam
757 3819 980 3884 necessarium.
1006 3821 1093 3904 Hesp.
1118 3817 1200 3882 Sunt
1222 3820 1340 3904 gradus
1365 3821 1573 3886 necessitatis.
1601 3827 1755 3910 Urgentur

296 3906 561 3972 Fundamentalia
584 3907 657 3971 fidei
679 3907 829 3990 dogmata
851 3912 1004 3992 tanquam
1016 3907 1119 3992 magis
1131 3909 1318 3973 necessaria.
1344 3909 1419 3974 Post
1432 3931 1469 3972 ea
1481 3911 1648 3992 proximae
1660 3913 1752 3997 lippu-

295 3995 402 4060 theses
418 3996 646 4060 &consectaria
657 3995 797 4058 thesium
809 3994 1107 4061 fundarnentalium.
1132 3997 1252 4061 Deirrde
1264 4019 1345 4082 quae
1358 3997 1447 4074 ritus,
1461 3998 1621 4080 politiam,
1637 4004 1660 4067 tr
1674 4000 1751 4084 regi·

295 4105 366 4146 rnen
390 4084 605 4149 Ecclesiarnm
628 4107 662 4147 ex
686 4084 882 4166 praescripto
904 4085 993 4148 Jnris
1017 4084 1115 4148 divini
1139 4085 1329 4149 describunt.
1356 4083 1439 4149 Tum
1458 4107 1539 4167 quae
1557 4089 1598 4151 ab
1611 4088 1749 4154 Ecclesiis

296 4172 390 4235 nnius
414 4171 542 4255 Synodi,
566 4175 589 4237 tr
611 4175 629 4235 b
649 4170 784 4255 singulis
797 4171 909 4254 topicis
922 4178 977 4236 aust
991 4173 1225 4255 parochialibus
1239 4174 1278 4236 ad
1290 4171 1422 4250 εὖταεζίκν
1435 4173 1466 4237 in
1480 4174 1671 4256 peristaticis
1682 4197 1748 4240 cuu-

294 4259 481 4324 stitunntnr.
506 4261 677 4336 Postremo,
697 4282 779 4342 quae
791 4281 852 4322 non
868 4283 923 4342 per
939 4283 971 4323 se
985 4265 1040 4324 aut
1053 4265 1182 4344 propter
1195 4284 1238 4338 se,
1252 4262 1305 4324 sed
1318 4267 1448 4344 propter
1460 4262 1548 4327 alind
1565 4273 1640 4330 sunt
1651 4286 1746 4329 neces-

295 4347 387 4425 saria,
401 4347 466 4410 sive
479 4349 518 4412 ad
529 4369 608 4425 esse,
625 4348 691 4409 sive
704 4347 743 4410 ad
756 4348 869 4411 melius
887 4352 908 4414 b
922 4349 1022 4412 tutius
1037 4371 1114 4426 esse,
1128 4350 1222 4432 quale
1235 4349 1294 4413 hoc
1308 4354 1372 4412 est:
1392 4352 1582 4432 praesertim
1595 4355 1622 4418 si
1633 4355 1746 4417 ducant

1690 4445 1746 4506 tres
