3722 4850
272 295 292 358 6
630 287 791 352 Pomanus
821 286 1070 351 Eccnuensrrcln
1094 283 1175 348 Paas
1199 283 1224 348 I.
1248 283 1315 347 Lm.
1339 281 1381 350 Π.

273 478 481 544 Concionum.
506 475 597 539 Adde
622 474 704 558 quod
728 473 868 538 discussa
887 471 1080 557 ignorantia,
1101 471 1259 550 barbarie,
1271 469 1488 546 heterodoxis,
1502 471 1743 554 superstitione,

273 567 461 632 recitatione
486 562 593 629 Officii
606 562 715 642 divini,
728 562 863 626 lectione
876 560 1041 639 Bre'viarii,
1054 558 1194 624 Missalis
1205 561 1255 625 fac.
1264 582 1322 643 per
1331 559 1577 624 reformatarum
1585 559 1734 624 Ecclesia

273 679 344 721 rum
359 654 472 739 praxin
496 655 519 718 h
543 651 719 717 doctrinam
735 649 875 736 genuina
887 648 1103 726 concionandi,
1116 649 1237 726 orandi,
1249 648 1441 728 consolandi,
1454 647 1645 712 adhortandi
1658 648 1745 713 ratio

274 749 338 829 qua
363 742 491 827 publice
512 743 577 825 qua
590 740 741 824 privatim
754 739 903 804 restituta
915 737 988 802 fuit.
1017 736 1096 801 Vide
1111 738 1234 802 Culcita
1249 738 1470 802 Praefecticaca
1482 738 1517 802 ia
1529 738 1696 803 mitatem
1713 737 1747 804 a

275 832 454 917 Prophetas
472 831 619 907 Mamaea,
632 828 688 914 ubi
703 827 839 912 singulis
852 826 1054 892 Lectionibus
1066 826 1212 910 singulae
1224 825 1383 891 orationes
1395 829 1556 910 aptantur.
1581 824 1619 890 In
1631 825 1742 891 Eccle-

275 919 331 986 siis
357 919 515 1004 Anglicis,
541 917 686 1003 quamuis
710 915 874 1000 hiturgiae
898 915 993 980 lectio
1016 914 1186 994 obtineret,
1206 913 1348 978 Ministri
1362 919 1470 979 tamen
1483 937 1521 978 ex
1533 914 1615 978 libro
1627 914 1747 980 Preces

275 1009 422 1094 publicas
436 1029 498 1071 non
510 1005 699 1072 recitabant.
712 1003 750 1069 Iu
762 1003 875 1088 Belgio
891 1007 1010 1080 nostro,
1023 1025 1232 1087 quosqunque
1245 1025 1385 1086 unquam
1397 1002 1534 1088 anglice
1547 1003 1654 1068 audivi
1666 1025 1749 1068 con-

275 1096 449 1174 cionantes,
472 1092 591 1181 (audivi
613 1097 719 1158 autern
733 1092 935 1178 complures),
947 1093 1106 1157 neminem
1119 1092 1203 1156 inter
1216 1113 1269 1156 eos
1281 1092 1475 1176 deprehendi
1487 1092 1579 1156 statis
1595 1092 1750 1156 formulis

275 1209 382 1265 usum,
407 1185 524 1249 nedum
545 1205 584 1248 ex
600 1182 684 1247 libro
704 1205 758 1247 eas
771 1183 943 1266 legentem.
966 1180 1009 1246 Et
1021 1203 1061 1245 ne
1075 1181 1145 1266 quis
1159 1184 1250 1264 putet
1262 1182 1300 1245 de
1317 1180 1599 1246 Concionatoribus
1612 1179 1749 1245 hierar-

278 1275 369 1339 chiae
383 1272 581 1357 Anglicanae
593 1271 698 1336 minus
711 1269 904 1348 faventibus,
917 1292 996 1355 quos
1008 1291 1176 1354 perperam
1190 1271 1363 1335 Pertransi
1373 1269 1445 1334 istic
1458 1269 1619 1353 appellare
1627 1269 1751 1348 solent,

278 1365 338 1428 hoc
360 1361 616 1446 intelligendum,
637 1359 718 1424 addc
731 1358 869 1423 maxime
881 1358 1095 1423 hierarchicos
1108 1357 1228 1442 pariter
1244 1358 1290 1422 ita
1302 1361 1447 1441 precatos
1460 1357 1574 1432 fuisse;
1592 1359 1679 1422 inter
1693 1381 1751 1423 eos

278 1451 473 1536 Episcopum
496 1447 739 1525 Landafensem,
765 1445 986 1532 &Theologos
1009 1446 1142 1531 Anglos,
1162 1446 1217 1530 qni
1236 1451 1379 1530 tempore
1391 1445 1508 1530 Synodi
1521 1446 1752 1512 Dordracenae

279 1561 363 1605 anno
377 1539 473 1602 1618.
488 1538 584 1604 1619.
598 1536 734 1621 singulis
747 1535 924 1601 Dominicis
938 1535 1089 1619 pervices
1102 1535 1169 1599 illic
1181 1535 1459 1600 concionabantur.
1483 1533 1532 1598 De
1544 1533 1648 1600 Sectis
1661 1534 1753 1600 idem

279 1629 414 1707 affirmo,
432 1627 455 1692 tr
470 1626 627 1710 pluribus,
640 1625 667 1690 si
680 1648 743 1691 non
754 1625 914 1709 plerisque
926 1623 1037 1709 Belgis
1053 1623 1180 1688 nostris.
1207 1623 1237 1687 5.
1251 1627 1321 1690 aar.
1345 1623 1434 1698 Quae
1450 1627 1498 1688 est
1509 1645 1548 1688 ex
1560 1623 1754 1702 autoritate,

179 1785 183 1791 ,
280 1720 302 1784 h
319 1717 358 1781 ad
370 1715 549 1781 hominem:
564 1712 646 1790 Quia
659 1734 767 1778 omnes
780 1712 1024 1778 (loncicnatores
1040 1713 1141 1776 nostri
1155 1711 1229 1791 (nisi
1241 1712 1315 1788 fuci,
1329 1713 1422 1792 asini,
1435 1714 1459 1778 b
1470 1712 1542 1796 plus
1554 1734 1653 1796 quam
1665 1712 1755 1777 idic-

280 1811 332 1871 tae
353 1805 462 1869 andire
482 1803 594 1882 velint)
614 1802 725 1866 diebus
734 1801 859 1886 jejunii,
871 1801 894 1864 dc
906 1801 1043 1886 singulis
1056 1801 1231 1880 dominicis
1245 1801 1359 1866 saltem
1375 1801 1409 1865 in
1421 1799 1573 1866 Precibus
1586 1805 1659 1884 post
1671 1823 1756 1866 con·

182 1903 187 1911 '
280 1895 404 1959 cionem
424 1893 486 1957 duo
510 1893 684 1976 praestant,
705 1913 786 1975 quae
800 1889 894 1954 certis
907 1891 929 1956 dt
944 1889 1169 1974 praeformatis
1181 1889 1326 1955 formulis
1342 1882 1496 1974 perpetuo
1507 1889 1680 1954 recitandis
1694 1895 1760 1954 aut

281 2006 320 2048 ex
335 1983 418 2047 libro
441 1980 585 2066 legendis
605 1980 762 2064 praestari
781 1982 954 2063 nequeunt.
979 1979 1128 2044 mirram
1147 1983 1206 2058 est,
1227 1979 1311 2064 quod
1331 1979 1371 2042 ad
1383 1977 1591 2062 particulares
1603 1998 1760 2064 quasque

281 2072 487 2136 necessitates
499 2070 593 2134 istius
608 2067 760 2152 temporis
773 2069 795 2133 ta
811 2068 881 2144 loci,
895 2070 918 2134 dr
930 2067 970 2131 ad
982 2067 1162 2151 singulares
1175 2068 1328 2150 quasdam
1344 2068 1547 2133 necessitates
1559 2067 1592 2130 in
1604 2066 1760 2132 Ecclesia

282 2161 418 2239 oblatas,
438 2159 580 2242 ipsisque
600 2158 672 2222 viva
685 2179 759 2222 voce
775 2160 831 2220 aut
847 2155 982 2220 scedulis
995 2159 1175 2240 suggestae,
1188 2156 1389 2236 descendunt,
1403 2179 1519 2242 easque
1531 2154 1600 2220 Deo
1611 2178 1758 2239 reprae—

284 2252 412 2314 sentant
430 2269 488 2331 per
507 2246 767 2330 supplicationes,
790 2246 812 2310 h
833 2243 1010 2330 gratiarum
1031 2243 1181 2308 actiones.
1206 2243 1296 2318 Quod
1312 2245 1339 2308 si
1353 2245 1443 2330 [pag.
1460 2244 1540 2328 488]
1554 2244 1614 2308 hoc
1625 2266 1691 2308 non
1712 2245 1762 2310 sit

284 2337 479 2413 assonaret
492 2338 549 2399 aut
561 2334 767 2412 λιβερτινίζειν,
782 2336 838 2398 aut
851 2337 985 2398 tremere
997 2334 1021 2399 da
1032 2331 1179 2396 bacchari
1192 2333 1224 2396 in
1237 2333 1365 2398 modum
1379 2331 1521 2418 Sibyllae
1535 2331 1761 2417 Virgilianae,

284 2447 340 2489 cur
363 2423 389 2488 si
410 2444 507 2506 quem
519 2420 704 2486 Ministrum
715 2422 823 2487 inuida
835 2421 1018 2506 ignorantia
1031 2425 1086 2485 aut
1097 2421 1227 2506 ignavia
1240 2421 1348 2487 audiat
1359 2420 1472 2487 Preces
1486 2443 1569 2500 suas,
1582 2425 1619 2485 ut
1630 2425 1762 2504 potest,

285 2512 469 2596 Scripturae
485 2509 673 2589 conformes,
687 2509 804 2592 absque
817 2510 900 2575 libro
916 2532 954 2574 er
966 2513 1093 2593 pectore
1105 2509 1300 2578 fundentem,
1313 2511 1468 2594 improbis
1480 2509 1722 2593 suspicionibus
1737 2513 1764 2578 dr

285 2599 454 2667 calumniis
467 2623 540 2664 enm
551 2603 685 2684 gravet?
696 2624 698 2630 ’
709 2598 792 2673 Quid
807 2597 910 2664 dicam
923 2599 961 2662 de
973 2596 1124 2663 Precibus
1136 2599 1346 2663 communiter
1357 2599 1525 2676 fundendis
1537 2599 1622 2682 apud
1635 2621 1763 2684 aegro-

286 2694 348 2767 tos,
372 2688 590 2767 moribundos,
614 2691 755 2752 extremo
780 2686 936 2771 supplicio
948 2686 1117 2771 subjectos,
1133 2686 1277 2770 aliosque
1294 2687 1455 2753 afflictos?
1480 2687 1531 2752 An
1543 2687 1671 2752 libellos
1685 2688 1763 2752 for-

287 2776 440 2842 mularics
460 2775 695 2855 circumferant,
709 2779 764 2840 aut
781 2775 936 2854 adferent,
948 2778 985 2838 ut
998 2797 1035 2838 ex
1048 2774 1088 2838 iis
1100 2775 1176 2858 quid
1188 2776 1314 2860 legant:
1327 2776 1376 2840 uti
1387 2776 1492 2842 hocin
1505 2798 1592 2840 more
1606 2775 1765 2859 positum

287 2870 337 2931 est
355 2865 514 2948 imperitis
531 2863 715 2928 sacrificulis
730 2865 763 2927 in
775 2864 925 2949 Papatu?
950 2865 1090 2929 Alterura
1102 2868 1160 2942 eat,
1173 2864 1257 2947 quod
1273 2865 1306 2928 in
1318 2864 1471 2930 Precibus
1484 2869 1554 2949 post
1566 2863 1765 2930 concionem

286 2954 454 3018 materiam
466 2953 625 3018 concionis
639 2956 694 3016 aut
706 2953 910 3037 praecipuam
922 2975 1019 3038 quam
1032 2952 1206 3016 doctrinam
1219 2955 1242 3018 dr
1255 2953 1500 3036 applicationem
1509 2953 1650 3018 breviter
1658 2975 1765 3038 repe-

285 3047 367 3116 tant,
390 3045 446 3107 aut
462 3043 576 3108 saltem
599 3040 771 3126 attingant,
787 3041 882 3118 idcue
905 3040 963 3130 sub
976 3040 1080 3104 forma
1092 3040 1266 3124 petitionis
1282 3047 1339 3106 aut
1351 3042 1591 3126 deprecationis,
1607 3047 1668 3106 aut
1680 3065 1770 3107 con-

286 3130 444 3208 fessionis,
470 3134 526 3194 aut
549 3130 725 3215 gratiarum
752 3130 905 3206 actionis;
929 3133 1025 3215 atque
1041 3129 1087 3194 ita
1100 3129 1206 3194 officio
1218 3131 1369 3213 precandi
1380 3130 1600 3215 defungentes,
1617 3153 1686 3196 una
1700 3155 1770 3215 pro

287 3219 435 3284 concione
459 3219 558 3283 dictas
582 3218 823 3298 consolationes,
843 3218 1061 3297 excitationes,
1076 3218 1323 3298 adhortationes,
1337 3219 1582 3297 dehortationes,
1595 3221 1771 3302 querelas,

288 3307 560 3391 reprehensiones,
582 3307 833 3391 redargutiones,
859 3328 916 3370 suo
929 3307 952 3371 dc
965 3305 1157 3372 Auditorum
1170 3307 1257 3372 cordi
1271 3307 1420 3393 infigant.
1444 3306 1627 3391 Omnesqui
1642 3309 1687 3372 ad
1707 3331 1772 3376 cor

289 3395 399 3480 populi
415 3395 588 3460 efficaciter
601 3394 624 3459 ta
637 3396 806 3479 applicate,
820 3417 881 3460 non
899 3396 1104 3479 speculative,
1123 3401 1178 3460 aut
1193 3396 1396 3482 generaliter,
1411 3401 1467 3462 aut
1478 3395 1664 3476 theoretice,
1682 3418 1772 3464 con-

289 3485 466 3563 cionantur,
490 3483 535 3548 sic
553 3484 676 3568 precari
700 3485 814 3563 solent,
827 3488 863 3548 ut
875 3506 932 3567 pro
945 3484 1066 3548 ratione
1078 3485 1278 3550 tractationis
1291 3487 1315 3551 dr
1330 3485 1482 3570 applicati
1495 3489 1610 3563 textus,
1625 3493 1774 3568 peccata

289 3573 484 3657 reprehensa
505 3573 974 3652 confiteantur,credendorum
1000 3573 1106 3652 fidem,
1129 3568 1346 3638 faciendorum
1364 3574 1490 3658 praxin,
1502 3573 1771 3642 consolationum

290 3683 428 3741 sensum,
452 3660 714 3726 adhortationum
740 3661 1062 3745 &reprehensionum
1085 3660 1318 3738 admissionem,
1331 3662 1522 3748 judiciorum
1533 3661 1594 3726 Dei
1605 3661 1774 3730 timorem

291 3750 413 3816 fervide
425 3752 584 3834 petantr&
596 3772 654 3834 pro
666 3750 828 3815 beneficiis
841 3749 1062 3833 spiritualibus
1075 3771 1111 3814 ac
1122 3750 1361 3833 temporalibus,
1370 3773 1452 3835 quae
1463 3750 1776 3834 textuspraelectus

290 3843 347 3904 aut
363 3833 470 3904 concio
485 3840 661 3903 adtentum
675 3838 794 3924 attigit,
808 3835 876 3903 Dec
889 3838 1010 3923 gratias
1024 3841 1133 3923 agant.
1158 3837 1274 3903 Omnia
1286 3839 1370 3904 eninr
1382 3839 1440 3904 illa
1451 3840 1485 3904 in
1497 3838 1610 3904 Preces
1625 3861 1776 3924 conver-

289 3931 413 4006 tuntur,
439 3927 462 3992 fr
490 3928 524 3991 in
547 3927 661 3992 iisdem
685 3927 833 3992 desinunt
843 3951 850 4003 ;
861 3928 955 4011 juxta
967 3927 1090 3992 celebre
1102 3927 1183 3991 illud
1197 3925 1371 4012 Augustini
1383 3928 1416 3992 in
1430 3927 1697 4009 confessionibus,
1713 3933 1779 4000 Da

298 4015 383 4100 qaod
397 4017 499 4100 jubes,
523 4015 548 4080 d
558 4016 634 4100 jaan
645 4023 729 4102 qaod
741 4017 798 4095 cis,
816 4014 923 4080 daca
935 4016 1198 4101 frastrajadebia.
1213 4015 1374 4081 Janrverc
1387 4019 1577 4084 attextus&
1592 4017 1776 4086 doctrinae

292 4108 394 4187 atque
418 4103 647 4187 applicationes
659 4104 795 4183 variant,
808 4105 853 4168 sic
866 4107 889 4170 h
905 4105 1069 4170 conciones
1080 4129 1087 4181 3
1102 4107 1125 4170 dt
1137 4105 1165 4168 si
1180 4105 1355 4183 conciones,
1367 4109 1595 4190 consequenter
1607 4107 1631 4172 tr
1643 4105 1779 4176 Preces

293 4191 499 4256 concionibus
521 4197 650 4276 aptatae
662 4217 669 4269 ;
682 4192 729 4256 ita
742 4196 778 4257 ut
791 4215 848 4257 nec
863 4192 939 4258 illae
954 4215 1011 4258 nec
1026 4194 1183 4258 istasunt
1198 4197 1296 4277 atque
1312 4195 1413 4258 altera
1429 4193 1577 4272 formula,
1590 4215 1648 4258 nec
1660 4197 1779 4262 etiam

296 4280 531 4365 quinquagenis
543 4281 681 4363 postillis
695 4303 731 4346 ac
743 4281 889 4346 formulis
901 4282 935 4345 in
949 4282 1091 4346 ordinem
1104 4283 1349 4361 recurrentibus,
1366 4283 1432 4347 sive
1445 4306 1483 4348 ex
1496 4283 1576 4347 libro
1589 4283 1780 4352 recitandis

295 4369 361 4433 sive
378 4368 632 4452 pronuntiandis,
646 4370 707 4434 rite
719 4369 839 4433 absolvi
854 4371 986 4453 possint.
1012 4371 1042 4436 a.
1058 4372 1159 4437 Coacl.
1184 4369 1258 4435 Non
1271 4375 1378 4436 tamen
1391 4375 1532 4437 retentus
1550 4393 1624 4437 usus
1636 4370 1781 4440 formu—

1652 4459 1780 4528 hum
