3752 4858
298 315 482 394 'Pascullb
506 323 555 395 Da
570 326 703 396 Assume
727 317 904 395 Orciniana
928 318 1221 398 Pauus-samen.
1257 325 1366 399 (lani.
1507 327 1572 401 289

13 541 15 582 1
104 517 176 584 lalsi
184 516 278 603 argui
290 513 326 574 ri
342 515 489 596 Quaesivi
500 514 531 582 a·
541 537 607 582 uau
620 516 735 582 iucem.
748 513 888 600 Quisque
900 517 993 582 modo
1005 518 1147 602 exploret
1160 518 1324 603 proprium
1336 540 1398 583 cor.
1408 517 1574 604 AnScrip-

13 605 14 626 ³
103 607 228 673 turae&
241 607 455 690 hypotyposes
467 627 505 670 ex
519 604 558 670 iis
571 608 740 690 conceptae
756 604 821 668 sint
833 627 931 684 amor,
945 606 1146 685 desiderium,
1160 607 1288 672 delitiae
1308 607 1428 692 ipsius:
1453 631 1493 672 an
1505 609 1574 692 ipse

103 697 231 762 assiduat
242 693 387 772 lectione,
401 694 423 758 b
436 693 642 758 meditatione
655 697 828 772 sccnratos,
840 695 1034 778 perspicuos,
1048 701 1188 779 promtus
1200 699 1370 780 conceptus
1383 697 1421 760 de
1434 697 1572 782 singulis

13 805 15 864 j
103 784 273 868 capitibus,
298 784 320 848 ta
343 786 465 865 quaest.
487 783 687 847 catecheticis
700 780 837 846 formare
853 782 1073 866 &depromere
1086 788 1200 868 queat;
1216 785 1354 868 velitque
1367 786 1507 850 docenda
1523 786 1572 849 di-

104 895 200 952 scere,
213 873 236 939 &
248 869 433 936 fabricando
445 869 536 935 faber
547 870 634 938 fieri:
652 871 703 935 An
716 873 804 954 optet
817 875 852 934 ut
864 870 984 956 singuli
996 871 1205 956 prophetent:
1223 895 1263 937 an
1280 873 1313 936 iu
1330 895 1363 937 sc
1376 873 1494 938 sentiat
1511 874 1569 937 bc-

13 971 15 990 *
104 984 182 1026 num
194 960 273 1025 illud
285 958 476 1044 cognitionis
487 959 664 1043 spiritualis
679 981 747 1023 esse
760 959 1060 1024 communicativum
1072 961 1138 1024 sui:
1152 983 1192 1024 an
1205 965 1394 1045 perpetuum
1407 962 1434 1025 ll
1443 962 1568 1027 ¹clasiae

13 1063 15 1086 ³
105 1050 199 1136 istius
224 1047 429 1113 seminarium
455 1069 511 1112 seu
534 1048 730 1132 plantarium
745 1069 855 1112 curare
879 1049 1015 1133 cogitct;
1041 1050 1170 1132 ‘acrrjus
1198 1050 1396 1114 successione
1415 1053 1573 1116 successio

105 1137 268 1204 Ecclesiae
281 1135 467 1220 dependeat.

13 1247 14 1250 ¹
147 1225 208 1292 ΙΙΙ.
235 1227 361 1309 Quaest.
385 1225 435 1289 Au
450 1224 628 1309 promiscue
642 1225 803 1312 quibusvis
816 1245 922 1290 veram
934 1227 1478 1315 redipicucmcrterudprofilemitus
1490 1241 1573 1293 eate-

103 1316 295 1381 chezmiaucs
315 1315 378 1379 siat
394 1314 636 1394 committendae,
649 1326 704 1380 aru
720 1315 828 1379 saltem
843 1315 1090 1398 permittendae?
1114 1315 1204 1400 Hesp.
1220 1315 1248 1380 l.
1261 1317 1356 1380 ccccl.
1370 1317 1407 1380 de
1421 1317 1572 1380 ecclcsia-

13 1415 15 1422 ’
104 1405 194 1470 sticis
217 1407 241 1470 b
264 1401 410 1487 publicis,
435 1406 490 1466 aut
513 1403 802 1487 privato-publicis,
828 1403 901 1488 Nep.
924 1403 986 1469 uisi
1010 1405 1150 1488 propiori
1173 1407 1196 1470 la
1219 1403 1350 1488 speciali
1368 1405 1575 1489 indagatione

104 1493 257 1579 cognitio,
270 1491 417 1569 fidelitas,
430 1491 627 1570 orthodoxia,
642 1491 744 1575 pietas
757 1513 866 1556 eorum
875 1493 1040 1576 explorata
1049 1493 1101 1573 sit,
1111 1492 1269 1577 iidemque
1279 1492 1408 1576 speciali
1418 1493 1440 1559 u
1452 1493 1576 1558 solenni

103 1582 314 1666 promissione
338 1578 499 1644 Ecclesiae
520 1580 666 1664 obligati,
690 1580 713 1645 tt
738 1581 771 1644 in
797 1580 924 1665 publico
940 1581 1102 1647 Ecclesiae
1115 1603 1245 1653 munero
1258 1581 1442 1646 constituti:
1456 1579 1575 1657 Quales

103 1675 180 1734 sunt
204 1668 357 1746 Ministri,
377 1667 530 1732 Doctores
546 1667 714 1754 Theologi,
729 1673 931 1755 aegrotorum
945 1669 1176 1735 Consolatores.
1201 1668 1352 1754 Iniquum
1364 1674 1448 1734 esset
1461 1675 1574 1734 contra

102 1760 186 1823 tales
209 1756 341 1822 dubium
360 1778 497 1834 nrovcre,
510 1779 550 1820 an
562 1757 746 1838 orthodoxe,
760 1760 783 1824 b
795 1758 932 1823 fideliter
943 1759 983 1823 ad
999 1758 1250 1823 aedificationem
1264 1759 1322 1824 hoe
1334 1759 1436 1823 acturi
1453 1759 1518 1824 sint
1530 1783 1536 1835 ;
1550 1761 1573 1826 b

103 1870 143 1912 an
157 1869 220 1910 nan
234 1846 394 1922 scismata,
406 1844 571 1925 factiones,
584 1845 742 1924 haereses,
755 1846 917 1911 Ecclesiae
931 1849 954 1913 b
969 1845 1175 1931 Reipublicae
1187 1847 1444 1931 perturbationes
1458 1870 1496 1911 ex
1510 1847 1576 1911 illis

103 1933 409 2001 catechizationibns
418 1932 760 1999 metuendae.Tamdia
770 1935 842 2019 quis
850 1936 1064 2019 praesumitur
1073 1935 1289 2015 bonus,donec
1299 1936 1451 2020 probetur
1460 1936 1577 2001 malus.

102 2023 279 2108 Tasitisper
302 2039 379 2107 ergo
395 2021 539 2086 obtineat
557 2023 784 2106 praejudicium
804 2023 951 2107 publicae
969 2024 1143 2088 vocationis
1156 2025 1179 2090 b
1193 2024 1333 2089 solennis
1347 2025 1578 2109 promissionis.

105 2112 198 2189 Quod
221 2112 249 2177 si
273 2111 332 2175 sub
357 2111 469 2197 quovis
493 2110 598 2195 lapide
621 2111 780 2195 scorpium
792 2112 934 2177 invenire
947 2113 1118 2178 secmaris
1130 2135 1283 2197 quaerere
1296 2115 1319 2181 b
1332 2113 1453 2198 fingere
1466 2111 1578 2192 libeat,

102 2201 182 2286 quid
197 2201 327 2280 taudem
338 2199 394 2264 fiet
406 2200 445 2264 de
458 2199 670 2278 concionibus,
685 2201 818 2284 privatis
831 2201 1110 2281 consolationibus,
1123 2201 1391 2280 institutionibus,
1405 2201 1578 2285 collaqnis?

102 2289 229 2367 Quibus
252 2287 475 2368 ministerium,
499 2291 555 2352 aut
578 2287 729 2352 cathedra
751 2288 944 2374 theologica,
967 2293 1024 2354 aut
1035 2293 1239 2374 aegrotorum
1256 2289 1482 2358 &afflictorum
1501 2312 1577 2354 con·

102 2377 239 2443 scientia
261 2375 430 2441 commissa
445 2381 505 2456 est,
521 2376 586 2441 illis
604 2375 787 2457 Puerorum,
805 2377 1007 2458 afflictorum,
1021 2378 1466 2463 autaliorumignorantium,
1480 2379 1579 2462 siqui

102 2467 164 2532 hoa
177 2471 300 2552 petant,
312 2464 520 2530 catechizatio
532 2465 745 2549 permittenda
756 2487 819 2530 non
831 2466 916 2531 erit?
940 2465 1036 2531 Dicat
1055 2469 1138 2532 torte
1154 2467 1227 2552 quis
1240 2471 1259 2531 a
1271 2465 1430 2546 Ministm,
1445 2473 1500 2531 aut
1516 2465 1577 2530 Mi·

102 2555 226 2630 nistris,
239 2559 295 2619 aut
311 2552 465 2638 Synedrio
478 2553 571 2618 istius
583 2554 646 2618 loci
657 2553 845 2619 facultatem
858 2575 926 2620 esse
935 2555 1114 2638 petendam,
1123 2562 1179 2620 aut
1188 2556 1255 2639 ejas
1265 2555 1401 2640 speciale
1412 2556 1575 2620 decretum

102 2665 174 2709 esse
195 2641 453 2726 exspectandum,
473 2642 542 2706 sine
558 2663 667 2706 earum
680 2642 819 2707 motione
831 2647 985 2726 tanquam
997 2645 1092 2726 primi
1106 2645 1178 2708 istic
1190 2643 1250 2708 loci
1265 2643 1397 2708 motoris
1412 2643 1491 2707 nihil
1506 2665 1577 2706 mo-

102 2732 254 2798 vendum.
279 2732 371 2816 Resp.
397 2729 488 2814 quasi
511 2730 578 2795 scil.
605 2730 751 2815 publicus
774 2731 956 2817 theologiae
980 2730 1102 2811 Lector,
1127 2731 1287 2796 Ecclesiae
1312 2729 1434 2810 Pastor,
1457 2731 1576 2795 mobile

102 2822 231 2906 lignum
256 2823 348 2896 esset,
374 2822 430 2891 aut
454 2840 569 2903 purum
592 2825 704 2902 putum
721 2821 975 2883 instrumentum·
985 2820 1069 2903 quod
1080 2843 1141 2884 non
1156 2823 1233 2903 agat
1250 2821 1311 2884 nisi
1330 2820 1446 2884 virtute
1462 2841 1578 2883 causae

103 2909 302 2994 principalis,
327 2909 367 2972 ab
391 2912 429 2971 es
439 2907 473 2970 in
485 2911 556 2970 ortu
571 2929 633 2972 non
646 2911 782 2983 tantum,
801 2909 855 2972 scd
868 2909 890 2974 b
903 2909 936 2971 in
949 2913 1032 2986 actu,
1046 2911 1141 2992 atque
1153 2907 1304 2972 exercitio
1318 2907 1486 2990 potestatis
1500 2929 1577 2971 suae
1667 2949 1670 2954 -

101 2998 300 3082 dependens:
315 2996 407 3080 qussi
420 2994 502 3058 nihil
518 2995 583 3059 illis
599 2999 682 3059 esset
696 2997 854 3080 agendum
870 2999 927 3060 aut
938 2995 1136 3074 tentandam,
1150 2995 1212 3059 nisi
1222 2993 1577 3078 quodamnesMinistri

101 3087 200 3151 istius
214 3085 383 3160 Ecclesiae,
397 3084 530 3150 immo&
546 3083 644 3148 totins
657 3083 819 3148 districtus
831 3088 886 3148 aut
899 3081 1017 3167 Synodi
1031 3084 1120 3168 [pag.
1133 3084 1213 3168 844]
1226 3084 1293 3149 sive
1303 3084 1391 3168 prius
1403 3083 1469 3147 sive
1481 3083 1577 3147 simul

101 3196 202 3260 agere
227 3174 327 3239 velint
347 3174 370 3238 b
394 3172 534 3256 possint:
551 3173 574 3239 b
591 3172 617 3236 si
639 3172 733 3236 alicui
748 3195 786 3237 ex
799 3172 864 3236 illis
880 3193 942 3235 nan
954 3176 1054 3250 vacet,
1067 3177 1197 3236 autnon
1210 3172 1313 3236 visum
1327 3173 1369 3236 sit
1382 3171 1578 3235 necessarias

100 3263 371 3328 catechisationes
389 3261 560 3338 radiorum,
582 3265 638 3325 aut
657 3261 837 3325 adultorum
860 3260 971 3346 (ctiam
984 3261 1043 3325 hoc
1055 3260 1170 3324 obnixe
1186 3260 1374 3344 petentium,
1389 3259 1487 3324 etism
1501 3281 1576 3323 con-

100 3352 365 3437 sanguinearum,
387 3353 443 3414 aut
455 3349 628 3413 suricorum
641 3353 697 3413 aut
709 3349 967 3428 necessariorum,
981 3353 1038 3413 aut
1050 3348 1238 3432 vicinarum)
1251 3349 1421 3432 suscipere,
1437 3351 1492 3412 aut
1505 3369 1575 3412 sas·

100 3445 215 3524 captas
236 3439 437 3512 continuare3
454 3438 527 3502 ilico
543 3437 768 3522 quiescendum
785 3459 869 3502 esse:
891 3459 929 3502 ne
943 3437 1009 3502 scil.
1024 3441 1128 3500 motas
1141 3437 1184 3500 sit
1201 3436 1376 3514 anomalus,
1393 3435 1466 3501 &eo
1479 3435 1576 3500 lumi-

101 3528 203 3594 nibus
216 3529 351 3592 aliorum
364 3526 559 3606 obstruatur,
572 3525 690 3590 resides
702 3526 801 3589 animi
812 3525 992 3603 turbentur,
1006 3525 1096 3610 quies
1110 3525 1245 3589 aliorum
1259 3523 1409 3609 pudefiat.
1431 3521 1575 3608 siquem

101 3639 183 3682 cura
208 3614 647 3700 lraeceoqrrat,bversets11b
661 3618 787 3697 pectore
800 3613 873 3693 fixa,
887 3613 917 3676 ei
930 3613 1133 3699 suggerimus
1146 3612 1226 3678 illud
1239 3613 1416 3698 vulgatum.
1434 3609 1471 3676 In
1485 3611 1578 3675 bonis

101 3707 128 3770 b
144 3706 179 3769 in
193 3703 379 3769 necessariis
391 3705 530 3786 eaeaupla
542 3721 608 3767 uca
619 3703 834 3787 exspectanda,
848 3702 902 3766 sed
914 3701 1043 3778 darida5
1054 3704 1077 3767 ta
1089 3701 1170 3765 illud
1182 3699 1383 3778 Rabinicum,
1397 3701 1434 3765 Iu
1447 3700 1510 3766 loca
1523 3697 1578 3763 ubi

110 3795 167 3860 Vis·
179 3813 245 3858 nau
256 3803 309 3872 est,
322 3803 356 3858 tu
367 3803 395 3857 tc
414 3793 522 3857 Virum
533 3801 668 3876 praesta.
686 3789 796 3854 Pluris¹
804 3790 890 3854 fideli
903 3791 1047 3874 operario
1060 3793 1108 3854 est
1120 3789 1300 3854 necessaria
1308 3788 1476 3853 instructio
1486 3787 1576 3872 igno-

101 3881 260 3962 rantium,
279 3881 455 3946 multorum
474 3879 646 3957 conversio,
664 3879 687 3944 b
711 3878 889 3943 aedificatio
902 3877 1073 3957 Ecclesiae,
1089 3899 1185 3964 quam
1200 3899 1315 3941 vacum
1328 3878 1350 3942 b
1363 3874 1573 3960 imaginarias

102 3972 188 4036 licor
204 3975 256 4030 roa
267 3968 343 4029 servs
359 3990 397 4034 ex
410 3969 476 4033 otio
492 3967 701 4034 &cessatione
714 3965 774 4031 hac
786 3968 821 4031 in
836 3970 926 4050 parte
938 3969 1094 4050 captatus.
1119 3965 1180 4041 uui
1194 3968 1386 4049 potestatem
1400 3964 1498 4028 habet
1514 3961 1574 4028 sibi

104 4061 142 4124 in
157 4057 322 4122 vocatione
334 4057 374 4121 sd
387 4056 615 4141 professionem
627 4055 839 4140 theologicam
852 4056 874 4120 b
886 4054 925 4118 ad
935 4054 1147 4119 ministerium
1156 4053 1404 4119 ecclesiasticum
1413 4051 1577 4117 collatam:

104 4153 147 4213 eti
172 4145 223 4210 uti
245 4145 348 4210 debet.
373 4143 448 4210 Non
471 4143 681 4228 distinguitur
697 4143 748 4208 hic
764 4152 870 4224 χρῆσις
882 4143 905 4208 u
919 4151 1038 4212 areca:
1053 4141 1116 4207 nisi
1128 4140 1280 4226 Papalem
1292 4141 1355 4205 aris
1369 4139 1578 4226 apertionem,

106 4237 181 4302 sine
204 4237 269 4317 qua
281 4233 395 4298 creatis
408 4232 620 4299 cardinalibus
634 4231 667 4295 in
679 4231 827 4296 Conclavi
839 4253 895 4294 seu
907 4231 1101 4296 Consistorio
1114 4227 1258 4294 Romano
1269 4229 1359 4313 loqui
1371 4231 1395 4296 b
1407 4227 1578 4313 suffragari

105 4345 174 4390 nan
193 4321 277 4400 licet,
293 4322 413 4386 imitari
434 4322 584 4396 velimus3
607 4323 663 4384 aut
682 4319 916 4384 distinctionem
930 4320 1013 4384 inter
1027 4319 1223 4384 vocationem
1235 4323 1331 4402 atque
1343 4317 1574 4382 ordinationem

106 4411 267 4490 Ministri,
288 4412 310 4477 b
327 4409 411 4474 inter
423 4410 563 4494 ejusdem
576 4407 756 4472 missionem
771 4408 809 4472 ad
823 4409 1068 4493 praedicandum
1084 4410 1140 4473 aut
1153 4406 1390 4492 praeparatoriis
1402 4405 1579 4555 relampan-

831 4504 869 4562 19
1516 4513 1579 4572 uni,
