3752 4858
302 285 366 348 284
680 281 840 347 Poumcm
856 280 1105 345 Eecnnsnsrrnm
1127 277 1247 346 Pmsl.
1271 276 1393 344 Iriall.

307 470 536 548 ,stitutionem
549 492 622 533 cum
635 469 786 533 brevibus
797 469 988 552 quibusdam
1003 467 1260 551 precatiunculis,
1274 465 1297 530 dt
1309 465 1562 549 quaestiunculis
1574 463 1765 548 simplicissi-

308 560 398 639 ,mis,
426 559 465 622 ad
485 562 550 622 tres
574 557 783 622 Cateclreseos
805 560 911 641 partes
935 556 1192 622 accommodatis,
1216 555 1340 632 Quibus
1351 555 1423 620 addi
1436 557 1586 640 poterunt
1597 552 1766 638 insigniora

196 673 200 684 ·
308 649 482 732 ,quaedam
496 645 530 712 S.
544 645 728 732 Scripturae
744 646 839 726 dicta,
853 647 892 710 ad
904 647 1058 731 pietatem
1070 645 1253 710 excitantia.

354 736 517 815 ,Secunda
545 736 616 816 erit,
640 735 863 819 compendium
887 736 983 800 breve
1006 733 1214 800 Gatecheseos
1243 732 1419 812 Palatinae,
1444 732 1477 796 in
1489 731 1639 798 Ecclesiis
1651 731 1762 795 nostris

308 826 475 904 ,usitatae
499 823 537 889 In
561 847 624 908 quo
644 845 738 909 porro
750 824 960 890 inst'tuentnr
972 823 1006 904 ii,
1023 823 1080 908 qui
1091 823 1159 906 jam
1176 824 1284 908 aliquo
1296 821 1441 906 usquein
1452 821 1557 906 priore
1569 820 1763 905 profecerint

310 914 472 998 ,Utraque
497 917 605 978 autern
625 913 772 996 formula,
785 915 837 978 vel
850 913 1084 997 adenemplum
1095 911 1310 978 Ecclesiamm
1324 910 1536 989 Palatinatus,
1547 910 1600 975 vel
1612 909 1765 975 Ecclesiae

310 1003 628 1086 ,Middelburgensis
642 1003 693 1068 vel
705 1004 828 1068 ratione
844 1003 884 1068 ab
897 1003 958 1067 hac
973 1001 1100 1085 Synodo
1113 1001 1320 1085 praescripta,
1332 999 1586 1066 concinnabitnr.

355 1091 483 1172 ,Tertia
496 1090 557 1156 erit
569 1091 752 1157 catechesis
764 1091 924 1169 Palatina,
937 1091 978 1155 ab
990 1089 1142 1156 Ecclesiis
1158 1091 1276 1156 nostris
1288 1092 1428 1173 recepta,
1439 1088 1474 1153 in
1486 1092 1551 1172 qut
1562 1088 1766 1172 provectiores

311 1185 434 1260 ,aetate
461 1182 485 1248 dt
508 1179 654 1264 profectu
679 1180 874 1258 erudientur,
892 1180 1053 1246 Ecclesiae
1078 1181 1186 1244 autem
1204 1177 1479 1264 Gallo-Belgicae,
1500 1199 1582 1263 quaa
1598 1175 1767 1242 Genevensi

312 1268 495 1348 ,catechesi
507 1270 662 1334 hactenus
676 1273 821 1348 utuntur,
837 1268 978 1352 ejusdem
990 1267 1129 1333 usumin
1142 1267 1277 1346 Scholia,
1302 1271 1399 1351 atque
1411 1265 1563 1331 Ecclesiis
1578 1287 1703 1331 servare
1717 1287 1767 1348 po·

312 1359 415 1437 ,terit
427 1357 523 1422 .Aliis
537 1362 645 1423 autem
656 1357 897 1422 catechizandis
908 1357 1055 1422 formulis
1069 1356 1118 1420 uti
1131 1357 1222 1443 [pag.
1240 1357 1321 1444 837]
1337 1355 1586 1441 hudimagistris
1606 1354 1640 1418 in
1652 1353 1767 1419 Scholia

311 1470 393 1526 ,non
416 1446 535 1512 licebit.
560 1445 708 1532 Rogandi
729 1469 803 1512 vero
827 1445 1038 1532 Magistratus
1064 1449 1150 1525 sunt,
1174 1445 1441 1512 ntGatechismos
1454 1466 1565 1509 omnes
1580 1442 1767 1520 Pontificius,

311 1537 471 1620 ,aliosque
484 1535 583 1600 libros
595 1557 705 1602 omnes
718 1557 876 1614 erroneos,
890 1539 986 1619 atque
1001 1535 1156 1619 impuros,
1174 1557 1213 1600 ex
1229 1535 1376 1600 omuibus
1389 1533 1507 1600 scholis
1520 1533 1694 1598 autoritate
1706 1554 1767 1604 sua,

312 1626 424 1709 ,plane
444 1625 609 1690 eliminare
632 1625 748 1688 velint:
773 1623 939 1689 limabant
962 1645 1088 1708 quoque
1099 1622 1348 1709 Ludimagistri:
1362 1627 1398 1688 ut
1411 1622 1561 1706 discipuli
1572 1644 1637 1686 non
1652 1623 1770 1686 tantum

312 1715 425 1792 ,hasce
452 1713 606 1778 formulas
631 1713 790 1791 ediscant;
815 1713 869 1778 sed
893 1715 915 1779 a
939 1713 1117 1778 doctrinam
1139 1712 1253 1778 iisdem
1272 1711 1567 1796 contentamprobe
1580 1710 1769 1796 intelligant.
1847 1747 1849 1812 1

312 1804 432 1880 ,tluern
455 1803 488 1866 in
513 1803 609 1868 finem
633 1803 760 1867 easdem
779 1823 836 1885 pro
852 1802 1055 1886 parvulorum
1070 1805 1166 1885 captu
1178 1801 1314 1867 dilucide
1330 1801 1547 1886 explicabunt,
1564 1801 1641 1866 &an
1652 1821 1770 1865 sensum
1848 1819 1849 1840 ³

312 1896 416 1968 ,recte
440 1892 650 1975 perceperint,
665 1890 836 1975 diligenter
856 1913 892 1956 ac
912 1891 1038 1974 saepius
1054 1890 1293 1956 examinabunt.
1317 1890 1339 1956 J
1343 1892 1529 1956 urentutem
1542 1889 1770 1966 scholasticam,
1847 1909 1849 1972 .

314 1979 517 2064 ,disciplinae
540 2002 616 2045 suae
636 1981 848 2057 commissam,
861 1980 982 2064 singuli
997 1978 1227 2064 Ludimagistri
1240 1980 1279 2044 ad
1291 1979 1464 2044 audiendas
1477 1979 1646 2044 conciones
1662 1999 1770 2056 moras,
1847 1977 1849 2046 i

315 2068 480 2153 ,inprimis
492 2073 597 2134 autern
613 2062 841 2147 GatecheticaS,
854 2069 1020 2148 adducent,
1034 2089 1207 2153 carumque
1219 2069 1377 2134 rationem
1393 2068 1566 2153 diligenter
1578 2067 1733 2153 erigent..
1847 2051 1849 2088 ¹

358 2157 423 2236 ,De
437 2158 497 2222 fide
510 2163 618 2223 autem
631 2155 1167 2242 atqueiudustria·Praeeeptou1m,
1180 2158 1339 2242 simulque
1355 2159 1378 2224 tr
1391 2157 1429 2222 de
1437 2157 1618 2240 juventutis
1631 2155 1767 2240 profectu

315 2251 370 2324 ,ut
396 2250 530 2326 constet,
552 2246 694 2311 officium
721 2245 890 2310 Pastorum
914 2245 985 2325 erit,
1005 2245 1150 2312 adhibito
1162 2245 1303 2326 Seniore,
1318 2249 1351 2320 a.
1364 2246 1406 2332 (si
1421 2267 1501 2330 opus
1514 2245 1590 2330 erit)
1602 2245 1725 2330 aliquot
1735 2267 1768 2309 ex

318 2334 540 2420 ,Magistratm
553 2333 685 2400 Scholas
699 2356 808 2399 omnes
823 2338 891 2399 tam
903 2335 1055 2418 privatas,
1069 2357 1166 2420 quam
1179 2336 1322 2416 publicas
1335 2334 1521 2420 saepissima
1533 2335 1677 2412 visitare,
1685 2355 1768 2420 prae-
1848 2375 1849 2408 2

313 2428 495 2508 ,ceptorum
511 2423 711 2510 diligentiam
734 2445 857 2503 acuere,
881 2423 915 2488 in
937 2423 1061 2490 ratione
1072 2423 1296 2490 catechizandi
1307 2425 1442 2510 praeire,
1455 2428 1553 2508 atque
1565 2423 1768 2509 exemplosno
1848 2433 1849 2454 .

313 2512 510 2593 ,instituere
520 2513 722 2596 juventutem
738 2512 856 2576 blanda
872 2513 1116 2596 compellatione
1128 2514 1321 2594 examinare,
1345 2513 1527 2598 sanctisque
1544 2512 1767 2579 exhortationi·

313 2603 402 2679 ,bus
416 2601 714 2680 collaudationibus,
727 2601 750 2667 a
762 2602 945 2686 praemiolis
958 2605 977 2666 a
988 2601 1184 2688 Magistratu
1199 2602 1440 2682 constituendis,
1453 2603 1494 2667 ad
1509 2601 1702 2668 industriam
1716 2625 1764 2666 er·
1848 2619 1849 2634 ³

211 2765 213 2770 ,
314 2689 441 2768 ,citare
465 2689 701 2774 Praeceptores,
719 2694 744 2754 si
761 2689 817 2774 qui
832 2691 1081 2776 negligentiores
1098 2691 1132 2756 in
1144 2691 1261 2771 officio,
1280 2693 1522 2756 admoneantur.
1546 2690 1639 2766 Quod
1653 2692 1681 2756 si
1692 2691 1767 2754 hisce
1848 2725 1849 2762 1

314 2778 560 2857 ,monitionibus
574 2801 693 2844 morem
702 2801 766 2844 non
779 2778 936 2864 gesserint
950 2803 957 2857 ;
972 2781 1132 2865 rogandus
1146 2781 1207 2846 erit
1219 2779 1439 2866 Magistratus,
1465 2785 1503 2844 nt
1514 2783 1571 2844 aut
1583 2780 1625 2844 ad
1636 2779 1766 2845 officium
1848 2797 1849 2844 ξ

315 2867 514 2944 ,faciendum
538 2869 728 2932 auctoritate
744 2868 845 2951 ipsius
857 2869 1127 2954 constringantur,
1149 2873 1206 2934 ant
1221 2869 1278 2934 alii
1288 2870 1392 2955 magis
1408 2869 1515 2934 idonei
1526 2868 1767 2934 substituantur.
1848 2923 1849 2954 3

315 2955 478 3038 ,Denique
490 2958 663 3040 petendum
676 2961 695 3020 a
708 2954 902 3042 Magistratu
915 2958 987 3036 erit,
999 2979 1039 3022 ne
1051 2959 1137 3024 ullae
1149 2959 1276 3024 scholae
1289 2981 1371 3042 quae
1381 2963 1491 3024 sancta
1502 2957 1584 3023 haec
1596 2955 1765 3024 Catechira·
1848 2997 1849 3000 =

315 3044 429 3122 ,tionis
442 3045 604 3124 exercitia,
617 3049 748 3109 autnon
762 3046 947 3126 admittunt,
960 3051 1017 3112 ant
1027 3047 1209 3132 negligunt,
1220 3048 1408 3112 tolerentur.
1848 3063 1849 3070 ’

358 3133 545 3210 ,Pastorum
559 3134 592 3198 in
604 3133 747 3198 Ecclesia
764 3135 904 3200 muneris
918 3136 1136 3220 &prudentiae
1145 3137 1216 3217 erit,
1226 3135 1398 3202 Conciones
1408 3135 1640 3215 Gatecheticas,
1654 3157 1723 3202 eum
1733 3133 1766 3200 ad

315 3222 461 3299 ,modum
471 3222 598 3306 publice
614 3223 793 3304 instituere,
806 3226 843 3287 ut
859 3225 882 3289 fr
895 3223 1065 3302 breviores,
1078 3223 1101 3288 dt
1121 3225 1161 3290 ad
1174 3229 1305 3310 captum
1316 3247 1380 3289 non
1393 3225 1576 3290 adultorum
1588 3225 1697 3300 modo;
1720 3223 1767 3288 sed

314 3311 432 3394 ,ipsius
456 3333 582 3395 quoque
605 3309 802 3390 Juventutis,
822 3316 978 3395 quantum
1001 3313 1070 3377 fieri
1096 3315 1224 3398 poterit,
1237 3313 1580 3380 accommodataesint.
1605 3313 1764 3380 Laudanda

315 3421 458 3483 ,qnoque
472 3399 532 3464 erit
547 3399 717 3466 Pastorum
731 3401 899 3481 industria,
912 3401 1027 3484 quibus
1040 3403 1180 3468 studium
1192 3407 1289 3488 atque
1301 3402 1403 3469 otium
1412 3403 1483 3483 erit,
1492 3403 1623 3468 easdem
1634 3403 1668 3468 in
1679 3403 1765 3468 scho-

316 3488 385 3566 ,lis,
409 3489 598 3572 praesertim
621 3489 699 3568 ruri,
723 3489 895 3574 diligenter
918 3495 1072 3573 repetere,
1089 3493 1206 3576 quique
1220 3492 1362 3558 laborem
1382 3514 1456 3558 eum
1467 3513 1530 3558 non
1543 3491 1765 3557 detrectabunt.
1848 3493 1849 3502 ’

316 3575 380 3655 ,Ut
402 3577 575 3642 adultiores
594 3583 712 3656 autem,
736 3578 830 3662 &qui
843 3579 1025 3644 scholarum
1043 3581 1246 3647 institutione
1259 3586 1315 3646 aut
1327 3603 1493 3666 nunquam
1504 3580 1706 3658 usifnarunt,
1717 3582 1765 3644 aut
1848 3651 1849 3664 ἶ

316 3664 367 3744 ,in
386 3665 425 3730 iis
449 3688 512 3732 non
524 3667 603 3731 satis
615 3667 827 3750 profecerunt,
841 3667 874 3731 in
887 3666 1104 3735 fundamentis
1117 3668 1296 3755 Religionis
1309 3669 1510 3735 Christianae
1522 3669 1640 3735 melius
1654 3666 1760 3736 erudiri

317 3759 463 3837 ,queant
477 3756 567 3840 (quia
580 3755 776 3838 experientia
785 3756 886 3834 docet,
895 3757 1075 3824 ordinarias
1094 3759 1313 3824 institutiones
1328 3758 1581 3836 Ecclesiasticas,
1596 3763 1668 3823 tum
1682 3757 1764 3824 Cate-

318 3842 484 3923 ,rheticas
508 3848 578 3908 turn
591 3845 671 3909 alias
684 3845 768 3928 apud
779 3845 898 3910 multos
911 3867 974 3910 non
987 3847 1131 3912 sufficere
1149 3848 1189 3912 ad
1202 3869 1273 3912 eam
1285 3847 1464 3933 Religionis
1477 3846 1680 3913 Christianae
1691 3845 1764 3912 noti·

318 3930 414 4009 ,tiam
438 3932 503 3996 illis
527 3933 786 4018 ingenerandarn,
812 3957 893 4017 quae
917 3935 950 3999 in
969 3938 1087 4020 populo
1098 3936 1159 4002 Dei
1172 3937 1280 4021 vigere
1292 3937 1405 4013 debet;
1426 3939 1523 4019 atque
1535 3959 1613 4002 usus
1630 3940 1763 4009 testetur,
1848 3985 1849 3992 .

318 4019 507 4095 ,maximam
520 4043 587 4086 esse
599 4021 690 4086 vivae
702 4023 787 4087 vocis
800 4022 993 4100 efficacianr;
1006 4047 1078 4090 cum
1090 4047 1147 4109 per
1155 4025 1341 4106 familiares,
1350 4025 1374 4090 fa
1382 4025 1423 4090 ad
1431 4025 1634 4110 singulorum
1646 4029 1763 4110 captum

319 4111 596 4190 ,accommodatas
621 4109 892 4196 Interrogationes
919 4114 942 4178 fr
962 4113 1303 4200 Responsiones'(quae
1315 4115 1438 4199 optima
1450 4113 1677 4180 Catechiaandi
1694 4111 1764 4178 ratio

319 4199 394 4275 ,est,
418 4203 481 4280 qut
492 4197 685 4264 Rudimenta
701 4199 880 4286 Religionis
896 4202 1011 4268 animis
1032 4202 1275 4290 imprimuntur)
1288 4203 1458 4269 Pastorum
1469 4202 1614 4269 officinm
1633 4203 1703 4282 erit,
1724 4199 1765 4265 di·

319 4285 443 4364 ,scendi
465 4285 594 4370 cupidos
613 4289 771 4368 accedere,
794 4291 818 4356 a
841 4290 986 4357 adhibito
999 4290 1141 4372 Seniore,
1153 4292 1205 4357 vel
1220 4293 1261 4357 ad
1279 4293 1372 4358 aedes
1385 4293 1538 4377 privatas,
1552 4293 1604 4378 vel
1620 4291 1660 4358 ad
1673 4292 1763 4356 locum

318 4371 531 4458 ,consistorit
554 4377 605 4441 vel
624 4377 724 4448 alium
740 4378 879 4468 aliquem
900 4381 991 4468 [pag.
1013 4381 1095 4469 838]
1118 4381 1195 4448 huic
1213 4382 1330 4454 actioni
1343 4386 1572 4474 opportunum,
1580 4383 1701 4468 justum
1714 4377 1764 4444 ali·

1663 4487 1763 4560 ,quen
