3712 4850
263 401 268 422 Ι
312 315 376 382 222
667 321 751 386 Pras
774 315 800 386 l.
824 313 872 384 Dr.
895 311 1028 385 Oasscro
1053 322 1157 387 Pomr.
1182 313 1275 384 Eccr..
1299 313 1364 384 Iris.
1388 317 1414 386 I.

311 505 481 589 respiciunt
500 504 634 594 Ecclesia
653 503 684 570 ll·
703 505 800 570 ciuilis
821 505 1024 590 Magistratus
1043 509 1078 573 in
1096 509 1235 574 Euternct
1255 527 1381 573 cnorum
1398 508 1565 592 disciplina
1580 507 1775 573 bonosiani

310 595 487 670 sancieradb,
509 594 689 680 diversoque
707 595 800 660 ruodo
818 615 888 659 eant
907 596 1070 661 stabiliunt
1085 619 1122 662 ae
1137 609 1272 664 tuentur.
1296 599 1378 663 llaen
1390 597 1524 662 Ecclesia
1537 597 1659 682 respicit
1675 599 1703 662 l.
1718 596 1777 662 Dei

309 683 564 768 praeceptumit.
580 684 805 748 Conscientiam
814 685 964 770 cujusque
972 687 1103 752 membri
1112 687 1268 763 Ecclesiae,
1280 698 1313 752 ut
1322 688 1373 751 ille
1380 700 1423 751 est
1433 686 1607 752 rrutnbrurn
1614 687 1776 752 Ecclesiae.

257 817 267 844 .
309 774 340 836 3.
355 773 499 838 mosterii
510 772 753 859 aedificationem
765 774 858 865 etiaqe
871 773 1056 862 infidelium,
1069 788 1104 840 ut
1117 777 1259 841 incitetur
1271 776 1315 840 orl
1326 777 1430 842 &urie
1442 776 1675 860 aprrosceneluru
1684 775 1716 841 a
1725 797 1776 840 co-

310 861 604 926 bndtbrmltciuilis
615 861 817 946 Magistratus
828 863 1404 955 respicitpropribl.Tranquillitateur
1411 865 1570 949 publicaue
1578 865 1665 931 illiers
1675 875 1778 930 coclers

309 952 359 1016 eui
373 951 515 1034 irnpcrat.
528 950 559 1014 2.
573 951 701 1015 Facturn
713 963 887 1015 ecternurn.
902 952 931 1015 3.
947 954 1094 1018 Interesse
1105 955 1312 1038 privatorum,
1329 966 1501 1040 eapropter
1513 956 1778 1038 resultasinjurias

310 1039 451 1104 turbetur
463 1039 654 1124 Respublica.
667 1040 800 1106 Ecclesia
813 1061 844 1104 se
855 1052 959 1106 tuetur
975 1044 1048 1126 salis
1061 1044 1200 1108 ceresaria
1217 1041 1248 1108 bl
1262 1043 1530 1108 adrrtouitianibus
1545 1045 1777 1110 Ecclesiasticis.

310 1129 513 1214 Magistratus
525 1140 629 1192 autern
642 1130 765 1193 rrtrrlctis
778 1127 808 1195 a·
819 1131 965 1214 insaucii,
978 1152 1096 1196 caruere
1111 1130 1419 1216 represserunt.
1432 1130 1494 1196 Sed
1507 1132 1637 1215 objiciat
1650 1133 1742 1220 quis:
1759 1133 1775 1195 l

284 1225 292 1247 ³
311 1217 421 1302 Object.
445 1218 640 1301 Capitulcric
661 1218 764 1284 Caroli
777 1219 894 1303 dloqui,
909 1221 1065 1299 burlosici,
1083 1223 1186 1286 Caroli
1201 1222 1287 1287 Calui
1298 1222 1438 1307 aliaeque
1454 1220 1778 1310 Constitutionesjlm-

207 1343 216 1359 ·
307 1307 1654 1396 periitGoldastocollcctaeversanturcircaEcclesiastioa,&illisdirigiturllegimen
1665 1309 1778 1376 Eccle-

188 1473 196 1496 ι
309 1395 481 1462 siasticum.
496 1397 587 1480 llesp.
600 1393 661 1459 llla
674 1395 822 1479 Capitula
834 1396 874 1460 ab
887 1396 951 1461 illis
964 1403 1124 1482 concepta,
1135 1399 1306 1464 constituta
1316 1402 1339 1466 bt
1350 1399 1488 1463 formata
1500 1423 1562 1464 non
1572 1398 1729 1478 sunt‚fsed
1737 1400 1779 1463 ab

308 1484 475 1550 Ecclesiis:
493 1484 608 1548 abillis
622 1489 732 1568 postea
745 1485 921 1569 approbata
933 1487 956 1552 tt
968 1485 1104 1552 firmata.
1118 1487 1248 1552 Habent
1261 1510 1337 1573 crgo
1350 1488 1389 1552 ab
1402 1488 1553 1554 Ecclesiis
1567 1489 1779 1554 autoritatem

308 1573 523 1652 intrinsecam,
537 1573 748 1652 essentialem,
762 1577 873 1646 unctu,
889 1573 1161 1651 Ecclesiasticam;
1176 1577 1215 1640 ab
1227 1577 1473 1661 imperatoribus
1487 1579 1708 1657 extrinsecam,
1726 1600 1779 1642 ac·

309 1663 497 1728 cidentalcm
511 1684 567 1727 seu
579 1663 794 1738 accessorium,
812 1662 984 1746 politicam.
1000 1667 1029 1728 2.
1042 1666 1151 1750 Object.
1167 1665 1197 1732 tt·
1209 1667 1377 1731 instantia.-
1389 1665 1473 1732 Hinc
1483 1668 1596 1732 saltem
1609 1668 1779 1746 evincitur,

309 1775 377 1818 esse
394 1751 559 1835 utriusque
577 1751 750 1818 Potestatis
763 1751 874 1815 simul:
888 1756 984 1838 atque
997 1755 1074 1820 adeo
1087 1755 1126 1818 ad
1138 1753 1302 1819 Canonum
1316 1754 1509 1836 sanctionem
1524 1779 1710 1822 concurrere
1723 1757 1780 1821 de·

308 1841 383 1906 bere
400 1845 567 1924 utramque
583 1841 648 1904 aive
665 1840 888 1904 collateraliter
904 1842 969 1908 sive
982 1843 1197 1908 subordinatb.
1209 1845 1300 1928 llesp.
1315 1845 1387 1930 Nep.
1401 1845 1601 1910 antecedens:
1618 1846 1694 1930 quia
1706 1846 1780 1930 ipsa

309 1929 472 1996 Canonum
485 1928 647 2014 conceptio
656 1931 679 1994 dt
688 1929 873 1994 constitutio
880 1932 998 2015 pendet
1007 1935 1025 1996 ir
1034 1933 1100 1996 solt
1109 1931 1264 1997 Ecclesia:
1281 1933 1476 1998 &Canusium
1485 1935 1656 1999 eorundem
1665 1957 1781 2018 super-

309 2019 416 2084 addita
439 2018 569 2103 politica
586 2019 794 2096 confirmatio,
815 2041 871 2102 per
883 2042 980 2103 quam
992 2022 1025 2085 in
1037 2021 1155 2105 Legem
1169 2022 1332 2105 politicam
1347 2027 1523 2102 transeunt,
1541 2024 1639 2088 “asold
1650 2025 1781 2108 politia.

194 2102 205 2132 *
312 2105 356 2173 Ut
369 2129 445 2193 ergo
457 2106 667 2194 Magistratus
681 2111 746 2192 quit
757 2107 831 2172 talis
844 2107 877 2172 in
889 2109 977 2186 οἰκείῳ
989 2133 1064 2175 suae
1076 2110 1248 2175 Potestatis
1260 2113 1487 2195 apotelesmata
1499 2113 1693 2198 conpatitur
1702 2135 1781 2178 con-

309 2201 437 2276 sortem,
461 2197 507 2262 sio
533 2218 591 2261 nac
613 2196 757 2262 Ecclesia
772 2199 836 2281 quic
847 2198 922 2263 talis
935 2199 968 2263 in
985 2222 1051 2264 suo.
1065 2198 1128 2263 Par
1141 2200 1226 2264 eninr
1240 2201 1404 2285 utriusque
1417 2200 1476 2266 Jus
1490 2205 1552 2266 eat:
1567 2205 1694 2268 &suum
1709 2202 1781 2267 cui-

310 2308 381 2369 que,
407 2309 445 2350 ex
466 2284 610 2363 lustitia,
634 2286 812 2370 aequaliter
834 2287 1049 2368 tribuendum,
1073 2289 1169 2374 idque
1193 2311 1232 2353 ex
1251 2289 1282 2353 vi
1302 2292 1325 2356 tr
1349 2291 1544 2375 praescripto
1565 2292 1649 2376 juris
1664 2291 1780 2355 divini.

311 2375 340 2438 3.
359 2375 468 2461 Obiect.
481 2373 518 2439 In
530 2375 622 2459 praxi
634 2397 689 2439 seu
702 2376 901 2461 pragmatica
912 2376 1136 2443 Ecclesiastica
1148 2401 1210 2442 non
1226 2384 1359 2462 possunt
1372 2379 1490 2446 limites
1500 2379 1700 2445 Potestatum
1711 2385 1782 2446 tam

312 2467 458 2530 accurate
470 2485 595 2547 semper
607 2463 778 2549 distingui:
791 2464 899 2550 itaque·
912 2466 1032 2531 frustra
1045 2467 1235 2551 disputatur,
1249 2469 1325 2551 quid
1337 2468 1412 2534 huic
1424 2469 1500 2553 quid
1516 2469 1564 2533 illi
1579 2468 1602 2534 J
1602 2493 1658 2535 ure
1671 2471 1783 2535 diuino

206 2581 213 2600 ·
312 2556 472 2638 competat
486 2556 615 2617 autnon
629 2557 799 2637 competat.
808 2555 898 2638 Hesp.
910 2554 1007 2620 Aliud
1019 2559 1066 2621 est
1074 2556 1108 2620 in
1116 2579 1191 2621 casu
1200 2557 1409 2622 conscientiae
1419 2557 1640 2638 determinare,
1650 2559 1730 2643 quid
1739 2560 1783 2624 sit

312 2642 401 2708 buris
411 2644 501 2730 [pag.
512 2639 593 2726 267]
603 2641 762 2718 divini3ut
771 2645 981 2710 conscientiae
990 2669 1028 2710 ex
1036 2646 1132 2710 serbo
1140 2645 1201 2710 Dei
1210 2646 1711 2713 fideliterinformentur:&aliud
1721 2653 1782 2728 est,

313 2731 1783 2821 consiliuminrebusagendissuggerereautadmittere3an&quousque,&quomodoinjuriae

313 2825 492 2905 temporum
515 2821 538 2886 b
561 2819 727 2884 hominum
744 2827 886 2888 armatae
905 2823 1085 2888 infirmitati
1109 2825 1296 2906 cedendu1n;
1318 2829 1373 2889 aut
1385 2825 1507 2909 aliquid
1519 2826 1783 2910 permittendum,

314 2933 370 2976 seu
386 2909 594 2986 tolerandum,
608 2909 692 2992 quod
706 2910 779 2974 tolli
791 2933 853 2976 non
865 2916 979 2997 potest.
994 2911 1074 2978 (lum
1086 2913 1157 2997 quis
1169 2913 1410 2978 infirmitatibus
1424 2919 1479 2980 aut
1492 2915 1666 2980 defectibus
1675 2915 1784 2980 homi·

314 3022 392 3064 num
413 2999 448 3062 in
466 2996 635 3082 Regimine
654 2997 815 3066 Ecclesiae
836 3024 869 3066 se
889 3001 977 3065 salvet
995 3003 1079 3066 bona
1097 3002 1288 3066 conscientie
1300 3004 1516 3069 accommodat
1528 3004 1672 3089 exemplo
1683 3003 1783 3069 Pauli

318 3091 334 3152 1
362 3087 432 3153 Gor.
457 3087 487 3150 9.
501 3110 529 3150 v.
542 3088 595 3150 22.
612 3088 728 3152 Omnia
740 3090 885 3154 erunibus
897 3091 997 3175 sactus
1010 3113 1081 3156 setin
1097 3091 1151 3156 tte.
1165 3113 1228 3155 non
1241 3091 1335 3156 debet
1346 3097 1453 3157 tamen
1466 3092 1669 3158 infirmitates
1682 3095 1705 3159 b
1720 3095 1783 3158 de-

316 3178 417 3242 lectus
430 3176 501 3240 illos
510 3175 696 3260 approbare,
710 3178 829 3258 docere,
843 3179 1023 3258 defendere3
1038 3181 1153 3244 nedum
1162 3181 1356 3264 peceatailla
1365 3181 1582 3248 conniventiae
1591 3182 1626 3246 in
1634 3183 1783 3260 virtutes,

317 3269 339 3332 tt
362 3265 442 3331 Jura
466 3265 572 3328 divina
594 3265 833 3331 transformare.
848 3307 888 3315 —-
910 3270 970 3334 Vll.
991 3270 1094 3335 Probl.
1110 3269 1160 3333 An
1173 3269 1315 3334 Ganones
1329 3273 1347 3334 a
1360 3269 1578 3351 Pontificibus
1595 3271 1783 3356 Episcopis;

317 3377 356 3420 an
383 3358 454 3419 verb
478 3357 497 3418 ia
521 3352 656 3438 Synodis
676 3357 699 3420 dc
721 3354 932 3440 Presbyteriis
946 3359 1037 3422 condi
1050 3359 1205 3422 debeant?
1221 3359 1338 3442 lierni
1359 3361 1459 3425 Coraci.
1477 3359 1526 3424 De
1539 3360 1635 3446 Papia
1649 3361 1724 3445 tt'ep.
1737 3361 1783 3426 Et

183 3511 195 3537 ο
317 3444 432 3528 pendet
447 3443 508 3507 hoc
523 3465 561 3508 ex
573 3443 768 3526 quaestione,
784 3447 821 3510 de
834 3444 996 3512 Potestate
1012 3447 1128 3532 Papae.
1142 3448 1160 3508 2
1183 3449 1283 3512 Conci.
1297 3446 1345 3512 De
1357 3447 1524 3533 Episcopis
1536 3451 1618 3514 Dist.
1632 3450 1785 3534 &pendet

317 3533 377 3598 hoc
397 3555 435 3596 er
457 3531 669 3596 controversia
689 3533 726 3597 de
746 3532 959 3619 Episcopatu;
983 3559 1080 3620 quam
1099 3535 1184 3600 infra
1206 3539 1293 3604 Part.
1307 3538 1337 3601 2.
1351 3537 1555 3621 explicamus.
1572 3540 1591 3602 3
1607 3538 1709 3606 ebriet.
1733 3539 1784 3604 De

317 3620 1305 3706 Synodisnonestdubium;cumCanones&Constitutionesaar
1327 3624 1434 3706 ἐξοχὴν
1446 3626 1591 3692 dicantur
1600 3627 1783 3711 synodales.

317 3712 362 3776 Et
374 3711 411 3776 de
427 3709 545 3775 talibus
562 3710 689 3792 proprie
701 3710 754 3775 hic
765 3713 901 3797 agimus.
919 3713 991 3778 Non
1004 3718 1111 3778 tamen
1125 3713 1341 3778 subtrahenda
1357 3718 1406 3778 est
1418 3714 1563 3781 Potestas
1577 3717 1784 3800 particulari-

318 3801 378 3864 bus
391 3799 570 3884 quibusque
582 3798 742 3877 Ecclesia,
760 3801 842 3865 circa
855 3801 1004 3867 Ordinem
1021 3805 1044 3868 dt
1060 3802 1215 3887 Regimen
1229 3826 1322 3868 suum
1334 3805 1504 3883 statuendi,
1518 3828 1600 3889 quae
1612 3807 1694 3870 ratio
1707 3805 1783 3886 loci,

319 3889 480 3972 temporie,
493 3889 735 3970 &personarum
748 3889 820 3954 istic
832 3893 973 3974 postulat
986 3893 1025 3956 ad
1035 3893 1207 3956 maximam
1221 3891 1270 3956 sui
1282 3893 1542 3960 aedificationem.
1555 3893 1613 3960 Uti
1625 3895 1684 3960 hoc
1695 3895 1727 3959 in
1759 3918 1784 3959 rr

320 3979 398 4042 alios
410 3978 659 4041 notatDanacus
667 3977 732 4042 bib.
745 3980 793 4044 cit.
803 4001 868 4063 cup.
884 3982 934 4044 12.
949 3983 1004 4064 qui
1013 3981 1089 4045 ibid.
1102 4003 1170 4065 cap.
1183 3983 1233 4044 13.
1246 3983 1337 4060 Narn,
1348 3983 1461 4066 inquit,
1472 3984 1727 4050 inconibils'uter
1759 3997 1783 4062 l,

318 4068 338 4131 lt
362 4067 510 4131 institisse
533 4067 683 4145 Ecclesiis,
707 4088 751 4132 un
776 4069 814 4133 ab
828 4071 1731 4161 uncidictitaratlatieorulitiquesuarint,quodcrlscautiu
1759 4095 1784 4139 cs

319 4168 444 4221 trostras
466 4155 606 4239 pertinet.
632 4155 701 4220 Hoc
723 4161 831 4222 tamen
856 4160 1039 4238 cavendum,
1064 4183 1102 4224 ne
1116 4161 1192 4244 quid
1205 4160 1387 4224 Canonibus
1400 4161 1606 4245 synodalibus
1619 4163 1731 4248 sapien
1759 4185 1784 4228 er

320 4244 456 4310 statutis
468 4266 526 4328 per
540 4243 748 4327 municipales
760 4246 833 4312 illos
847 4247 905 4332 (ita
918 4248 1043 4333 loquar)
1056 4249 1242 4334 derogatum
1257 4254 1313 4313 aut
1324 4249 1547 4317 additamentis
1560 4251 1735 4317 Classicalit
1759 4277 1783 4318 n

320 4357 357 4399 ac
379 4331 665 4416 Presbyterialium
690 4334 755 4399 sive
778 4334 985 4402 Decretorum
998 4339 1063 4402 sive
1076 4337 1248 4416 (lenonum,
1262 4337 1404 4403 Ecclesia
1418 4339 1547 4425 ejusque
1560 4339 1717 4426 Regimen
1732 4366 1735 4406 1
1759 4343 1783 4406 i·

320 4423 420 4488 mium
432 4425 589 4498 oneretur,
602 4422 625 4486 b
638 4422 814 4489 aedificatio
827 4427 1036 4510 opprimatur,
1049 4433 1105 4492 aut
1117 4429 1230 4493 saltem
1241 4426 1444 4513 impediatur.
1463 4431 1473 4458 ‘

1695 4521 1723 4600 β.
1759 4523 1783 4587 l.
