3736 4860
285 315 398 390 Tutor.
411 321 454 390 II.
477 317 637 391 8333111.
660 319 709 388 De
731 322 1014 388 Aontutsrmrrons
1037 319 1183 387 Birrrsso
1208 321 1280 388 (lm.
1302 321 1362 390 IV.
1491 323 1554 390 177

86 512 135 578 nis
159 510 388 576 monitionibus
409 522 435 576 te
450 509 605 594 subjicere.
632 509 722 577 flutio
738 509 868 595 Discipt.
880 510 1046 576 inanitate
1060 511 1200 595 fratrum
1215 509 1426 576 Botemorurn
1441 527 1508 591 cop.
1524 509 1555 573 3.

86 600 203 678 refert,
228 599 268 664 ad
291 621 421 664 coenam
444 599 631 683 recipiendis
654 599 685 664 in
711 599 849 664 13133313
871 599 1042 684 baptizatis
1058 601 1081 665 83
1096 599 1129 663 13
1144 600 1206 664 fide
1219 599 1369 678 educatis,
1383 597 1467 662 inter
1479 597 1557 662 alias

86 690 172 754 hanc
188 688 409 774 quaestionem
421 689 568 773 proponi:
582 691 635 755 An
645 690 739 756 uelint
752 689 862 774 foedus
875 690 909 754 in
922 689 1087 775 Buptisueo
1099 709 1170 754 curn
1182 689 1339 767 Deciani,
1352 707 1510 752 retrouore.

130 779 164 854 5,
192 779 316 859 Qetoest.
333 779 383 843 An
397 779 554 862 Confessio
565 779 648 866 fidei,
661 799 732 843 eum
744 779 975 844 renuntiatione
986 778 1180 866 infidelitatis
1191 789 1246 844 out
1257 777 1409 865 perfidiae
1421 777 1462 864 (si
1474 777 1509 840 in
1521 782 1555 841 et

85 866 215 949 3133313)
238 865 268 931 u·
288 867 497 1018 promissione
505 868 628 950 pietatis
639 867 759 952 publice
774 888 879 933 eorem
893 867 1027 933 Ecebsiti
1039 866 1076 930 ub
1088 867 1206 932 oduttt's
1218 867 1257 932 sit
1273 865 1441 952 [33133131
1464 866 1559 950 llesp.
1626 921 1630 928 .

85 957 153 1044 Ass.
178 955 301 1018 Potest·
276 959 368 1019 baut
369 978 421 1020 em
443 978 481 1021 ea
505 978 573 1021 esse
585 956 636 1022 vel
652 956 826 1021 summaria
841 979 896 1021 seu
912 955 1082 1041 generalis,
1096 955 1146 1020 vel
1158 960 1231 1040 part
1217 955 1361 1020 ticularis
1376 977 1435 1040 per
1447 955 1554 1018 omnis

86 1045 163 1110 fidei
183 1044 419 1129 dogmatatDe
441 1044 550 1129 priori,
571 1049 843 1130 qumrequrraur
858 1045 891 1108 in
908 1044 1450 1128 1133313333,33333313313331313.
1476 1041 1558 1108 Cum

87 1135 177 1199 eninr
201 1136 251 1196 tot
252 1155 270 1197 3
237 1132 435 1198 3113313313
459 1133 553 1218 Bapt'
545 1133 618 1198 tsmi
641 1133 789 1224 spectat'
764 1133 928 1200 nxbtt
880 1138 928 1198 est
929 1134 956 1198 is
970 1137 1018 1197 est
1004 1133 1131 1212 313333
1117 1137 1214 1198 team
1231 1132 1321 1212 scire,
1339 1131 1480 1219 qualis&
1493 1136 1557 1218 qua

86 1221 272 1288 conditione
289 1222 479 1306 baptizetur.
503 1221 610 1287 Sed
585 1246 613 1287 ss
632 1213 818 1307 Baptismus
836 1223 917 1287 olam
938 1184 1139 1286 adrniiristt
1075 1225 1139 1286 ttre
1142 1245 1178 1286 ur
1194 1221 1292 1324 (quod
1312 1220 1447 1307 aliquo
1438 1243 1472 1284 ι3
1484 1242 1559 1286 3333

86 1310 874 1390 3133113533),33111313333133313333331133333
887 1303 1560 1396 Μ13133333111133311333331333.13331331

86 1401 126 1466 31
138 1398 373 1466 confessionem
385 1399 408 1464 b
421 1421 553 1465 examen
565 1424 622 1485 per
634 1400 740 1465 omnia
751 1400 858 1484 capita
870 1399 1045 1486 religionis
1058 1403 1094 1464 33
1103 1422 1139 1464 33
1148 1399 1337 1483 publioefiab
1346 1420 1451 1463 coram
1459 1397 1558 1462 Ucetu

87 1489 266 1567 Ecclesiae,
280 1488 335 1552 ubi
356 1488 435 1574 bapt
437 1489 548 1566 inetur,
562 1490 730 1554 admodum
744 1489 823 1554 utile
836 1492 885 1553 333
897 1488 1006 1554 &facit
1019 1489 1059 1552 ad
1071 1489 1281 1573 plurimorum
1294 1487 1450 1552 aedificat
1426 1491 1557 1553 tronem.

88 1577 125 1643 ln
139 1577 298 1642 Ecclesiis
311 1577 451 1663 Belgicis
464 1579 517 1642 ubi
532 1578 633 1643 adulti
646 1579 785 1642 nondum
794 1578 950 1662 baptizati
963 1600 1002 1642 ex
1011 1577 1300 1661 Anabaptistarum
1309 1575 1419 1641 liberis
1425 1576 1559 1641 subinde

88 1668 129 1733 ad
156 1687 216 1732 nos
240 1669 417 1744 transeunt,
441 1667 573 1730 memini
595 1667 655 1732 hoc
678 1667 848 1753 aliquoties
867 1667 998 1731 factum.
1024 1665 1195 1750 Philippus
1208 1667 1338 1731 Hoenen
1350 1663 1559 1731 Ecclesiastes

88 1755 382 1841 Magdeburgensis
405 1753 438 1818 in
460 1755 543 1820 libro
555 1755 768 1821 ecclesiastico
781 1755 892 1840 lingui
905 1753 1093 1820 Germanice
1106 1777 1188 1819 3333
1203 1753 1298 1818 1650.
1313 1754 1398 1819 edito
1410 1754 1461 1818 313.
1479 1755 1558 1820 Kir-

88 1844 253 1910 ebenbueb
265 1855 341 1909 tract
367 1846 394 1908 1.
408 1844 446 1908 de
458 1846 621 1928 Baptismo
633 1844 731 1910 refert
746 1844 914 1910 historiam
927 1842 1106 1909 Salomonis
1115 1842 1559 1928 BurgalliMuhammedistse

90 1933 271 2000 solenniter
293 1954 376 1997 anno
399 1934 494 1998 1573.
519 1932 622 1998 Halae
634 1932 795 1998 Saxonum
808 1933 972 2017 baptizati,
986 1933 1040 1998 sed
1052 1932 1225 2017 praemisso
1238 1933 1354 1997 iterato
1367 1932 1523 2011 exantine,
1537 1934 1560 1999 tt

90 2021 303 2098 confessione,
328 2044 384 2105 per
406 2023 513 2087 omnia
525 2023 630 2108 capita
643 2022 807 2108 religionis
821 2022 946 2104 publice
958 2022 1017 2086 int
1003 2022 1123 2106 templo
1136 2044 1244 2086 coram
1256 2021 1379 2108 aliquot
1394 2021 1561 2086 hominum

91 2111 252 2176 millibus
266 2109 394 2186 Quod
369 2133 396 2175 st
408 2115 463 2176 333
466 2133 516 2176 em
528 2133 584 2196 per
596 2113 745 2176 circumst
746 2115 802 2174 ant
731 2111 880 2175 ttialia
891 2110 1010 2175 alicubi
1025 2133 1089 2175 non
1101 2115 1127 2174 1
1128 2135 1147 2174 a
1113 2111 1321 2176 tcommod'e
1334 2110 1488 2193 ejusmodi
1501 2133 1561 2196 pu·

91 2202 216 2266 blicum
233 2201 256 2265 b
273 2198 464 2283 particulare
481 2223 613 2266 examen
629 2200 752 2264 institui
773 2203 881 2286 queat,
857 2199 943 2266 tibi
959 2203 995 2264 33
982 2200 1112 2264 tendum
1125 2204 1174 2265 est
1185 2197 1306 2276 δευτέρῳ
1319 2201 1391 2260 ertit
1406 2201 1456 2286 (ut
1468 2200 1537 2264 est
1528 2219 1561 2264 tn

93 2289 293 2374 proverbio):
308 2290 426 2353 hoct
379 2295 426 2354 est
429 2289 635 2373 particulari
649 2289 691 2356 b
683 2313 694 2353 ι
696 2292 798 2353 terato
811 2288 955 2353 examine
968 2287 991 2352 b
1002 2287 1197 2354 confessione
1210 2311 1316 2354 coram
1330 2285 1495 2373 synedria
1506 2293 1562 2353 ant

92 2341 1279 2530 11313333383331311333333333,33333313333133313,3333333331
1306 2378 1336 2442 4.
1367 2381 1423 2442 333
1409 2378 1475 2441 35
1487 2399 1561 2462 pro·

92 2468 219 2552 positas
242 2470 354 2552 quaest
355 2467 442 2532 iones
467 2490 573 2532 coram
596 2465 818 2532 1133133133
762 2470 836 2532 3333
860 2469 967 2530 actum
992 2428 1084 2552 Bsipt'
1076 2467 1149 2532 tsmi
1173 2466 1345 2532 edendune
1357 2467 1560 2551 imponenda.

93 2557 166 2632 Quo
189 2559 300 2620 tamen
316 2556 526 2640 praejudicari
545 2579 608 2620 non
627 2557 721 2622 debet
736 2555 801 2621 illis
814 2553 965 2620 1133133113
978 2555 1034 2620 331
1046 2555 1248 2640 particularis
1266 2553 1421 2621 confessio
1434 2556 1561 2640 publicis

94 2644 236 2710 antehac
252 2643 337 2708 edita
354 2644 425 2724 fnit,
443 2649 543 2710 nutet
528 2645 686 2710 tiamnum
699 2645 749 2711 edi
761 2645 851 2710 solet.
876 2642 990 2746 Neque
1003 2644 1088 2709 enim
1105 2644 1128 2709 ii
1141 2645 1196 2731 qui
1209 2644 1342 2710 3333313
1357 2645 1489 2729 navigat
1475 2645 1562 2709 tione

94 2735 165 2798 sive
184 2733 294 2798 volent
280 2737 328 2797 tes
348 2733 414 2798 sive
430 2734 630 2799 nolentest
594 2740 630 2799 ut
631 2758 673 2798 33
675 2738 737 2814 3,33
757 2734 837 2798 31133
851 2732 905 2819 qui
920 2733 1025 2817 primia
1037 2733 1085 2799 uti
1099 2735 1266 2818 possunt&
1280 2733 1401 2812 volun
1415 2733 1562 2798 adsuunt

97 2822 267 2888 modulum
286 2822 310 2887 tt
328 2843 449 2888 morem
462 2823 552 2910 [pag.
569 2823 648 2909 703]
662 2822 951 2888 revocaredebent:
923 2827 1112 2908 ttpraetex
1113 2847 1134 2888 u
1099 2823 1214 2888 tscil.
1228 2822 1400 2887 servandae
1413 2822 1561 2909 aequali-

94 2911 176 2976 tatis
189 2911 214 2976 dr
225 2909 465 2977 uniformitatis.

142 2998 202 3064 IV.
230 2999 351 3066 Obtorto
363 3023 419 3066 seu
435 3000 579 3077 addentia
598 3001 867 3085 baptizandorum.
891 3001 940 3067 Ε3
955 3001 1090 3085 requirit
1076 3000 1192 3080 33133,
1205 3001 1402 3083 Baptismum
1415 2999 1564 3068 turbares

93 3091 128 3154 in
153 3087 298 3154 Ecclesia
317 3088 613 3154 administrandum.
639 3089 675 3156 Si
691 3091 829 3176 insontes
841 3091 916 3170 3133,
930 3093 948 3154 b
960 3089 1146 3173 parentibus
1170 3089 1367 3174 baptismum
1379 3089 1562 3173 petendum,

93 3181 118 3246 3
143 3179 227 3243 tales
250 3178 403 3262 petitores
426 3180 668 3264 cognoscendos,
686 3202 725 3244 33
739 3180 803 3244 3133
818 3177 983 3258 foederati,
997 3201 1033 3243 ex
1049 3178 1221 3262 dictisoap.
1236 3177 1486 3243 amonitarum
1504 3182 1562 3242 est.

93 3267 265 3352 Siquidem
288 3265 428 3332 infantes
453 3271 675 3332 extraneorum
700 3271 719 3332 3
742 3269 802 3334 fide
813 3268 972 3353 baptizari
983 3288 1045 3332 non
1059 3267 1191 3343 debent;
1205 3272 1241 3332 nt
1254 3267 1372 3333 ibidem
1388 3271 1561 3332 ostensum.

92 3355 158 3424 Sin
179 3355 293 3436 adulti,
316 3360 415 3421 testes
438 3359 461 3423 dr
477 3356 596 3441 parasii
612 3357 828 3442 requiruntur,
842 3357 897 3442 qui
911 3358 984 3421 viria
997 3379 1071 3422 voce
1084 3357 1133 3419 vel
1147 3357 1265 3440 scripto
1278 3357 1441 3422 ministros
1457 3355 1562 3420 infor-

93 3449 188 3510 ment
211 3445 249 3509 de
266 3445 343 3524 vitet,
356 3445 508 3526 moribus,
525 3445 682 3526 instituto,
695 3445 976 3530 baptizandorum:
994 3445 1049 3529 qui
1061 3447 1112 3510 vel
1125 3446 1297 3530 peregrini,
1311 3446 1361 3511 vel
1373 3466 1563 3530 magnarum

12 3539 13 3542 ’
93 3534 228 3600 urbium
241 3533 392 3617 inquilini
405 3539 461 3599 ant
473 3535 556 3602 cives
569 3539 653 3614 sunt;
666 3538 689 3602 b
701 3539 930 3620 consequenter
942 3534 1096 3600 ministris
1111 3535 1330 3618 utplurimum
1342 3536 1422 3599 haut
1431 3534 1476 3598 ita
1484 3533 1564 3599 noti.

92 3621 163 3689 Sed
186 3623 219 3686 in
235 3622 459 3707 oppidulorum
476 3627 532 3688 aut
545 3623 684 3688 vicorum
697 3623 863 3708 inquilinis
875 3647 912 3690 33
924 3623 1046 3690 civibus
1062 3623 1299 3709 cognoscendis,
1312 3623 1448 3688 aliorum
1464 3623 1564 3687 infor·

92 3711 240 3777 mationa
262 3711 402 3777 ministri
414 3713 467 3778 vix
479 3712 622 3798 indigere
634 3713 791 3779 videntur.
815 3712 850 3780 Si
863 3713 934 3798 quis
947 3718 1055 3778 tamen
1067 3713 1107 3776 ad
1119 3713 1383 3778 abundantiorem
1395 3711 1563 3792 cautelam,

92 3801 356 3880 domesticorum,
368 3807 425 3866 aut
436 3801 621 3881 vicinorum,
635 3807 691 3867 aut
702 3802 781 3887 ipsis
793 3801 1002 3868 familiarium
1014 3801 1196 3866 testimonia
1209 3802 1318 3866 audire
1334 3801 1422 3880 velit,
1435 3823 1564 3885 operam

12 3933 14 3962 ;
92 3912 166 3956 333
187 3890 311 3955 luserit.
335 3887 460 3955 Pararii
484 3891 543 3972 illi,
567 3891 622 3975 qui
635 3891 795 3956 adducunt
807 3891 932 3956 adultos
945 3894 1001 3955 aut
1013 3893 1141 3974 portant
1151 3891 1302 3974 parvulos
1315 3889 1354 3954 31
1366 3889 1564 3974 baptismum

12 4045 13 4066 3
93 3978 199 4045 variis
223 3978 404 4045 nominibus
428 3980 512 4065 apud
535 3979 763 4046 ecclesiasticos
779 3981 948 4065 scriptores
961 3978 1184 4064 indignantur,
1199 3990 1424 4064 susceptorum,
1439 3990 1565 4063 peston·

93 4071 194 4146 tium,
218 4069 426 4154 offerentium,
451 4069 682 4157 pennatorum,
706 4090 907 4156 sponsorum,
931 4069 1102 4143 doctorum,
1127 4068 1199 4176 pelei
1226 4069 1391 4134 ductorum
1395 4080 1565 4154 ‚,'potrutu

88 4157 315 4245 patrinorum,
338 4170 546 4244 eorttpotrum,
570 4172 789 4226 comrnutrum.
813 4157 851 4222 In
875 4160 998 4220 nostrat
984 4157 1068 4221 telit
1054 4157 1172 4242 turgisi,
1187 4157 1356 4222 &decretis
1373 4159 1565 4242 synodorum

94 4245 319 4330 Belgicarum,
336 4251 372 4312 ut
383 4249 406 4314 b
418 4248 572 4334 catalogis
585 4271 641 4313 seu
656 4249 775 4313 tabulis
788 4245 1033 4350 baptismalibus
1034 4267 1138 4329 ,quae
1152 4246 1184 4309 in
1197 4246 1310 4330 topicis
1324 4246 1503 4331 quibusque
1516 4267 1563 4310 ec·

91 4333 208 4402 clesiis
231 4341 409 4417 serrantur,
433 4341 566 4422 usurtpa
570 4361 606 4401 ur
629 4360 742 4402 nomen
767 4337 900 4414 testium,
925 4335 1103 4400 distincte·
1097 4335 1319 4419 aparentibus
1340 4335 1474 4400 offer-ten
1476 4335 1564 4398 ibus:

12 4487 14 4504 ,
92 4424 251 4510 quamvis
270 4429 417 4508 parentes
435 4426 546 4512 lingub
558 4425 689 4512 Belgica
702 4427 827 4494 eosdem
840 4385 1032 4509 compellant
1034 4447 1076 4504 33,
1093 4425 1304 4490 communiter
1316 4428 1428 4489 vocent
1439 4443 1565 4506 correpu-

818 4516 858 4579 12
1507 4523 1568 4576 tres
