<?xml version="1.0" encoding="UTF-8"?>
<!DOCTYPE html PUBLIC "-//W3C//DTD XHTML 1.0 Transitional//EN"
    "http://www.w3.org/TR/xhtml1/DTD/xhtml1-transitional.dtd">
<html xmlns="http://www.w3.org/1999/xhtml" xml:lang="en" lang="en">
 <head>
  <title>
</title>
<meta http-equiv="Content-Type" content="text/html;charset=utf-8" />
  <meta name='ocr-system' content='tesseract 3.04.00' />
  <meta name='ocr-capabilities' content='ocr_page ocr_carea ocr_par ocr_line ocrx_word'/>
</head>
<body>
  <div class='ocr_page' id='page_1' title='image "./gisbertivoetiit00rutggoog_0208.png"; bbox 0 0 3712 4850; ppageno 0'>
   <div class='ocr_carea' id='block_1_1' title="bbox 300 281 1409 360">
    <p class='ocr_par' dir='ltr' id='par_1_1' title="bbox 300 281 1409 360">
     <span class='ocr_line' id='line_1_1' title="bbox 300 281 1409 360; baseline -0.005 -8"><span class='ocrx_word' id='word_1_1' title='bbox 300 289 362 352; x_wconf 80' lang='lat'>180</span> <span class='ocrx_word' id='word_1_2' title='bbox 662 284 743 350; x_wconf 75' lang='lat' dir='ltr'>Plus</span> <span class='ocrx_word' id='word_1_3' title='bbox 766 283 793 358; x_wconf 87' lang='grc' dir='ltr'>Ι.</span> <span class='ocrx_word' id='word_1_4' title='bbox 817 283 865 349; x_wconf 83' lang='lat' dir='ltr'>Da</span> <span class='ocrx_word' id='word_1_5' title='bbox 891 285 1024 352; x_wconf 82' lang='lat' dir='ltr'>(lumem</span> <span class='ocrx_word' id='word_1_6' title='bbox 1051 285 1153 350; x_wconf 82' lang='lat' dir='ltr'>Poum.</span> <span class='ocrx_word' id='word_1_7' title='bbox 1179 283 1272 360; x_wconf 73' lang='lat' dir='ltr'>Ecca.</span> <span class='ocrx_word' id='word_1_8' title='bbox 1295 283 1360 348; x_wconf 82' lang='lat' dir='ltr'>Lm</span> <span class='ocrx_word' id='word_1_9' title='bbox 1385 281 1409 347; x_wconf 91' lang='lat' dir='ltr'>l.</span> 
     </span>
    </p>
   </div>
   <div class='ocr_carea' id='block_1_2' title="bbox 298 468 1788 4516">
    <p class='ocr_par' dir='ltr' id='par_1_2' title="bbox 298 468 1788 4516">
     <span class='ocr_line' id='line_1_2' title="bbox 298 468 1773 559; baseline -0.003 -19"><span class='ocrx_word' id='word_1_10' title='bbox 298 475 475 540; x_wconf 88' lang='lat' dir='ltr'>clesiastico</span> <span class='ocrx_word' id='word_1_11' title='bbox 489 475 581 538; x_wconf 89' lang='lat' dir='ltr'>modo</span> <span class='ocrx_word' id='word_1_12' title='bbox 594 474 774 559; x_wconf 80' lang='lat' dir='ltr'>peragenda</span> <span class='ocrx_word' id='word_1_13' title='bbox 786 497 792 548; x_wconf 88' lang='lat'>;</span> <span class='ocrx_word' id='word_1_14' title='bbox 810 479 846 537; x_wconf 89' lang='lat' dir='ltr'>ut</span> <span class='ocrx_word' id='word_1_15' title='bbox 859 473 962 557; x_wconf 88' lang='lat' dir='ltr'>primo</span> <span class='ocrx_word' id='word_1_16' title='bbox 975 472 1135 535; x_wconf 74' lang='lat' dir='ltr'>malimus</span> <span class='ocrx_word' id='word_1_17' title='bbox 1148 471 1348 550; x_wconf 89' lang='lat' dir='ltr'>conveniant,</span> <span class='ocrx_word' id='word_1_18' title='bbox 1364 493 1398 533; x_wconf 86' lang='lat' dir='ltr'>ex</span> <span class='ocrx_word' id='word_1_19' title='bbox 1412 468 1610 533; x_wconf 75' lang='lat' dir='ltr'><strong>auditoribus</strong></span> <span class='ocrx_word' id='word_1_20' title='bbox 1624 472 1773 536; x_wconf 88' lang='lat' dir='ltr'>membra</span> 
     </span>
     <span class='ocr_line' id='line_1_3' title="bbox 298 555 1771 644; baseline -0.002 -15"><span class='ocrx_word' id='word_1_21' title='bbox 298 565 477 629; x_wconf 80' lang='lat' dir='ltr'>formentur</span> <span class='ocrx_word' id='word_1_22' title='bbox 500 568 556 628; x_wconf 89' lang='lat' dir='ltr'>aut</span> <span class='ocrx_word' id='word_1_23' title='bbox 578 564 722 626; x_wconf 90' lang='lat' dir='ltr'>merubra</span> <span class='ocrx_word' id='word_1_24' title='bbox 745 555 873 626; x_wconf 87' lang='lat' dir='ltr'>aliuu&#39;de</span> <span class='ocrx_word' id='word_1_25' title='bbox 894 561 1096 626; x_wconf 72' lang='lat' dir='ltr'>advenientia</span> <span class='ocrx_word' id='word_1_26' title='bbox 1108 561 1141 624; x_wconf 94' lang='lat' dir='ltr'>in</span> <span class='ocrx_word' id='word_1_27' title='bbox 1154 565 1278 624; x_wconf 89' lang='lat' dir='ltr'>coetum</span> <span class='ocrx_word' id='word_1_28' title='bbox 1291 565 1455 644; x_wconf 72' lang='lat' dir='ltr'>cogantur,</span> <span class='ocrx_word' id='word_1_29' title='bbox 1469 561 1490 625; x_wconf 83' lang='lat' dir='ltr'>d</span> <span class='ocrx_word' id='word_1_30' title='bbox 1504 559 1669 642; x_wconf 70' lang='lat' dir='ltr'>suffragiis</span> <span class='ocrx_word' id='word_1_31' title='bbox 1682 584 1771 626; x_wconf 91' lang='lat' dir='ltr'>com-</span> 
     </span>
     <span class='ocr_line' id='line_1_4' title="bbox 298 647 1772 732; baseline -0.004 -13"><span class='ocrx_word' id='word_1_32' title='bbox 298 655 448 720; x_wconf 90' lang='lat' dir='ltr'>munibus</span> <span class='ocrx_word' id='word_1_33' title='bbox 461 653 541 717; x_wconf 73' lang='lat' dir='ltr'>inita</span> <span class='ocrx_word' id='word_1_34' title='bbox 554 675 589 716; x_wconf 90' lang='lat' dir='ltr'>ac</span> <span class='ocrx_word' id='word_1_35' title='bbox 603 652 775 716; x_wconf 78' lang='lat' dir='ltr'>constituta</span> <span class='ocrx_word' id='word_1_36' title='bbox 787 657 876 715; x_wconf 79' lang='lat' dir='ltr'>sacra</span> <span class='ocrx_word' id='word_1_37' title='bbox 888 650 1164 716; x_wconf 74' lang='lat' dir='ltr'>confoederatione</span> <span class='ocrx_word' id='word_1_38' title='bbox 1178 672 1214 714; x_wconf 90' lang='lat' dir='ltr'>ac</span> <span class='ocrx_word' id='word_1_39' title='bbox 1231 649 1461 725; x_wconf 81' lang='lat' dir='ltr'>communione,</span> <span class='ocrx_word' id='word_1_40' title='bbox 1475 647 1498 712; x_wconf 81' lang='lat' dir='ltr'>d</span> <span class='ocrx_word' id='word_1_41' title='bbox 1514 670 1645 732; x_wconf 82' lang='lat' dir='ltr'>corpore</span> <span class='ocrx_word' id='word_1_42' title='bbox 1661 649 1772 715; x_wconf 87' lang='lat' dir='ltr'>Eccle-</span> 
     </span>
     <span class='ocr_line' id='line_1_5' title="bbox 298 738 1771 828; baseline -0.003 -20"><span class='ocrx_word' id='word_1_43' title='bbox 298 745 436 817; x_wconf 89' lang='lat' dir='ltr'>siastico,</span> <span class='ocrx_word' id='word_1_44' title='bbox 465 742 655 828; x_wconf 89' lang='lat' dir='ltr'>Synedrinm</span> <span class='ocrx_word' id='word_1_45' title='bbox 682 740 914 818; x_wconf 80' lang='lat' dir='ltr'>constituatur3</span> <span class='ocrx_word' id='word_1_46' title='bbox 943 741 1015 806; x_wconf 89' lang='lat' dir='ltr'>iude</span> <span class='ocrx_word' id='word_1_47' title='bbox 1040 740 1079 803; x_wconf 90' lang='lat' dir='ltr'>ad</span> <span class='ocrx_word' id='word_1_48' title='bbox 1101 739 1300 804; x_wconf 80' lang='lat' dir='ltr'>uocationem</span> <span class='ocrx_word' id='word_1_49' title='bbox 1326 738 1464 802; x_wconf 90' lang='lat' dir='ltr'>ministri</span> <span class='ocrx_word' id='word_1_50' title='bbox 1477 742 1533 801; x_wconf 90' lang='lat' dir='ltr'>aut</span> <span class='ocrx_word' id='word_1_51' title='bbox 1549 739 1771 804; x_wconf 87' lang='lat' dir='ltr'>ministrorum</span> 
     </span>
     <span class='ocr_line' id='line_1_6' title="bbox 298 827 1770 924; baseline -0.003 -27"><span class='ocrx_word' id='word_1_52' title='bbox 298 833 496 918; x_wconf 80' lang='lat' dir='ltr'>procedatur.</span> <span class='ocrx_word' id='word_1_53' title='bbox 522 829 582 895; x_wconf 85' lang='lat' dir='ltr'>Sed</span> <span class='ocrx_word' id='word_1_54' title='bbox 606 830 653 895; x_wconf 91' lang='lat' dir='ltr'>uti</span> <span class='ocrx_word' id='word_1_55' title='bbox 667 830 842 894; x_wconf 89' lang='lat' dir='ltr'>Ecclesiam</span> <span class='ocrx_word' id='word_1_56' title='bbox 855 853 912 914; x_wconf 90' lang='lat' dir='ltr'>per</span> <span class='ocrx_word' id='word_1_57' title='bbox 929 852 962 893; x_wconf 87' lang='lat' dir='ltr'>se</span> <span class='ocrx_word' id='word_1_58' title='bbox 975 829 1021 892; x_wconf 91' lang='lat' dir='ltr'>ibi</span> <span class='ocrx_word' id='word_1_59' title='bbox 1034 851 1097 892; x_wconf 92' lang='lat' dir='ltr'>non</span> <span class='ocrx_word' id='word_1_60' title='bbox 1110 829 1275 892; x_wconf 90' lang='lat' dir='ltr'>coustituit</span> <span class='ocrx_word' id='word_1_61' title='bbox 1288 827 1509 924; x_wconf 58' lang='lat' dir='ltr'>Magistratus</span> <span class='ocrx_word' id='word_1_62' title='bbox 1527 828 1625 892; x_wconf 91' lang='lat' dir='ltr'>immo</span> <span class='ocrx_word' id='word_1_63' title='bbox 1638 853 1679 892; x_wconf 92' lang='lat' dir='ltr'>ue</span> <span class='ocrx_word' id='word_1_64' title='bbox 1694 853 1770 913; x_wconf 87' lang='lat' dir='ltr'>par-</span> 
     </span>
     <span class='ocr_line' id='line_1_7' title="bbox 298 917 1770 1005; baseline -0.002 -19"><span class='ocrx_word' id='word_1_65' title='bbox 298 927 364 986; x_wconf 87' lang='lat' dir='ltr'>tem</span> <span class='ocrx_word' id='word_1_66' title='bbox 388 921 531 1005; x_wconf 88' lang='lat' dir='ltr'>aliquam</span> <span class='ocrx_word' id='word_1_67' title='bbox 558 919 729 997; x_wconf 76' lang='lat' dir='ltr'>Ecclesiae,</span> <span class='ocrx_word' id='word_1_68' title='bbox 743 919 817 1002; x_wconf 88' lang='lat' dir='ltr'>quia</span> <span class='ocrx_word' id='word_1_69' title='bbox 830 941 887 982; x_wconf 92' lang='lat' dir='ltr'>neo</span> <span class='ocrx_word' id='word_1_70' title='bbox 899 919 1032 983; x_wconf 82' lang='lat' dir='ltr'>verbum</span> <span class='ocrx_word' id='word_1_71' title='bbox 1046 918 1204 982; x_wconf 78' lang='lat' dir='ltr'>ordinario</span> <span class='ocrx_word' id='word_1_72' title='bbox 1218 917 1317 992; x_wconf 89' lang='lat' dir='ltr'>audit,</span> <span class='ocrx_word' id='word_1_73' title='bbox 1334 939 1391 981; x_wconf 92' lang='lat' dir='ltr'>uec</span> <span class='ocrx_word' id='word_1_74' title='bbox 1408 922 1607 982; x_wconf 85' lang='lat' dir='ltr'>sacramenta</span> <span class='ocrx_word' id='word_1_75' title='bbox 1620 920 1770 1003; x_wconf 78' lang='lat' dir='ltr'>percipit,</span> 
     </span>
     <span class='ocr_line' id='line_1_8' title="bbox 300 1006 1771 1092; baseline -0.002 -17"><span class='ocrx_word' id='word_1_76' title='bbox 300 1033 357 1075; x_wconf 90' lang='lat' dir='ltr'>nec</span> <span class='ocrx_word' id='word_1_77' title='bbox 370 1011 450 1075; x_wconf 89' lang='lat' dir='ltr'>alios</span> <span class='ocrx_word' id='word_1_78' title='bbox 463 1014 552 1074; x_wconf 88' lang='lat' dir='ltr'>actus</span> <span class='ocrx_word' id='word_1_79' title='bbox 566 1009 728 1089; x_wconf 68' lang='lat' dir='ltr'>unionis&amp;</span> <span class='ocrx_word' id='word_1_80' title='bbox 741 1008 910 1092; x_wconf 85' lang='lat' dir='ltr'>explicitae</span> <span class='ocrx_word' id='word_1_81' title='bbox 924 1007 1154 1072; x_wconf 81' lang='lat' dir='ltr'>communionis</span> <span class='ocrx_word' id='word_1_82' title='bbox 1168 1006 1409 1070; x_wconf 80' lang='lat' dir='ltr'>Ecclesiasticus</span> <span class='ocrx_word' id='word_1_83' title='bbox 1424 1007 1470 1069; x_wconf 91' lang='lat' dir='ltr'>ibi</span> <span class='ocrx_word' id='word_1_84' title='bbox 1483 1011 1624 1074; x_wconf 85' lang='lat' dir='ltr'>exercet:</span> <span class='ocrx_word' id='word_1_85' title='bbox 1651 1009 1698 1072; x_wconf 80' lang='lat' dir='ltr'>ita</span> <span class='ocrx_word' id='word_1_86' title='bbox 1714 1031 1771 1072; x_wconf 91' lang='lat' dir='ltr'>uec</span> 
     </span>
     <span class='ocr_line' id='line_1_9' title="bbox 300 1096 1773 1182; baseline -0.003 -18"><span class='ocrx_word' id='word_1_87' title='bbox 300 1099 446 1164; x_wconf 82' lang='lat' dir='ltr'>Potestas</span> <span class='ocrx_word' id='word_1_88' title='bbox 467 1097 701 1172; x_wconf 77' lang='lat' dir='ltr'>Ecclesiastico,</span> <span class='ocrx_word' id='word_1_89' title='bbox 727 1120 784 1162; x_wconf 89' lang='lat' dir='ltr'>uec</span> <span class='ocrx_word' id='word_1_90' title='bbox 797 1097 983 1162; x_wconf 87' lang='lat' dir='ltr'>exercitium</span> <span class='ocrx_word' id='word_1_91' title='bbox 997 1097 1147 1178; x_wconf 82' lang='lat' dir='ltr'>ejusdem,</span> <span class='ocrx_word' id='word_1_92' title='bbox 1161 1097 1184 1160; x_wconf 78' lang='lat' dir='ltr'>dr</span> <span class='ocrx_word' id='word_1_93' title='bbox 1197 1096 1325 1180; x_wconf 88' lang='lat' dir='ltr'>quidem</span> <span class='ocrx_word' id='word_1_94' title='bbox 1338 1096 1370 1160; x_wconf 93' lang='lat' dir='ltr'>in</span> <span class='ocrx_word' id='word_1_95' title='bbox 1383 1096 1514 1182; x_wconf 83' lang='lat' dir='ltr'>agendis</span> <span class='ocrx_word' id='word_1_96' title='bbox 1527 1097 1773 1181; x_wconf 84' lang='lat' dir='ltr'>principalibus,</span> 
     </span>
     <span class='ocr_line' id='line_1_10' title="bbox 298 1185 1772 1271; baseline -0.003 -18"><span class='ocrx_word' id='word_1_97' title='bbox 298 1189 347 1253; x_wconf 93' lang='lat' dir='ltr'>illi</span> <span class='ocrx_word' id='word_1_98' title='bbox 359 1188 522 1271; x_wconf 89' lang='lat' dir='ltr'>competit.</span> <span class='ocrx_word' id='word_1_99' title='bbox 548 1185 639 1262; x_wconf 82' lang='lat' dir='ltr'>Quod</span> <span class='ocrx_word' id='word_1_100' title='bbox 652 1188 690 1250; x_wconf 88' lang='lat' dir='ltr'>ad</span> <span class='ocrx_word' id='word_1_101' title='bbox 700 1188 752 1270; x_wconf 90' lang='lat' dir='ltr'>jus</span> <span class='ocrx_word' id='word_1_102' title='bbox 765 1189 788 1252; x_wconf 77' lang='lat' dir='ltr'>tr</span> <span class='ocrx_word' id='word_1_103' title='bbox 801 1187 989 1252; x_wconf 89' lang='lat' dir='ltr'>exercitium</span> <span class='ocrx_word' id='word_1_104' title='bbox 1002 1185 1175 1250; x_wconf 81' lang='lat' dir='ltr'>Potestatis</span> <span class='ocrx_word' id='word_1_105' title='bbox 1188 1207 1355 1269; x_wconf 87' lang='lat' dir='ltr'>supremae</span> <span class='ocrx_word' id='word_1_106' title='bbox 1369 1208 1404 1250; x_wconf 89' lang='lat' dir='ltr'>ac</span> <span class='ocrx_word' id='word_1_107' title='bbox 1418 1186 1587 1264; x_wconf 85' lang='lat' dir='ltr'>coactivae,</span> <span class='ocrx_word' id='word_1_108' title='bbox 1601 1209 1658 1270; x_wconf 89' lang='lat' dir='ltr'>per</span> <span class='ocrx_word' id='word_1_109' title='bbox 1671 1209 1772 1270; x_wconf 91' lang='lat' dir='ltr'>quam</span> 
     </span>
     <span class='ocr_line' id='line_1_11' title="bbox 300 1273 1774 1359; baseline -0.001 -17"><span class='ocrx_word' id='word_1_110' title='bbox 300 1278 562 1356; x_wconf 85' lang='lat' dir='ltr'>impedimentum</span> <span class='ocrx_word' id='word_1_111' title='bbox 587 1281 742 1340; x_wconf 89' lang='lat' dir='ltr'>remotum</span> <span class='ocrx_word' id='word_1_112' title='bbox 760 1276 834 1353; x_wconf 88' lang='lat' dir='ltr'>fuit,</span> <span class='ocrx_word' id='word_1_113' title='bbox 848 1275 906 1340; x_wconf 90' lang='lat' dir='ltr'>hoc</span> <span class='ocrx_word' id='word_1_114' title='bbox 920 1280 968 1340; x_wconf 88' lang='lat' dir='ltr'>est</span> <span class='ocrx_word' id='word_1_115' title='bbox 980 1297 1036 1359; x_wconf 92' lang='lat' dir='ltr'>per</span> <span class='ocrx_word' id='word_1_116' title='bbox 1052 1275 1135 1358; x_wconf 90' lang='lat' dir='ltr'>quod</span> <span class='ocrx_word' id='word_1_117' title='bbox 1148 1273 1431 1358; x_wconf 88' lang='lat' dir='ltr'>pseudo-Potestas</span> <span class='ocrx_word' id='word_1_118' title='bbox 1448 1277 1470 1340; x_wconf 78' lang='lat' dir='ltr'>lla</span> <span class='ocrx_word' id='word_1_119' title='bbox 1484 1275 1596 1358; x_wconf 88' lang='lat' dir='ltr'>politia</span> <span class='ocrx_word' id='word_1_120' title='bbox 1609 1275 1774 1340; x_wconf 85' lang='lat' dir='ltr'>Ecclesia-</span> 
     </span>
     <span class='ocr_line' id='line_1_12' title="bbox 301 1363 1776 1450; baseline -0.001 -18"><span class='ocrx_word' id='word_1_121' title='bbox 301 1367 381 1432; x_wconf 89' lang='lat' dir='ltr'>stica</span> <span class='ocrx_word' id='word_1_122' title='bbox 393 1367 439 1430; x_wconf 92' lang='lat' dir='ltr'>ibi</span> <span class='ocrx_word' id='word_1_123' title='bbox 455 1365 619 1450; x_wconf 88' lang='lat' dir='ltr'>prohibita</span> <span class='ocrx_word' id='word_1_124' title='bbox 629 1370 684 1429; x_wconf 89' lang='lat' dir='ltr'>aut</span> <span class='ocrx_word' id='word_1_125' title='bbox 696 1365 769 1428; x_wconf 91' lang='lat' dir='ltr'>inde</span> <span class='ocrx_word' id='word_1_126' title='bbox 779 1365 991 1429; x_wconf 88' lang='lat' dir='ltr'>exterminata</span> <span class='ocrx_word' id='word_1_127' title='bbox 999 1368 1066 1438; x_wconf 81' lang='lat' dir='ltr'>est:</span> <span class='ocrx_word' id='word_1_128' title='bbox 1080 1364 1191 1428; x_wconf 87' lang='lat' dir='ltr'>carnin</span> <span class='ocrx_word' id='word_1_129' title='bbox 1201 1364 1339 1432; x_wconf 87' lang='lat' dir='ltr'>solidum</span> <span class='ocrx_word' id='word_1_130' title='bbox 1348 1363 1553 1448; x_wconf 80' lang='lat' dir='ltr'>Magistrutni</span> <span class='ocrx_word' id='word_1_131' title='bbox 1563 1365 1776 1430; x_wconf 83' lang='lat' dir='ltr'>vindicamus.</span> 
     </span>
     <span class='ocr_line' id='line_1_13' title="bbox 305 1451 1777 1538; baseline -0.001 -18"><span class='ocrx_word' id='word_1_132' title='bbox 305 1455 368 1520; x_wconf 86' lang='lat' dir='ltr'>Sed</span> <span class='ocrx_word' id='word_1_133' title='bbox 381 1456 454 1519; x_wconf 91' lang='lat' dir='ltr'>iude</span> <span class='ocrx_word' id='word_1_134' title='bbox 467 1455 693 1538; x_wconf 88' lang='lat' dir='ltr'>consequentia</span> <span class='ocrx_word' id='word_1_135' title='bbox 705 1454 846 1518; x_wconf 88' lang='lat' dir='ltr'>ducenda</span> <span class='ocrx_word' id='word_1_136' title='bbox 858 1477 920 1518; x_wconf 93' lang='lat' dir='ltr'>non</span> <span class='ocrx_word' id='word_1_137' title='bbox 934 1459 992 1522; x_wconf 84' lang='lat' dir='ltr'>est,</span> <span class='ocrx_word' id='word_1_138' title='bbox 1009 1453 1111 1537; x_wconf 89' lang='lat' dir='ltr'>adjus</span> <span class='ocrx_word' id='word_1_139' title='bbox 1124 1458 1180 1516; x_wconf 89' lang='lat' dir='ltr'>aut</span> <span class='ocrx_word' id='word_1_140' title='bbox 1191 1453 1378 1518; x_wconf 89' lang='lat' dir='ltr'>exercitium</span> <span class='ocrx_word' id='word_1_141' title='bbox 1388 1451 1559 1517; x_wconf 87' lang='lat' dir='ltr'>Potestatis</span> <span class='ocrx_word' id='word_1_142' title='bbox 1569 1453 1777 1518; x_wconf 86' lang='lat' dir='ltr'>Ecclesiasti-</span> 
     </span>
     <span class='ocr_line' id='line_1_14' title="bbox 301 1541 1778 1629; baseline -0.003 -19"><span class='ocrx_word' id='word_1_143' title='bbox 301 1567 374 1611; x_wconf 90' lang='lat' dir='ltr'>cae:</span> <span class='ocrx_word' id='word_1_144' title='bbox 389 1567 450 1609; x_wconf 93' lang='lat' dir='ltr'>non</span> <span class='ocrx_word' id='word_1_145' title='bbox 461 1544 564 1629; x_wconf 79' lang='lat' dir='ltr'>magis</span> <span class='ocrx_word' id='word_1_146' title='bbox 574 1566 669 1627; x_wconf 91' lang='lat' dir='ltr'>quam</span> <span class='ocrx_word' id='word_1_147' title='bbox 680 1543 887 1628; x_wconf 84' lang='lat' dir='ltr'>Magistratui</span> <span class='ocrx_word' id='word_1_148' title='bbox 899 1544 1059 1607; x_wconf 88' lang='lat' dir='ltr'>adulteros</span> <span class='ocrx_word' id='word_1_149' title='bbox 1072 1541 1778 1620; x_wconf 75' lang='lat' dir='ltr'>interBarbaroscoer·centi,&amp;rin1aPoemi·</span> 
     </span>
     <span class='ocr_line' id='line_1_15' title="bbox 302 1629 1777 1716; baseline -0.001 -18"><span class='ocrx_word' id='word_1_150' title='bbox 302 1635 351 1698; x_wconf 91' lang='lat' dir='ltr'>nis</span> <span class='ocrx_word' id='word_1_151' title='bbox 360 1657 397 1699; x_wconf 86' lang='lat' dir='ltr'>ac</span> <span class='ocrx_word' id='word_1_152' title='bbox 408 1633 528 1698; x_wconf 91' lang='lat' dir='ltr'>Puellis</span> <span class='ocrx_word' id='word_1_153' title='bbox 537 1633 656 1696; x_wconf 89' lang='lat' dir='ltr'>ibidem</span> <span class='ocrx_word' id='word_1_154' title='bbox 664 1633 858 1716; x_wconf 88' lang='lat' dir='ltr'>prohibenti,</span> <span class='ocrx_word' id='word_1_155' title='bbox 868 1631 1014 1699; x_wconf 88' lang='lat' dir='ltr'>Potestas</span> <span class='ocrx_word' id='word_1_156' title='bbox 1022 1632 1179 1696; x_wconf 87' lang='lat' dir='ltr'>maritalis</span> <span class='ocrx_word' id='word_1_157' title='bbox 1188 1632 1221 1694; x_wconf 90' lang='lat' dir='ltr'>in</span> <span class='ocrx_word' id='word_1_158' title='bbox 1229 1653 1339 1696; x_wconf 88' lang='lat' dir='ltr'>omnes</span> <span class='ocrx_word' id='word_1_159' title='bbox 1348 1632 1421 1696; x_wconf 88' lang='lat' dir='ltr'>illas</span> <span class='ocrx_word' id='word_1_160' title='bbox 1429 1629 1777 1697; x_wconf 86' lang='lat' dir='ltr'>Foemiuastribueuda</span> 
     </span>
     <span class='ocr_line' id='line_1_16' title="bbox 302 1718 1778 1806; baseline -0.002 -18"><span class='ocrx_word' id='word_1_161' title='bbox 302 1728 367 1788; x_wconf 88' lang='lat' dir='ltr'>est:</span> <span class='ocrx_word' id='word_1_162' title='bbox 381 1746 452 1788; x_wconf 91' lang='lat' dir='ltr'>cum</span> <span class='ocrx_word' id='word_1_163' title='bbox 465 1722 611 1786; x_wconf 87' lang='lat' dir='ltr'>Potestas</span> <span class='ocrx_word' id='word_1_164' title='bbox 625 1721 681 1785; x_wconf 91' lang='lat' dir='ltr'>illa</span> <span class='ocrx_word' id='word_1_165' title='bbox 695 1725 820 1786; x_wconf 90' lang='lat' dir='ltr'>tautum</span> <span class='ocrx_word' id='word_1_166' title='bbox 833 1722 917 1785; x_wconf 91' lang='lat' dir='ltr'>viam</span> <span class='ocrx_word' id='word_1_167' title='bbox 931 1721 1064 1806; x_wconf 87' lang='lat' dir='ltr'>aperiat,</span> <span class='ocrx_word' id='word_1_168' title='bbox 1077 1743 1135 1805; x_wconf 89' lang='lat' dir='ltr'>per</span> <span class='ocrx_word' id='word_1_169' title='bbox 1150 1743 1246 1804; x_wconf 88' lang='lat' dir='ltr'>quam</span> <span class='ocrx_word' id='word_1_170' title='bbox 1260 1721 1330 1800; x_wconf 88' lang='lat' dir='ltr'>viri,</span> <span class='ocrx_word' id='word_1_171' title='bbox 1344 1721 1372 1784; x_wconf 91' lang='lat' dir='ltr'>si</span> <span class='ocrx_word' id='word_1_172' title='bbox 1381 1720 1435 1804; x_wconf 88' lang='lat' dir='ltr'>qui</span> <span class='ocrx_word' id='word_1_173' title='bbox 1444 1718 1566 1786; x_wconf 87' lang='lat' dir='ltr'>Uxores</span> <span class='ocrx_word' id='word_1_174' title='bbox 1575 1721 1709 1801; x_wconf 77' lang='lat' dir='ltr'>liabent,</span> <span class='ocrx_word' id='word_1_175' title='bbox 1718 1727 1778 1786; x_wconf 86' lang='lat' dir='ltr'>aut</span> 
     </span>
     <span class='ocr_line' id='line_1_17' title="bbox 302 1809 1777 1897; baseline -0.001 -21"><span class='ocrx_word' id='word_1_176' title='bbox 302 1815 329 1878; x_wconf 92' lang='lat' dir='ltr'>si</span> <span class='ocrx_word' id='word_1_177' title='bbox 342 1813 397 1897; x_wconf 92' lang='lat' dir='ltr'>qui</span> <span class='ocrx_word' id='word_1_178' title='bbox 411 1811 536 1877; x_wconf 89' lang='lat' dir='ltr'>ducturi</span> <span class='ocrx_word' id='word_1_179' title='bbox 549 1815 633 1889; x_wconf 91' lang='lat' dir='ltr'>sunt,</span> <span class='ocrx_word' id='word_1_180' title='bbox 643 1810 788 1895; x_wconf 75' lang='lat' dir='ltr'>legitimo</span> <span class='ocrx_word' id='word_1_181' title='bbox 797 1810 960 1875; x_wconf 87' lang='lat' dir='ltr'>Potestate</span> <span class='ocrx_word' id='word_1_182' title='bbox 969 1809 1109 1874; x_wconf 83' lang='lat' dir='ltr'>maritali</span> <span class='ocrx_word' id='word_1_183' title='bbox 1118 1811 1151 1873; x_wconf 92' lang='lat' dir='ltr'>in</span> <span class='ocrx_word' id='word_1_184' title='bbox 1161 1814 1322 1894; x_wconf 90' lang='lat' dir='ltr'>posterum</span> <span class='ocrx_word' id='word_1_185' title='bbox 1332 1810 1380 1873; x_wconf 92' lang='lat' dir='ltr'>uti</span> <span class='ocrx_word' id='word_1_186' title='bbox 1389 1810 1452 1874; x_wconf 91' lang='lat' dir='ltr'>frui</span> <span class='ocrx_word' id='word_1_187' title='bbox 1463 1811 1593 1893; x_wconf 88' lang='lat' dir='ltr'>possint.</span> <span class='ocrx_word' id='word_1_188' title='bbox 1604 1809 1677 1875; x_wconf 85' lang='lat' dir='ltr'>Nou</span> <span class='ocrx_word' id='word_1_189' title='bbox 1689 1811 1777 1876; x_wconf 90' lang='lat' dir='ltr'>euim</span> 
     </span>
     <span class='ocr_line' id='line_1_18' title="bbox 303 1899 1779 1984; baseline -0.002 -18"><span class='ocrx_word' id='word_1_190' title='bbox 303 1903 364 1966; x_wconf 89' lang='lat' dir='ltr'>sibi</span> <span class='ocrx_word' id='word_1_191' title='bbox 380 1902 434 1967; x_wconf 89' lang='lat' dir='ltr'>sed</span> <span class='ocrx_word' id='word_1_192' title='bbox 450 1901 574 1964; x_wconf 89' lang='lat' dir='ltr'>maritis</span> <span class='ocrx_word' id='word_1_193' title='bbox 590 1899 782 1976; x_wconf 89' lang='lat' dir='ltr'>maritalem,</span> <span class='ocrx_word' id='word_1_194' title='bbox 796 1899 941 1984; x_wconf 85' lang='lat' dir='ltr'>patribus</span> <span class='ocrx_word' id='word_1_195' title='bbox 954 1900 1102 1983; x_wconf 90' lang='lat' dir='ltr'>patriam,</span> <span class='ocrx_word' id='word_1_196' title='bbox 1117 1899 1267 1964; x_wconf 86' lang='lat' dir='ltr'>Ecclesiis</span> <span class='ocrx_word' id='word_1_197' title='bbox 1279 1899 1460 1964; x_wconf 90' lang='lat' dir='ltr'>constitutis</span> <span class='ocrx_word' id='word_1_198' title='bbox 1473 1904 1529 1963; x_wconf 89' lang='lat' dir='ltr'>aut</span> <span class='ocrx_word' id='word_1_199' title='bbox 1544 1901 1779 1965; x_wconf 87' lang='lat' dir='ltr'>constituendis</span> 
     </span>
     <span class='ocr_line' id='line_1_19' title="bbox 302 1987 1780 2073; baseline -0.001 -19"><span class='ocrx_word' id='word_1_200' title='bbox 302 1991 560 2055; x_wconf 89' lang='lat' dir='ltr'>Ecclesiasticam</span> <span class='ocrx_word' id='word_1_201' title='bbox 579 1988 775 2053; x_wconf 86' lang='lat' dir='ltr'>Potestatem</span> <span class='ocrx_word' id='word_1_202' title='bbox 794 1990 924 2073; x_wconf 87' lang='lat' dir='ltr'>ejusque</span> <span class='ocrx_word' id='word_1_203' title='bbox 942 1987 1076 2052; x_wconf 89' lang='lat' dir='ltr'>liberam</span> <span class='ocrx_word' id='word_1_204' title='bbox 1093 1989 1206 2072; x_wconf 89' lang='lat' dir='ltr'>praxin</span> <span class='ocrx_word' id='word_1_205' title='bbox 1219 1991 1368 2072; x_wconf 88' lang='lat' dir='ltr'>procurat</span> <span class='ocrx_word' id='word_1_206' title='bbox 1384 2011 1420 2052; x_wconf 90' lang='lat' dir='ltr'>ac</span> <span class='ocrx_word' id='word_1_207' title='bbox 1433 1991 1552 2053; x_wconf 90' lang='lat' dir='ltr'>sartam</span> <span class='ocrx_word' id='word_1_208' title='bbox 1565 1995 1683 2054; x_wconf 87' lang='lat' dir='ltr'>tectam</span> <span class='ocrx_word' id='word_1_209' title='bbox 1697 1989 1780 2054; x_wconf 89' lang='lat' dir='ltr'>facit</span> 
     </span>
     <span class='ocr_line' id='line_1_20' title="bbox 303 2077 1781 2164; baseline -0.001 -21"><span class='ocrx_word' id='word_1_210' title='bbox 303 2078 571 2164; x_wconf 82' lang='lat' dir='ltr'>Magistratus—</span> <span class='ocrx_word' id='word_1_211' title='bbox 582 2080 621 2143; x_wconf 88' lang='grc' dir='ltr'>ΙΙ.</span> <span class='ocrx_word' id='word_1_212' title='bbox 633 2080 756 2159; x_wconf 66' lang='lat' dir='ltr'>Quaene.</span> <span class='ocrx_word' id='word_1_213' title='bbox 766 2077 819 2142; x_wconf 86' lang='lat' dir='ltr'>An</span> <span class='ocrx_word' id='word_1_214' title='bbox 828 2077 974 2142; x_wconf 87' lang='lat' dir='ltr'>Potestas</span> <span class='ocrx_word' id='word_1_215' title='bbox 984 2078 1050 2142; x_wconf 84' lang='lat' dir='ltr'>sive</span> <span class='ocrx_word' id='word_1_216' title='bbox 1060 2078 1235 2162; x_wconf 80' lang='lat' dir='ltr'>adaequate</span> <span class='ocrx_word' id='word_1_217' title='bbox 1245 2077 1267 2141; x_wconf 77' lang='lat' dir='ltr'>b</span> <span class='ocrx_word' id='word_1_218' title='bbox 1277 2078 1389 2161; x_wconf 88' lang='lat' dir='ltr'>primo,</span> <span class='ocrx_word' id='word_1_219' title='bbox 1399 2077 1466 2141; x_wconf 85' lang='lat' dir='ltr'>sive</span> <span class='ocrx_word' id='word_1_220' title='bbox 1474 2101 1532 2162; x_wconf 89' lang='lat' dir='ltr'>per</span> <span class='ocrx_word' id='word_1_221' title='bbox 1540 2079 1781 2163; x_wconf 74' lang='lat' dir='ltr'>delegationem</span> 
     </span>
     <span class='ocr_line' id='line_1_21' title="bbox 305 2164 1779 2251; baseline -0.001 -19"><span class='ocrx_word' id='word_1_222' title='bbox 305 2170 335 2232; x_wconf 88' lang='lat' dir='ltr'>iu</span> <span class='ocrx_word' id='word_1_223' title='bbox 350 2168 460 2231; x_wconf 84' lang='lat' dir='ltr'>mixtis</span> <span class='ocrx_word' id='word_1_224' title='bbox 473 2167 855 2251; x_wconf 80' lang='lat' dir='ltr'>politico-Ecclesiasticis</span> <span class='ocrx_word' id='word_1_225' title='bbox 867 2169 890 2233; x_wconf 76' lang='lat' dir='ltr'>da</span> <span class='ocrx_word' id='word_1_226' title='bbox 902 2167 1059 2250; x_wconf 83' lang='lat' dir='ltr'>supremis</span> <span class='ocrx_word' id='word_1_227' title='bbox 1076 2167 1288 2244; x_wconf 78' lang='lat' dir='ltr'>Consistoriis,</span> <span class='ocrx_word' id='word_1_228' title='bbox 1302 2171 1358 2231; x_wconf 89' lang='lat' dir='ltr'>out</span> <span class='ocrx_word' id='word_1_229' title='bbox 1370 2164 1556 2250; x_wconf 88' lang='lat' dir='ltr'>Principum</span> <span class='ocrx_word' id='word_1_230' title='bbox 1573 2167 1724 2232; x_wconf 81' lang='lat' dir='ltr'>Conciliis</span> <span class='ocrx_word' id='word_1_231' title='bbox 1741 2191 1779 2232; x_wconf 87' lang='lat' dir='ltr'>ac</span> 
     </span>
     <span class='ocr_line' id='line_1_22' title="bbox 306 2255 1780 2341; baseline 0 -20"><span class='ocrx_word' id='word_1_232' title='bbox 306 2255 513 2323; x_wconf 73' lang='lat' dir='ltr'>Consiliariis.</span> <span class='ocrx_word' id='word_1_233' title='bbox 537 2257 575 2319; x_wconf 91' lang='lat' dir='ltr'>ad</span> <span class='ocrx_word' id='word_1_234' title='bbox 596 2278 675 2340; x_wconf 71' lang='lat' dir='ltr'>(lues</span> <span class='ocrx_word' id='word_1_235' title='bbox 692 2256 810 2320; x_wconf 91' lang='lat' dir='ltr'>alicubi</span> <span class='ocrx_word' id='word_1_236' title='bbox 826 2256 860 2319; x_wconf 92' lang='lat' dir='ltr'>iu</span> <span class='ocrx_word' id='word_1_237' title='bbox 872 2255 1044 2320; x_wconf 75' lang='lat' dir='ltr'>Germania</span> <span class='ocrx_word' id='word_1_238' title='bbox 1057 2277 1165 2320; x_wconf 89' lang='lat' dir='ltr'>omnes</span> <span class='ocrx_word' id='word_1_239' title='bbox 1179 2277 1292 2320; x_wconf 89' lang='lat' dir='ltr'>causae</span> <span class='ocrx_word' id='word_1_240' title='bbox 1305 2257 1327 2320; x_wconf 75' lang='lat' dir='ltr'>du</span> <span class='ocrx_word' id='word_1_241' title='bbox 1340 2255 1469 2340; x_wconf 86' lang='lat' dir='ltr'>negotia</span> <span class='ocrx_word' id='word_1_242' title='bbox 1483 2255 1708 2321; x_wconf 74' lang='lat' dir='ltr'>Ecclesiastico</span> <span class='ocrx_word' id='word_1_243' title='bbox 1721 2279 1780 2341; x_wconf 89' lang='lat' dir='ltr'>per</span> 
     </span>
     <span class='ocr_line' id='line_1_23' title="bbox 305 2344 1782 2431; baseline 0.001 -21"><span class='ocrx_word' id='word_1_244' title='bbox 305 2345 609 2430; x_wconf 69' lang='lat' dir='ltr'>superintendentes</span> <span class='ocrx_word' id='word_1_245' title='bbox 619 2349 675 2408; x_wconf 92' lang='lat' dir='ltr'>aut</span> <span class='ocrx_word' id='word_1_246' title='bbox 683 2345 875 2429; x_wconf 87' lang='lat' dir='ltr'>inspectores</span> <span class='ocrx_word' id='word_1_247' title='bbox 885 2344 1001 2409; x_wconf 89' lang='lat' dir='ltr'>deferri</span> <span class='ocrx_word' id='word_1_248' title='bbox 1011 2346 1135 2409; x_wconf 78' lang='lat' dir='ltr'>solent?</span> <span class='ocrx_word' id='word_1_249' title='bbox 1147 2347 1235 2430; x_wconf 84' lang='lat' dir='ltr'>Resp.</span> <span class='ocrx_word' id='word_1_250' title='bbox 1247 2345 1353 2409; x_wconf 73' lang='lat' dir='ltr'>unm</span> <span class='ocrx_word' id='word_1_251' title='bbox 1365 2349 1440 2409; x_wconf 90' lang='lat' dir='ltr'>sunt</span> <span class='ocrx_word' id='word_1_252' title='bbox 1448 2345 1782 2431; x_wconf 81' lang='lat' dir='ltr'>&amp;dicunturOollegia</span> 
     </span>
     <span class='ocr_line' id='line_1_24' title="bbox 304 2432 1782 2520; baseline 0.001 -22"><span class='ocrx_word' id='word_1_253' title='bbox 304 2435 483 2499; x_wconf 85' lang='lat' dir='ltr'>formaliter</span> <span class='ocrx_word' id='word_1_254' title='bbox 496 2433 719 2498; x_wconf 86' lang='lat' dir='ltr'>Ecclesiastico</span> <span class='ocrx_word' id='word_1_255' title='bbox 733 2434 855 2520; x_wconf 83' lang='lat' dir='ltr'>(qualia</span> <span class='ocrx_word' id='word_1_256' title='bbox 867 2435 952 2518; x_wconf 90' lang='lat' dir='ltr'>apud</span> <span class='ocrx_word' id='word_1_257' title='bbox 964 2457 1021 2498; x_wconf 91' lang='lat' dir='ltr'>uos</span> <span class='ocrx_word' id='word_1_258' title='bbox 1039 2433 1245 2512; x_wconf 83' lang='lat' dir='ltr'>Consistoria,</span> <span class='ocrx_word' id='word_1_259' title='bbox 1260 2433 1394 2512; x_wconf 82' lang='lat' dir='ltr'>Classes,</span> <span class='ocrx_word' id='word_1_260' title='bbox 1408 2432 1530 2518; x_wconf 76' lang='lat' dir='ltr'>Synodi</span> <span class='ocrx_word' id='word_1_261' title='bbox 1542 2439 1726 2500; x_wconf 84' lang='lat' dir='ltr'>constantes</span> <span class='ocrx_word' id='word_1_262' title='bbox 1740 2459 1782 2500; x_wconf 82' lang='lat' dir='ltr'>ex</span> 
     </span>
     <span class='ocr_line' id='line_1_25' title="bbox 304 2521 1780 2607; baseline -0.001 -18"><span class='ocrx_word' id='word_1_263' title='bbox 304 2524 393 2589; x_wconf 84' lang='lat' dir='ltr'>verbi</span> <span class='ocrx_word' id='word_1_264' title='bbox 421 2521 579 2588; x_wconf 88' lang='lat' dir='ltr'>Ministris</span> <span class='ocrx_word' id='word_1_265' title='bbox 603 2526 626 2590; x_wconf 80' lang='lat' dir='ltr'>dr</span> <span class='ocrx_word' id='word_1_266' title='bbox 650 2522 848 2604; x_wconf 86' lang='lat' dir='ltr'>Senioribus)</span> <span class='ocrx_word' id='word_1_267' title='bbox 860 2547 867 2600; x_wconf 89' lang='lat'><strong>;</strong></span> <span class='ocrx_word' id='word_1_268' title='bbox 881 2527 937 2586; x_wconf 91' lang='lat' dir='ltr'>aut</span> <span class='ocrx_word' id='word_1_269' title='bbox 951 2523 1090 2607; x_wconf 90' lang='lat' dir='ltr'>politica.</span> <span class='ocrx_word' id='word_1_270' title='bbox 1116 2522 1150 2587; x_wconf 91' lang='lat' dir='ltr'>Si</span> <span class='ocrx_word' id='word_1_271' title='bbox 1163 2527 1239 2588; x_wconf 88' lang='lat' dir='ltr'>suut</span> <span class='ocrx_word' id='word_1_272' title='bbox 1252 2523 1487 2601; x_wconf 86' lang='lat' dir='ltr'>Ecclesiastica,</span> <span class='ocrx_word' id='word_1_273' title='bbox 1500 2546 1564 2588; x_wconf 90' lang='lat' dir='ltr'>non</span> <span class='ocrx_word' id='word_1_274' title='bbox 1575 2529 1705 2588; x_wconf 85' lang='lat' dir='ltr'>tautum</span> <span class='ocrx_word' id='word_1_275' title='bbox 1718 2525 1780 2588; x_wconf 91' lang='lat' dir='ltr'>ob-</span> 
     </span>
     <span class='ocr_line' id='line_1_26' title="bbox 301 2611 1782 2696; baseline 0.001 -18"><span class='ocrx_word' id='word_1_276' title='bbox 301 2614 428 2696; x_wconf 69' lang='lat' dir='ltr'>jectiva,</span> <span class='ocrx_word' id='word_1_277' title='bbox 457 2613 512 2676; x_wconf 91' lang='lat' dir='ltr'>sed</span> <span class='ocrx_word' id='word_1_278' title='bbox 527 2613 551 2676; x_wconf 79' lang='lat' dir='ltr'>rb</span> <span class='ocrx_word' id='word_1_279' title='bbox 572 2611 766 2676; x_wconf 82' lang='lat' dir='ltr'>formaliter:</span> <span class='ocrx_word' id='word_1_280' title='bbox 789 2613 900 2696; x_wconf 87' lang='lat' dir='ltr'>utique</span> <span class='ocrx_word' id='word_1_281' title='bbox 913 2613 950 2676; x_wconf 90' lang='lat' dir='ltr'>de</span> <span class='ocrx_word' id='word_1_282' title='bbox 963 2612 1002 2676; x_wconf 90' lang='lat' dir='ltr'>iis</span> <span class='ocrx_word' id='word_1_283' title='bbox 1015 2612 1067 2676; x_wconf 93' lang='lat' dir='ltr'>hic</span> <span class='ocrx_word' id='word_1_284' title='bbox 1080 2635 1145 2676; x_wconf 94' lang='lat' dir='ltr'>non</span> <span class='ocrx_word' id='word_1_285' title='bbox 1157 2612 1373 2696; x_wconf 84' lang='lat' dir='ltr'>disquirimus.</span> <span class='ocrx_word' id='word_1_286' title='bbox 1399 2611 1460 2676; x_wconf 86' lang='lat' dir='ltr'>Sed</span> <span class='ocrx_word' id='word_1_287' title='bbox 1474 2613 1501 2676; x_wconf 91' lang='lat' dir='ltr'>si</span> <span class='ocrx_word' id='word_1_288' title='bbox 1513 2613 1578 2678; x_wconf 90' lang='lat' dir='ltr'>sint</span> <span class='ocrx_word' id='word_1_289' title='bbox 1593 2613 1782 2679; x_wconf 75' lang='lat' dir='ltr'>&amp;dieantur</span> 
     </span>
     <span class='ocr_line' id='line_1_27' title="bbox 304 2701 1780 2787; baseline 0.001 -21"><span class='ocrx_word' id='word_1_290' title='bbox 304 2703 484 2766; x_wconf 88' lang='lat' dir='ltr'>formaliter</span> <span class='ocrx_word' id='word_1_291' title='bbox 498 2702 627 2785; x_wconf 89' lang='lat' dir='ltr'>politica</span> <span class='ocrx_word' id='word_1_292' title='bbox 643 2701 778 2767; x_wconf 81' lang='lat' dir='ltr'>&amp;mixta</span> <span class='ocrx_word' id='word_1_293' title='bbox 795 2701 851 2766; x_wconf 87' lang='lat' dir='ltr'>illa</span> <span class='ocrx_word' id='word_1_294' title='bbox 864 2701 1069 2779; x_wconf 79' lang='lat' dir='ltr'>Consistoria,</span> <span class='ocrx_word' id='word_1_295' title='bbox 1083 2706 1138 2764; x_wconf 90' lang='lat' dir='ltr'>aut</span> <span class='ocrx_word' id='word_1_296' title='bbox 1152 2701 1292 2766; x_wconf 81' lang='lat' dir='ltr'>Concilio</span> <span class='ocrx_word' id='word_1_297' title='bbox 1305 2703 1327 2767; x_wconf 74' lang='lat' dir='ltr'>tr</span> <span class='ocrx_word' id='word_1_298' title='bbox 1341 2701 1524 2766; x_wconf 66' lang='lat' dir='ltr'>consiliarii</span> <span class='ocrx_word' id='word_1_299' title='bbox 1538 2703 1725 2787; x_wconf 88' lang='lat' dir='ltr'>Principum</span> <span class='ocrx_word' id='word_1_300' title='bbox 1739 2727 1780 2768; x_wconf 84' lang='lat' dir='ltr'>ex</span> 
     </span>
     <span class='ocr_line' id='line_1_28' title="bbox 304 2790 1782 2877; baseline -0.001 -20"><span class='ocrx_word' id='word_1_301' title='bbox 304 2791 479 2877; x_wconf 84' lang='lat' dir='ltr'>Theologis</span> <span class='ocrx_word' id='word_1_302' title='bbox 499 2794 522 2856; x_wconf 80' lang='lat' dir='ltr'>b</span> <span class='ocrx_word' id='word_1_303' title='bbox 542 2791 684 2855; x_wconf 91' lang='lat' dir='ltr'>Politicis</span> <span class='ocrx_word' id='word_1_304' title='bbox 697 2813 733 2854; x_wconf 88' lang='lat' dir='ltr'>ac</span> <span class='ocrx_word' id='word_1_305' title='bbox 745 2790 987 2856; x_wconf 87' lang='lat' dir='ltr'>Jurisconsultis</span> <span class='ocrx_word' id='word_1_306' title='bbox 1000 2790 1147 2869; x_wconf 88' lang='lat' dir='ltr'>conflata,</span> <span class='ocrx_word' id='word_1_307' title='bbox 1161 2791 1294 2855; x_wconf 90' lang='lat' dir='ltr'>consilia</span> <span class='ocrx_word' id='word_1_308' title='bbox 1306 2791 1339 2854; x_wconf 91' lang='lat' dir='ltr'>in</span> <span class='ocrx_word' id='word_1_309' title='bbox 1352 2791 1484 2876; x_wconf 83' lang='lat' dir='ltr'>agendis</span> <span class='ocrx_word' id='word_1_310' title='bbox 1498 2796 1515 2856; x_wconf 77' lang='lat' dir='ltr'>ir</span> <span class='ocrx_word' id='word_1_311' title='bbox 1533 2791 1679 2877; x_wconf 91' lang='lat' dir='ltr'>Principe</span> <span class='ocrx_word' id='word_1_312' title='bbox 1694 2795 1782 2858; x_wconf 87' lang='lat' dir='ltr'>circa</span> 
     </span>
     <span class='ocr_line' id='line_1_29' title="bbox 305 2877 1782 2968; baseline 0.001 -24"><span class='ocrx_word' id='word_1_313' title='bbox 305 2904 355 2945; x_wconf 88' lang='lat' dir='ltr'>res</span> <span class='ocrx_word' id='word_1_314' title='bbox 365 2880 605 2946; x_wconf 80' lang='lat' dir='ltr'>Ecclesiasticus</span> <span class='ocrx_word' id='word_1_315' title='bbox 618 2883 842 2964; x_wconf 80' lang='lat' dir='ltr'>suggererent:</span> <span class='ocrx_word' id='word_1_316' title='bbox 857 2885 913 2944; x_wconf 88' lang='lat' dir='ltr'>aut</span> <span class='ocrx_word' id='word_1_317' title='bbox 924 2880 952 2942; x_wconf 89' lang='lat' dir='ltr'>si</span> <span class='ocrx_word' id='word_1_318' title='bbox 963 2879 1046 2943; x_wconf 86' lang='lat' dir='ltr'>nilril</span> <span class='ocrx_word' id='word_1_319' title='bbox 1059 2879 1147 2943; x_wconf 89' lang='lat' dir='ltr'>aliud</span> <span class='ocrx_word' id='word_1_320' title='bbox 1159 2884 1285 2944; x_wconf 90' lang='lat' dir='ltr'>nemine</span> <span class='ocrx_word' id='word_1_321' title='bbox 1300 2877 1457 2964; x_wconf 90' lang='lat' dir='ltr'>Principis</span> <span class='ocrx_word' id='word_1_322' title='bbox 1470 2887 1663 2961; x_wconf 87' lang='lat' dir='ltr'>exercerent,</span> <span class='ocrx_word' id='word_1_323' title='bbox 1680 2905 1782 2968; x_wconf 89' lang='lat' dir='ltr'>quam</span> 
     </span>
     <span class='ocr_line' id='line_1_30' title="bbox 306 2968 1778 3055; baseline 0.002 -23"><span class='ocrx_word' id='word_1_324' title='bbox 306 2971 504 3034; x_wconf 89' lang='lat' dir='ltr'>Potestatem</span> <span class='ocrx_word' id='word_1_325' title='bbox 534 2970 617 3034; x_wconf 90' lang='lat' dir='ltr'>circa</span> <span class='ocrx_word' id='word_1_326' title='bbox 641 2991 730 3033; x_wconf 89' lang='lat' dir='ltr'>sacra</span> <span class='ocrx_word' id='word_1_327' title='bbox 746 2968 1020 3044; x_wconf 68' lang='lat' dir='ltr'>&amp;Ecclesiasticm</span> <span class='ocrx_word' id='word_1_328' title='bbox 1035 2968 1146 3054; x_wconf 89' lang='lat' dir='ltr'>utique</span> <span class='ocrx_word' id='word_1_329' title='bbox 1159 2969 1241 3033; x_wconf 90' lang='lat' dir='ltr'>nihil</span> <span class='ocrx_word' id='word_1_330' title='bbox 1254 2974 1302 3033; x_wconf 90' lang='lat' dir='ltr'>est</span> <span class='ocrx_word' id='word_1_331' title='bbox 1314 2971 1400 3055; x_wconf 90' lang='lat' dir='ltr'>quod</span> <span class='ocrx_word' id='word_1_332' title='bbox 1412 2971 1462 3038; x_wconf 84' lang='lat' dir='ltr'>xel</span> <span class='ocrx_word' id='word_1_333' title='bbox 1475 2971 1612 3054; x_wconf 89' lang='lat' dir='ltr'>speciem</span> <span class='ocrx_word' id='word_1_334' title='bbox 1624 2972 1704 3034; x_wconf 88' lang='lat' dir='ltr'>mali</span> <span class='ocrx_word' id='word_1_335' title='bbox 1722 2972 1778 3036; x_wconf 86' lang='lat' dir='ltr'>lra-</span> 
     </span>
     <span class='ocr_line' id='line_1_31' title="bbox 307 3057 1783 3141; baseline 0.003 -20"><span class='ocrx_word' id='word_1_336' title='bbox 307 3060 391 3123; x_wconf 88' lang='lat' dir='ltr'>beat.</span> <span class='ocrx_word' id='word_1_337' title='bbox 417 3057 473 3122; x_wconf 90' lang='lat' dir='ltr'>Sin</span> <span class='ocrx_word' id='word_1_338' title='bbox 501 3061 586 3118; x_wconf 65' lang='lat' dir='ltr'>scaea</span> <span class='ocrx_word' id='word_1_339' title='bbox 609 3057 827 3122; x_wconf 81' lang='lat' dir='ltr'>&amp;intrinseca</span> <span class='ocrx_word' id='word_1_340' title='bbox 854 3057 1032 3141; x_wconf 87' lang='lat' dir='ltr'>spiritualis</span> <span class='ocrx_word' id='word_1_341' title='bbox 1056 3057 1278 3122; x_wconf 84' lang='lat' dir='ltr'>Ecclesiasticu</span> <span class='ocrx_word' id='word_1_342' title='bbox 1303 3057 1449 3123; x_wconf 86' lang='lat' dir='ltr'>Potestas</span> <span class='ocrx_word' id='word_1_343' title='bbox 1474 3059 1539 3124; x_wconf 92' lang='lat' dir='ltr'>illis</span> <span class='ocrx_word' id='word_1_344' title='bbox 1564 3061 1783 3130; x_wconf 83' lang='lat' dir='ltr'>tribueretur:</span> 
     </span>
     <span class='ocr_line' id='line_1_32' title="bbox 306 3146 1781 3236; baseline 0.003 -26"><span class='ocrx_word' id='word_1_345' title='bbox 306 3148 397 3234; x_wconf 82' lang='lat' dir='ltr'>[pag.</span> <span class='ocrx_word' id='word_1_346' title='bbox 411 3147 492 3231; x_wconf 85' lang='lat'>215]</span> <span class='ocrx_word' id='word_1_347' title='bbox 506 3149 528 3212; x_wconf 77' lang='lat' dir='ltr'>dr</span> <span class='ocrx_word' id='word_1_348' title='bbox 541 3146 605 3209; x_wconf 87' lang='lat' dir='ltr'>illis</span> <span class='ocrx_word' id='word_1_349' title='bbox 620 3147 789 3210; x_wconf 88' lang='lat' dir='ltr'>tribuenda</span> <span class='ocrx_word' id='word_1_350' title='bbox 801 3151 863 3210; x_wconf 90' lang='lat' dir='ltr'>est:</span> <span class='ocrx_word' id='word_1_351' title='bbox 878 3149 900 3210; x_wconf 76' lang='lat' dir='ltr'>b</span> <span class='ocrx_word' id='word_1_352' title='bbox 913 3146 1075 3230; x_wconf 83' lang='lat' dir='ltr'>Collegiis,</span> <span class='ocrx_word' id='word_1_353' title='bbox 1089 3146 1303 3225; x_wconf 76' lang='lat' dir='ltr'>ConsistoriiS,</span> <span class='ocrx_word' id='word_1_354' title='bbox 1313 3147 1494 3212; x_wconf 79' lang='lat' dir='ltr'>&amp;Conciliis</span> <span class='ocrx_word' id='word_1_355' title='bbox 1505 3149 1742 3236; x_wconf 72' lang='lat' dir='ltr'>Ecclesiasticis</span> <span class='ocrx_word' id='word_1_356' title='bbox 1753 3151 1781 3214; x_wconf 87' lang='lat' dir='ltr'>si</span> 
     </span>
     <span class='ocr_line' id='line_1_33' title="bbox 307 3235 1783 3321; baseline 0.002 -21"><span class='ocrx_word' id='word_1_357' title='bbox 307 3259 345 3300; x_wconf 88' lang='lat' dir='ltr'>ea</span> <span class='ocrx_word' id='word_1_358' title='bbox 372 3236 581 3300; x_wconf 89' lang='lat' dir='ltr'>instituantur</span> <span class='ocrx_word' id='word_1_359' title='bbox 609 3237 631 3300; x_wconf 81' lang='lat' dir='ltr'>b</span> <span class='ocrx_word' id='word_1_360' title='bbox 650 3235 840 3312; x_wconf 89' lang='lat' dir='ltr'>habeantur,</span> <span class='ocrx_word' id='word_1_361' title='bbox 855 3235 1126 3318; x_wconf 70' lang='lat' dir='ltr'>praejudicarent:</span> <span class='ocrx_word' id='word_1_362' title='bbox 1144 3237 1282 3321; x_wconf 76' lang='lat' dir='ltr'>ingenue</span> <span class='ocrx_word' id='word_1_363' title='bbox 1295 3235 1400 3300; x_wconf 88' lang='lat' dir='ltr'>fateor</span> <span class='ocrx_word' id='word_1_364' title='bbox 1411 3259 1462 3301; x_wconf 92' lang='lat' dir='ltr'>me</span> <span class='ocrx_word' id='word_1_365' title='bbox 1475 3237 1555 3301; x_wconf 88' lang='lat' dir='ltr'>talia</span> <span class='ocrx_word' id='word_1_366' title='bbox 1570 3237 1709 3321; x_wconf 77' lang='lat' dir='ltr'>collegia</span> <span class='ocrx_word' id='word_1_367' title='bbox 1721 3240 1783 3303; x_wconf 91' lang='lat' dir='ltr'>tali</span> 
     </span>
     <span class='ocr_line' id='line_1_34' title="bbox 307 3324 1783 3412; baseline 0.002 -24"><span class='ocrx_word' id='word_1_368' title='bbox 307 3329 466 3409; x_wconf 89' lang='lat' dir='ltr'>potestate</span> <span class='ocrx_word' id='word_1_369' title='bbox 495 3324 526 3388; x_wconf 90' lang='lat' dir='ltr'>in</span> <span class='ocrx_word' id='word_1_370' title='bbox 551 3325 682 3409; x_wconf 78' lang='lat' dir='ltr'>agendis</span> <span class='ocrx_word' id='word_1_371' title='bbox 711 3325 892 3408; x_wconf 78' lang='lat' dir='ltr'>&amp;regendis</span> <span class='ocrx_word' id='word_1_372' title='bbox 904 3325 1042 3409; x_wconf 84' lang='lat' dir='ltr'>negotiis</span> <span class='ocrx_word' id='word_1_373' title='bbox 1056 3348 1091 3388; x_wconf 90' lang='lat' dir='ltr'>ac</span> <span class='ocrx_word' id='word_1_374' title='bbox 1104 3326 1208 3388; x_wconf 87' lang='lat' dir='ltr'>causis</span> <span class='ocrx_word' id='word_1_375' title='bbox 1225 3325 1468 3404; x_wconf 86' lang='lat' dir='ltr'>Ecclesiasticis,</span> <span class='ocrx_word' id='word_1_376' title='bbox 1487 3326 1642 3392; x_wconf 89' lang='lat' dir='ltr'>hactenus</span> <span class='ocrx_word' id='word_1_377' title='bbox 1655 3328 1688 3391; x_wconf 92' lang='lat' dir='ltr'>iu</span> <span class='ocrx_word' id='word_1_378' title='bbox 1703 3349 1783 3412; x_wconf 90' lang='lat' dir='ltr'>apo·</span> 
     </span>
     <span class='ocr_line' id='line_1_35' title="bbox 308 3413 1782 3500; baseline 0.001 -23"><span class='ocrx_word' id='word_1_379' title='bbox 308 3414 430 3492; x_wconf 73' lang='lat' dir='ltr'>scoliae,</span> <span class='ocrx_word' id='word_1_380' title='bbox 455 3417 478 3480; x_wconf 77' lang='lat' dir='ltr'>tr</span> <span class='ocrx_word' id='word_1_381' title='bbox 502 3413 634 3498; x_wconf 76' lang='lat' dir='ltr'>antiqua</span> <span class='ocrx_word' id='word_1_382' title='bbox 663 3413 815 3492; x_wconf 74' lang='lat' dir='ltr'>Ecclesia,</span> <span class='ocrx_word' id='word_1_383' title='bbox 844 3413 942 3477; x_wconf 89' lang='lat' dir='ltr'>etiam</span> <span class='ocrx_word' id='word_1_384' title='bbox 967 3414 1025 3476; x_wconf 87' lang='lat' dir='ltr'>sub</span> <span class='ocrx_word' id='word_1_385' title='bbox 1049 3414 1295 3497; x_wconf 90' lang='lat' dir='ltr'>imperatoribus</span> <span class='ocrx_word' id='word_1_386' title='bbox 1320 3414 1523 3490; x_wconf 81' lang='lat' dir='ltr'>Christianis,</span> <span class='ocrx_word' id='word_1_387' title='bbox 1535 3439 1598 3481; x_wconf 92' lang='lat' dir='ltr'>non</span> <span class='ocrx_word' id='word_1_388' title='bbox 1611 3418 1782 3500; x_wconf 85' lang='lat' dir='ltr'>reperisse.</span> 
     </span>
     <span class='ocr_line' id='line_1_36' title="bbox 310 3501 1781 3590; baseline 0.002 -25"><span class='ocrx_word' id='word_1_389' title='bbox 310 3505 341 3567; x_wconf 78' lang='grc'>2.</span> <span class='ocrx_word' id='word_1_390' title='bbox 364 3505 425 3568; x_wconf 79' lang='lat' dir='ltr'>Aru</span> <span class='ocrx_word' id='word_1_391' title='bbox 448 3503 476 3566; x_wconf 85' lang='lat' dir='ltr'>si</span> <span class='ocrx_word' id='word_1_392' title='bbox 499 3502 693 3566; x_wconf 84' lang='lat' dir='ltr'>Consistoria</span> <span class='ocrx_word' id='word_1_393' title='bbox 716 3504 738 3566; x_wconf 77' lang='lat' dir='ltr'>b</span> <span class='ocrx_word' id='word_1_394' title='bbox 763 3502 903 3566; x_wconf 71' lang='lat' dir='ltr'>Concilio</span> <span class='ocrx_word' id='word_1_395' title='bbox 916 3525 953 3565; x_wconf 92' lang='lat' dir='ltr'>ex</span> <span class='ocrx_word' id='word_1_396' title='bbox 967 3501 1164 3566; x_wconf 85' lang='lat' dir='ltr'>Consilioriis</span> <span class='ocrx_word' id='word_1_397' title='bbox 1180 3503 1636 3587; x_wconf 77' lang='lat' dir='ltr'>Theologis&amp;Jureconsultis</span> <span class='ocrx_word' id='word_1_398' title='bbox 1649 3527 1781 3590; x_wconf 88' lang='lat' dir='ltr'>corupo-</span> 
     </span>
     <span class='ocr_line' id='line_1_37' title="bbox 309 3591 1781 3679; baseline 0.002 -23"><span class='ocrx_word' id='word_1_399' title='bbox 309 3593 381 3671; x_wconf 87' lang='lat' dir='ltr'>sita,</span> <span class='ocrx_word' id='word_1_400' title='bbox 398 3593 480 3656; x_wconf 90' lang='lat' dir='ltr'>circa</span> <span class='ocrx_word' id='word_1_401' title='bbox 504 3613 614 3655; x_wconf 89' lang='lat' dir='ltr'>causas</span> <span class='ocrx_word' id='word_1_402' title='bbox 640 3591 901 3669; x_wconf 87' lang='lat' dir='ltr'>matrimoniales,</span> <span class='ocrx_word' id='word_1_403' title='bbox 920 3592 1085 3655; x_wconf 88' lang='lat' dir='ltr'>autetiam</span> <span class='ocrx_word' id='word_1_404' title='bbox 1098 3592 1180 3656; x_wconf 89' lang='lat' dir='ltr'>circa</span> <span class='ocrx_word' id='word_1_405' title='bbox 1193 3591 1485 3657; x_wconf 83' lang='lat' dir='ltr'>aliaEcclesiarum</span> <span class='ocrx_word' id='word_1_406' title='bbox 1499 3594 1630 3679; x_wconf 84' lang='lat' dir='ltr'>negotia</span> <span class='ocrx_word' id='word_1_407' title='bbox 1642 3595 1781 3678; x_wconf 88' lang='lat' dir='ltr'>perista-</span> 
     </span>
     <span class='ocr_line' id='line_1_38' title="bbox 308 3680 1782 3765; baseline 0.003 -21"><span class='ocrx_word' id='word_1_408' title='bbox 308 3682 373 3745; x_wconf 89' lang='lat' dir='ltr'>tiea</span> <span class='ocrx_word' id='word_1_409' title='bbox 388 3686 562 3758; x_wconf 73' lang='lat' dir='ltr'>besterna,</span> <span class='ocrx_word' id='word_1_410' title='bbox 576 3703 624 3744; x_wconf 90' lang='lat' dir='ltr'>ex.</span> <span class='ocrx_word' id='word_1_411' title='bbox 638 3701 686 3764; x_wconf 80' lang='lat' dir='ltr'>gr.</span> <span class='ocrx_word' id='word_1_412' title='bbox 699 3680 737 3744; x_wconf 90' lang='lat' dir='ltr'>de</span> <span class='ocrx_word' id='word_1_413' title='bbox 752 3680 905 3744; x_wconf 90' lang='lat' dir='ltr'>reditibus</span> <span class='ocrx_word' id='word_1_414' title='bbox 917 3680 1160 3760; x_wconf 87' lang='lat' dir='ltr'>Ecclesiasticis,</span> <span class='ocrx_word' id='word_1_415' title='bbox 1178 3682 1215 3745; x_wconf 92' lang='lat' dir='ltr'>de</span> <span class='ocrx_word' id='word_1_416' title='bbox 1229 3683 1424 3765; x_wconf 88' lang='lat' dir='ltr'>protectione</span> <span class='ocrx_word' id='word_1_417' title='bbox 1437 3683 1596 3748; x_wconf 89' lang='lat' dir='ltr'>libertatis</span> <span class='ocrx_word' id='word_1_418' title='bbox 1608 3705 1645 3748; x_wconf 85' lang='lat' dir='ltr'>ae</span> <span class='ocrx_word' id='word_1_419' title='bbox 1661 3683 1782 3748; x_wconf 90' lang='lat' dir='ltr'>imum-</span> 
     </span>
     <span class='ocr_line' id='line_1_39' title="bbox 309 3769 1783 3858; baseline 0.002 -27"><span class='ocrx_word' id='word_1_420' title='bbox 309 3769 421 3833; x_wconf 85' lang='lat' dir='ltr'>uitatis</span> <span class='ocrx_word' id='word_1_421' title='bbox 448 3769 663 3834; x_wconf 88' lang='lat' dir='ltr'>Ecclesiarurn</span> <span class='ocrx_word' id='word_1_422' title='bbox 684 3773 734 3835; x_wconf 68' lang='lat' dir='ltr'>aa.</span> <span class='ocrx_word' id='word_1_423' title='bbox 748 3773 874 3832; x_wconf 90' lang='lat' dir='ltr'>tantum</span> <span class='ocrx_word' id='word_1_424' title='bbox 886 3769 1003 3834; x_wconf 80' lang='lat' dir='ltr'>directe</span> <span class='ocrx_word' id='word_1_425' title='bbox 1016 3776 1192 3848; x_wconf 83' lang='lat' dir='ltr'>versentur,</span> <span class='ocrx_word' id='word_1_426' title='bbox 1206 3774 1262 3834; x_wconf 87' lang='lat' dir='ltr'>aut</span> <span class='ocrx_word' id='word_1_427' title='bbox 1274 3771 1400 3836; x_wconf 90' lang='lat' dir='ltr'>nomine</span> <span class='ocrx_word' id='word_1_428' title='bbox 1414 3795 1450 3836; x_wconf 91' lang='lat' dir='ltr'>ac</span> <span class='ocrx_word' id='word_1_429' title='bbox 1466 3773 1504 3836; x_wconf 90' lang='lat' dir='ltr'>de</span> <span class='ocrx_word' id='word_1_430' title='bbox 1517 3773 1667 3837; x_wconf 87' lang='lat' dir='ltr'>nraudato</span> <span class='ocrx_word' id='word_1_431' title='bbox 1680 3771 1783 3858; x_wconf 66' lang='lat' dir='ltr'>Regis</span> 
     </span>
     <span class='ocr_line' id='line_1_40' title="bbox 310 3857 1784 3943; baseline 0.003 -21"><span class='ocrx_word' id='word_1_432' title='bbox 310 3863 366 3922; x_wconf 89' lang='lat' dir='ltr'>aut</span> <span class='ocrx_word' id='word_1_433' title='bbox 393 3857 550 3940; x_wconf 90' lang='lat' dir='ltr'>Principis</span> <span class='ocrx_word' id='word_1_434' title='bbox 575 3881 756 3942; x_wconf 87' lang='lat' dir='ltr'>supremam</span> <span class='ocrx_word' id='word_1_435' title='bbox 781 3857 977 3922; x_wconf 88' lang='lat' dir='ltr'>Potestatem</span> <span class='ocrx_word' id='word_1_436' title='bbox 1001 3863 1165 3923; x_wconf 87' lang='lat' dir='ltr'>externam</span> <span class='ocrx_word' id='word_1_437' title='bbox 1189 3883 1243 3924; x_wconf 88' lang='lat' dir='ltr'>seu</span> <span class='ocrx_word' id='word_1_438' title='bbox 1262 3861 1417 3943; x_wconf 75' lang='lat' dir='ltr'>objectiva</span> <span class='ocrx_word' id='word_1_439' title='bbox 1429 3861 1689 3927; x_wconf 87' lang='lat' dir='ltr'>Ecclesiasticam</span> <span class='ocrx_word' id='word_1_440' title='bbox 1705 3885 1738 3927; x_wconf 86' lang='lat' dir='ltr'>ex</span> <span class='ocrx_word' id='word_1_441' title='bbox 1762 3891 1784 3914; x_wconf 84' lang='lat'>··</span> 
     </span>
     <span class='ocr_line' id='line_1_41' title="bbox 312 3947 1785 4032; baseline 0.004 -22"><span class='ocrx_word' id='word_1_442' title='bbox 312 3951 466 4032; x_wconf 79' lang='lat' dir='ltr'>quantur:</span> <span class='ocrx_word' id='word_1_443' title='bbox 490 3947 602 4031; x_wconf 87' lang='lat' dir='ltr'>utique</span> <span class='ocrx_word' id='word_1_444' title='bbox 614 3968 676 4011; x_wconf 91' lang='lat' dir='ltr'>non</span> <span class='ocrx_word' id='word_1_445' title='bbox 688 3969 920 4032; x_wconf 83' lang='lat' dir='ltr'>repugnamus:</span> <span class='ocrx_word' id='word_1_446' title='bbox 946 3947 1059 4032; x_wconf 91' lang='lat' dir='ltr'>Neque</span> <span class='ocrx_word' id='word_1_447' title='bbox 1076 3949 1160 4012; x_wconf 93' lang='lat' dir='ltr'>enim</span> <span class='ocrx_word' id='word_1_448' title='bbox 1173 3948 1251 4012; x_wconf 90' lang='lat' dir='ltr'>haec</span> <span class='ocrx_word' id='word_1_449' title='bbox 1264 3954 1313 4012; x_wconf 89' lang='lat' dir='ltr'>est</span> <span class='ocrx_word' id='word_1_450' title='bbox 1325 3948 1471 4014; x_wconf 88' lang='lat' dir='ltr'>Potestas</span> <span class='ocrx_word' id='word_1_451' title='bbox 1483 3973 1584 4031; x_wconf 88' lang='lat' dir='ltr'>sacra,</span> <span class='ocrx_word' id='word_1_452' title='bbox 1596 3952 1730 4016; x_wconf 90' lang='lat' dir='ltr'>intrinse</span> <span class='ocrx_word' id='word_1_453' title='bbox 1762 3977 1785 4028; x_wconf 82' lang='lat' dir='ltr'>r,</span> 
     </span>
     <span class='ocr_line' id='line_1_42' title="bbox 312 4035 1785 4124; baseline 0.004 -24"><span class='ocrx_word' id='word_1_454' title='bbox 312 4039 333 4100; x_wconf 83' lang='lat' dir='ltr'>a</span> <span class='ocrx_word' id='word_1_455' title='bbox 347 4035 569 4099; x_wconf 85' lang='lat' dir='ltr'>Ecclesiastico</span> <span class='ocrx_word' id='word_1_456' title='bbox 581 4037 707 4119; x_wconf 82' lang='lat' dir='ltr'>proprie</span> <span class='ocrx_word' id='word_1_457' title='bbox 720 4037 813 4099; x_wconf 89' lang='lat' dir='ltr'>dicta.</span> <span class='ocrx_word' id='word_1_458' title='bbox 828 4039 858 4101; x_wconf 89' lang='lat'>3.</span> <span class='ocrx_word' id='word_1_459' title='bbox 871 4037 930 4100; x_wconf 82' lang='lat' dir='ltr'>Sed</span> <span class='ocrx_word' id='word_1_460' title='bbox 942 4039 978 4112; x_wconf 83' lang='lat' dir='ltr'>si,</span> <span class='ocrx_word' id='word_1_461' title='bbox 993 4035 1189 4102; x_wconf 89' lang='lat' dir='ltr'>Potestatem</span> <span class='ocrx_word' id='word_1_462' title='bbox 1198 4038 1368 4103; x_wconf 89' lang='lat' dir='ltr'>intrinsece</span> <span class='ocrx_word' id='word_1_463' title='bbox 1376 4037 1645 4120; x_wconf 88' lang='lat' dir='ltr'>Ecclesiasticam,</span> <span class='ocrx_word' id='word_1_464' title='bbox 1654 4063 1738 4124; x_wconf 86' lang='lat' dir='ltr'>prop:</span> <span class='ocrx_word' id='word_1_465' title='bbox 1762 4046 1785 4106; x_wconf 67' lang='lat' dir='ltr'>e</span> 
     </span>
     <span class='ocr_line' id='line_1_43' title="bbox 313 4123 1787 4215; baseline 0.006 -29"><span class='ocrx_word' id='word_1_466' title='bbox 313 4124 429 4188; x_wconf 86' lang='lat' dir='ltr'>dictam</span> <span class='ocrx_word' id='word_1_467' title='bbox 455 4123 626 4208; x_wconf 67' lang='lat' dir='ltr'>&amp;quidem</span> <span class='ocrx_word' id='word_1_468' title='bbox 651 4146 831 4208; x_wconf 87' lang='lat' dir='ltr'>supremam</span> <span class='ocrx_word' id='word_1_469' title='bbox 851 4127 884 4190; x_wconf 91' lang='lat' dir='ltr'>in</span> <span class='ocrx_word' id='word_1_470' title='bbox 905 4126 961 4189; x_wconf 94' lang='lat' dir='ltr'>illo</span> <span class='ocrx_word' id='word_1_471' title='bbox 985 4126 1146 4190; x_wconf 88' lang='lat' dir='ltr'>territorio</span> <span class='ocrx_word' id='word_1_472' title='bbox 1167 4127 1229 4191; x_wconf 91' lang='lat' dir='ltr'>sibi</span> <span class='ocrx_word' id='word_1_473' title='bbox 1251 4127 1413 4200; x_wconf 87' lang='lat' dir='ltr'>vindicant</span> <span class='ocrx_word' id='word_1_474' title='bbox 1429 4131 1452 4194; x_wconf 80' lang='lat' dir='ltr'>ta</span> <span class='ocrx_word' id='word_1_475' title='bbox 1466 4134 1614 4194; x_wconf 84' lang='lat' dir='ltr'>exercent</span> <span class='ocrx_word' id='word_1_476' title='bbox 1625 4134 1738 4215; x_wconf 72' lang='lat' dir='ltr'>tanqua</span> <span class='ocrx_word' id='word_1_477' title='bbox 1762 4155 1787 4196; x_wconf 91' lang='lat' dir='ltr'>u</span> 
     </span>
     <span class='ocr_line' id='line_1_44' title="bbox 313 4211 1786 4301; baseline 0.006 -26"><span class='ocrx_word' id='word_1_478' title='bbox 313 4215 331 4275; x_wconf 76' lang='lat' dir='ltr'>a</span> <span class='ocrx_word' id='word_1_479' title='bbox 355 4211 501 4296; x_wconf 89' lang='lat' dir='ltr'>Principe</span> <span class='ocrx_word' id='word_1_480' title='bbox 526 4212 716 4297; x_wconf 85' lang='lat' dir='ltr'>delegatam,</span> <span class='ocrx_word' id='word_1_481' title='bbox 742 4232 875 4299; x_wconf 89' lang='lat' dir='ltr'>eamque</span> <span class='ocrx_word' id='word_1_482' title='bbox 899 4213 1050 4278; x_wconf 89' lang='lat' dir='ltr'>Ecclesiis</span> <span class='ocrx_word' id='word_1_483' title='bbox 1076 4238 1249 4301; x_wconf 88' lang='lat' dir='ltr'>earumque</span> <span class='ocrx_word' id='word_1_484' title='bbox 1275 4216 1501 4298; x_wconf 85' lang='lat' dir='ltr'>Conventibus,</span> <span class='ocrx_word' id='word_1_485' title='bbox 1527 4217 1786 4284; x_wconf 74' lang='lat' dir='ltr'>consistoriis&amp;</span> 
     </span>
     <span class='ocr_line' id='line_1_45' title="bbox 313 4300 1787 4393; baseline 0.007 -29"><span class='ocrx_word' id='word_1_486' title='bbox 313 4300 462 4365; x_wconf 79' lang='lat' dir='ltr'>Conciliis</span> <span class='ocrx_word' id='word_1_487' title='bbox 474 4301 684 4384; x_wconf 67' lang='lat' dir='ltr'>praeripiunt,</span> <span class='ocrx_word' id='word_1_488' title='bbox 698 4303 795 4366; x_wconf 91' lang='lat' dir='ltr'>immo</span> <span class='ocrx_word' id='word_1_489' title='bbox 809 4303 891 4366; x_wconf 91' lang='lat' dir='ltr'>eain</span> <span class='ocrx_word' id='word_1_490' title='bbox 904 4306 1008 4366; x_wconf 89' lang='lat' dir='ltr'>totum</span> <span class='ocrx_word' id='word_1_491' title='bbox 1021 4304 1150 4368; x_wconf 87' lang='lat' dir='ltr'>abolent</span> <span class='ocrx_word' id='word_1_492' title='bbox 1163 4312 1357 4381; x_wconf 81' lang='lat' dir='ltr'>autument:</span> <span class='ocrx_word' id='word_1_493' title='bbox 1371 4306 1481 4392; x_wconf 89' lang='lat' dir='ltr'>utique</span> <span class='ocrx_word' id='word_1_494' title='bbox 1492 4331 1528 4370; x_wconf 89' lang='lat' dir='ltr'>ex</span> <span class='ocrx_word' id='word_1_495' title='bbox 1539 4305 1716 4393; x_wconf 63' lang='lat' dir='ltr'>Scriptura,</span> <span class='ocrx_word' id='word_1_496' title='bbox 1729 4307 1750 4370; x_wconf 85' lang='lat' dir='ltr'>l.</span> <span class='ocrx_word' id='word_1_497' title='bbox 1762 4309 1787 4374; x_wconf 88' lang='lat' dir='ltr'>ic</span> 
     </span>
     <span class='ocr_line' id='line_1_46' title="bbox 312 4389 1788 4476; baseline 0.006 -23"><span class='ocrx_word' id='word_1_498' title='bbox 312 4412 380 4454; x_wconf 88' lang='lat' dir='ltr'>mos</span> <span class='ocrx_word' id='word_1_499' title='bbox 393 4389 517 4453; x_wconf 90' lang='lat' dir='ltr'>defendi</span> <span class='ocrx_word' id='word_1_500' title='bbox 530 4390 650 4476; x_wconf 84' lang='lat' dir='ltr'>nequit.</span> <span class='ocrx_word' id='word_1_501' title='bbox 676 4391 921 4468; x_wconf 77' lang='lat' dir='ltr'>Considereptur</span> <span class='ocrx_word' id='word_1_502' title='bbox 933 4393 1088 4457; x_wconf 72' lang='lat' dir='ltr'>Conclarc</span> <span class='ocrx_word' id='word_1_503' title='bbox 1102 4395 1124 4458; x_wconf 78' lang='lat' dir='ltr'>dr</span> <span class='ocrx_word' id='word_1_504' title='bbox 1142 4395 1372 4459; x_wconf 72' lang='lat' dir='ltr'>(tonsistorium</span> <span class='ocrx_word' id='word_1_505' title='bbox 1386 4395 1617 4470; x_wconf 77' lang='lat' dir='ltr'>Sardiualium,</span> <span class='ocrx_word' id='word_1_506' title='bbox 1631 4399 1654 4463; x_wconf 82' lang='lat' dir='ltr'>dr</span> <span class='ocrx_word' id='word_1_507' title='bbox 1666 4395 1788 4463; x_wconf 84' lang='lat' dir='ltr'>Sacrae</span> 
     </span>
     <span class='ocr_line' id='line_1_47' title="bbox 448 4495 461 4516; baseline 0 0"><span class='ocrx_word' id='word_1_508' title='bbox 448 4495 461 4516; x_wconf 87' lang='lat'><em>.</em></span> 
     </span>
    </p>
   </div>
   <div class='ocr_carea' id='block_1_3' title="bbox 1707 4509 1789 4554">
    <p class='ocr_par' dir='ltr' id='par_1_3' title="bbox 1707 4509 1789 4554">
     <span class='ocr_line' id='line_1_48' title="bbox 1707 4509 1789 4554; baseline 0.037 -3"><span class='ocrx_word' id='word_1_509' title='bbox 1707 4509 1746 4552; x_wconf 74' lang='lat' dir='ltr'>CO</span> <span class='ocrx_word' id='word_1_510' title='bbox 1762 4511 1789 4554; x_wconf 87' lang='lat' dir='ltr'>l·</span> 
     </span>
    </p>
   </div>
   <div class='ocr_carea' id='block_1_4' title="bbox 0 0 1877 4850">
    <p class='ocr_par' dir='ltr' id='par_1_4' title="bbox 0 0 1877 4850">
     <span class='ocr_line' id='line_1_49' title="bbox 0 0 1877 4850; baseline 0 0"><span class='ocrx_word' id='word_1_511' title='bbox 0 0 1877 4850; x_wconf 95' lang='lat' dir='ltr'> </span> 
     </span>
    </p>
   </div>
  </div>
 </body>
</html>
