3768 4842
323 293 483 366 Tener.
522 245 1141 365 I.DsE*ccaas.Insi1norl.
1303 295 1399 365 Car.
1432 291 1551 394 ‚1515

122 483 283 548 Meroide
295 485 347 548 est
359 505 511 548 numerus
523 487 707 570 numeratus
719 505 773 548 sen
786 483 1119 561 multitudofidclinm,
1128 482 1291 556 indefinite
1301 486 1453 567 spectata.
1469 480 1499 546 N
1501 503 1554 545 am

85 575 210 656 quantus
216 571 356 636 definite
364 572 479 638 debeat
491 595 559 638 esse
571 595 732 652 numerus,
744 595 808 636 nou
822 572 1027 656 praescripsit
1039 571 1136 638 Deus.
1146 571 1298 636 Minimus
1307 576 1416 636 utnon
1424 569 1552 636 facilius

86 666 179 744 posset
193 661 421 740 determinari,
434 665 471 728 ιιι
483 661 640 745 siquidem
652 662 720 726 ficri
733 665 850 746 posset,
863 665 931 726 tam
943 661 1153 748 exiguus'non
1166 661 1219 741 sit,
1233 661 1288 745 qui
1299 661 1352 726 vix
1364 661 1553 725 varietatem

88 751 238 832 unorum,
251 751 276 816 ἃ
293 750 484 833 prudentem
504 751 705 826 collationem
717 750 948 816 senteutiamm
960 750 1088 830 habeat,
1101 753 1124 818 b
1137 754 1366 834 consequenter
1380 749 1433 816 vix
1446 748 1553 832 aliqua

88 838 336 904 mmautoritate
344 837 555 904 ecclesiastice
564 840 689 904 decreta
698 839 875 905 executioni
884 837 1556 924 mandareyaleat.Seddehoeinfrainl'ro·
1612 915 1621 928 ,

88 927 230 992 tinnulis
242 925 360 992 Partes
371 927 534 993 Ecclesiae
542 928 707 993 institutae
717 929 800 1013 quod
809 928 849 992 ad
858 929 1026 994 materiam
1035 951 1091 994 seu
1100 928 1276 1006 materiale,
1288 931 1362 992 sunt
1372 927 1557 1012 dirigentes,

90 1017 146 1082 scil.
168 1015 321 1082 Ministri
344 1039 401 1082 seu
425 1015 667 1094 Antecessores3
692 1019 716 1084 b
740 1017 888 1096 directae,
901 1017 970 1083 scil.
985 1017 1129 1103 Populus
1141 1041 1197 1082 seu
1209 1016 1305 1082 Plebs
1318 1015 1556 1094 Ecclesiastico,

92 1127 158 1190 qnos
181 1105 218 1168 in
242 1103 372 1188 Papatu
396 1110 510 1171 vocant
532 1101 653 1186 laicos,
666 1106 810 1191 opposite
823 1107 862 1170 ad
875 1105 1003 1171 (ilerum
1016 1129 1072 1170 seu
1084 1105 1221 1171 Clericcs
1233 1130 1240 1183 3
1254 1106 1310 1170 sed
1322 1127 1503 1190 perperam:
1518 1101 1557 1168 de

92 1217 144 1278 qno
168 1195 263 1278 infra
295 1196 383 1260 Part.
412 1195 443 1259 2.
465 1195 516 1260 [ιιι
528 1195 766 1260 considerantur
777 1196 828 1260 vel
841 1195 984 1274 seorsim,
997 1197 1020 1261 tr
1033 1195 1212 1280 sigillatum
1225 1195 1399 1260 secundum
1411 1194 1559 1259 titulos&
1608 1231 1611 1238 ⁴

91 1283 201 1367 gradus
214 1305 292 1348 suos
307 1283 361 1367 (de
373 1283 490 1366 quibus
502 1284 568 1349 Lib.
581 1285 612 1348 2.
626 1285 772 1350 Politicce
783 1286 893 1350 Eccles.
907 1285 1079 1370 agendum)
1095 1285 1145 1349 vel
1158 1283 1315 1348 collectim
1325 1285 1347 1350 dr
1356 1284 1387 1348 in
1399 1287 1489 1348 coetu
1500 1303 1557 1348 scu

91 1371 219 1458 mllegio
247 1393 318 1450 suo,
341 1371 543 1456 Presbyteno
567 1373 705 1438 scibant
721 1371 857 1457 Synodo,
869 1373 928 1437 nee
939 1395 1002 1437 nou
1016 1369 1172 1438 conventu
1188 1357 1403 1438 Diaconorum
1421 1373 1473 1458 (de
1486 1371 1557 1456 qui·

93 1460 143 1526 bus
156 1460 224 1526 Lib.
241 1460 301 1543 3.).
316 1461 459 1544 Populus
471 1459 583 1526 itidem
595 1459 788 1526 considerari
797 1465 913 1545 potest,
927 1462 977 1526 vel
993 1461 1190 1526 distributim
1206 1461 1420 1547 singillatim,
1429 1461 1480 1525 vel
1492 1462 1557 1526 col·

92 1549 204 1614 lectim.
232 1551 291 1614 lllo
304 1550 397 1614 nouo
409 1549 625 1615 consideratus
637 1551 789 1615 dividitur
801 1549 834 1614 in
846 1555 954 1635 partes
966 1550 1122 1635 proprias,
1136 1551 1247 1636 quales
1259 1555 1334 1615 sunt
1345 1571 1455 1614 omnes
1467 1571 1555 1614 com·

92 1639 286 1704 nunicantes
314 1639 412 1724 volgo
439 1639 485 1702 ita
500 1639 587 1716 dicti,
600 1644 656 1704 ant
671 1640 816 1704 membra
828 1637 997 1718 Ecclesiae,
1014 1661 1093 1723 quos
1106 1638 1250 1728 Ecclesia
1263 1639 1395 1723 antiqua
1412 1638 1556 1723 appella-

92 1726 142 1792 bat
156 1727 274 1814 fideles,
287 1748 405 1811 eosque
417 1727 458 1791 ab
470 1727 705 1794 catechumenis
718 1730 740 1794 tr
753 1727 990 1812 poenitentibus
1002 1728 1237 1815 distinguebat:
1256 1732 1278 1795 dr
1291 1728 1324 1791 in
1334 1740 1439 1812 portes
1448 1728 1560 1792 anulo-

93 1817 180 1900 gioue,
203 1816 318 1900 quales
334 1820 409 1880 sunt
420 1814 564 1882 Infantes
576 1817 729 1896 fidelium,
746 1817 931 1892 Audientes,
945 1816 1184 1897 catechumeni,
1201 1815 1435 1902 Competentes,
1448 1815 1556 1900 lapsi,
1568 1881 1580 1896 „
1594 1837 1597 1848 ·

96 1903 232 1988 Relapsi,
257 1903 473 1983 Paeniteutes,
498 1908 521 1972 dr
549 1905 709 1982 Abstenti,
721 1927 893 1989 omnesque
905 1905 962 1970 alii
974 1906 1034 1970 sub
1047 1911 1180 1971 censura
1196 1906 1371 1972 constituti.
1394 1906 1562 1970 [indicates

95 1992 180 2058 nobis
202 1992 259 2057 hic
273 1993 346 2058 laxe
362 1993 485 2077 accepti
497 1999 572 2058 sunt
584 2016 693 2058 ornnes
706 1994 755 2058 illi
768 1994 823 2079 qui
839 2017 900 2058 non
914 1998 1041 2060 tantum
1054 1995 1214 2061 ordinario
1230 2000 1286 2059 aut
1298 1994 1492 2078 frequentar,
1505 1995 1561 2058 sed

12 2085 20 2116 '
95 2084 116 2146 t
132 2104 332 2166 quocumque
345 2083 439 2146 modo
450 2083 593 2148 coetibus
608 2083 768 2148 Ecclesiae
782 2085 805 2149 ιι
818 2083 1020 2150 concionibus
1032 2084 1185 2149 interesse
1201 2084 1312 2149 solunt
1328 2085 1490 2150 &audent
1515 2083 1560 2146 Ει

96 2171 170 2236 tales
194 2171 319 2254 absque
333 2171 401 2235 ullo
418 2171 598 2236 discrimine
613 2171 647 2235 in
659 2173 807 2236 omnibus
823 2171 975 2236 Ecclesiis
991 2172 1224 2254 admittuntur;
1238 2173 1378 2256 exceptis
1390 2171 1562 2238 clandesti-

98 2259 150 2324 nis.
170 2257 209 2324 In
221 2259 367 2324 Ecclesia
379 2260 511 2344 antiqua
523 2261 682 2327 audiendos
698 2261 764 2326 sive
775 2262 933 2326 auditores
947 2265 1009 2346 (gr.
1026 2259 1198 2336 ἀκροώμενοι
1213 2257 1424 2344 )dicebantur
1435 2261 1494 2338 illi,
1508 2259 1564 2344 qui

98 2348 242 2414 volebant
256 2347 327 2412 fieri
340 2347 524 2429 Christiani,
538 2350 593 2414 sed
604 2351 746 2414 nondum
758 2350 918 2434 petierant
931 2349 1022 2436 [pag.
1038 2349 1095 2434 13]
1110 2349 1324 2433 Baptismum.
1347 2349 1564 2415 catechumeni

100 2437 181 2502 nobis
194 2441 282 2514 sunt,
298 2437 354 2520 qui
366 2459 428 2501 non
440 2441 567 2502 tantum
574 2438 850 2516 concionibus,sed
858 2438 1071 2502 familiaribus
1081 2437 1392 2503 Catachizationibus
1401 2438 1435 2502 in
1443 2439 1504 2503 fide
1513 2438 1563 2502 in-

101 2525 280 2590 stituuntur.
306 2523 396 2610 lique
418 2531 493 2590 sunt
510 2527 561 2591 vel
573 2527 724 2606 extranei,
736 2528 786 2592 vel
799 2527 833 2590 in
844 2527 988 2592 Ecclesia
1004 2526 1072 2590 nati
1084 2529 1107 2593 b
1120 2528 1256 2592 educati.
1280 2526 1418 2611 Utrique
1431 2547 1559 2591 rursum

91 2611 143 2678 'rel
157 2613 346 2698 incipientes
361 2637 417 2680 seu
432 2616 584 2696 rudiores,
597 2616 647 2680 vel
659 2617 860 2700 proficientes
877 2639 933 2680 seu
943 2615 1163 2700 provectiores.
1188 2615 1250 2681 Sed
1262 2617 1300 2681 de
1313 2615 1557 2680 catechumenis

102 2703 121 2768 t
140 2702 395 2768 catechizatione
408 2726 465 2770 suo
477 2704 546 2769 loco
557 2705 733 2770 dicendum.
760 2705 966 2792 Cumpclentes
982 2704 1081 2787 quiin
1094 2703 1156 2769 fide
1168 2708 1252 2770 recte
1265 2705 1407 2770 instituti
1418 2706 1459 2769 ad
1471 2703 1558 2787 Bap-

103 2791 226 2856 tismum
249 2795 308 2857 aut
330 2813 472 2872 coenam,
496 2797 552 2858 aut
566 2797 747 2877 utrumque,
761 2796 784 2860 dr
796 2797 1026 2877 consequenter
1038 2794 1078 2858 ad
1092 2795 1346 2858 communionem
1358 2792 1563 2858 Ecclesiasti-

105 2901 165 2944 cam
191 2880 322 2944 admitti
345 2886 473 2964 petunt:
498 2882 609 2966 quales
633 2881 727 2946 hodie
755 2883 839 2966 apud
861 2905 918 2946 nos
931 2881 1080 2946 Ministro
1092 2882 1197 2959 alicui,
1214 2887 1271 2947 aut
1284 2881 1419 2962 Seniori,
1436 2886 1492 2946 aut
1503 2881 1565 2946 toti

104 2965 251 3050 Synedrio
274 2991 389 3034 nomen
409 2992 504 3035 suum
515 2970 651 3054 professi
661 2971 819 3035 dicuntur.
844 2971 941 3054 Lepci
952 2974 1028 3034 sunt
1040 2971 1221 3055 quicunque
1233 2972 1266 3034 in
1280 2972 1341 3036 fide
1353 2975 1409 3035 aut
1419 2969 1565 3034 moribus

104 3056 310 3122 deflexerunt:
337 3058 403 3123 sire
426 3059 656 3142 poeniteutiam
680 3064 779 3144 agant
803 3061 868 3124 sive
894 3081 966 3123 non.
991 3061 1117 3143 delapsi
1139 3061 1194 3144 qui
1212 3066 1284 3144 post
1295 3059 1565 3144 poeniteutiam&

105 3146 387 3212 reconciliationem
400 3151 419 3210 a
435 3148 537 3232 lapsu,
551 3149 653 3213 denuo
666 3148 861 3233 impingunt,
874 3150 896 3214 tr
913 3170 1079 3212 censuram
1091 3149 1267 3213 incurrunt.
1294 3149 1496 3226 Pccnilenles,
1510 3147 1566 3231 qui

105 3233 156 3300 hoc
172 3240 285 3320 agunt,
297 3239 335 3300 ut
345 3235 452 3300 debite
464 3236 719 3316 reconcilientur,
732 3239 755 3302 fa
767 3237 987 3302 restituantur.
1012 3237 1150 3303 Abslcnli
1162 3237 1228 3302 sive
1241 3237 1394 3322 Suspensi
1406 3235 1567 3321 (quamvis

105 3344 325 3407 nonnunquam
335 3319 414 3389 haec
431 3325 584 3390 vocabula
596 3325 846 3410 distinguantur)
860 3329 935 3390 sunt
946 3325 1064 3404 fideles,
1077 3326 1193 3410 quibus
1217 3335 1323 3406 χρῆσις
1345 3325 1566 3393 &exercitium
1659 3395 1669 3414 ⁸

105 3412 338 3491 communionis,
365 3435 429 3478 non
451 3423 556 3482 κτῆσις
578 3418 635 3478 aut
653 3415 706 3496 jus
730 3413 883 3491 aufertur,
908 3415 1006 3478 donec
1021 3414 1183 3479 Ecclesiae
1196 3415 1419 3479 satisfecerint.
1449 3412 1511 3478 Sed
1527 3415 1566 3478 de

106 3497 220 3584 lapsis,
238 3499 396 3585 Relapsis,
414 3502 592 3580 Absteutis,
606 3501 848 3568 Poenitentibur
863 3505 950 3568 Part.
966 3504 996 3566 3.
1011 3504 1103 3568 Polit.
1115 3505 1227 3568 Eccles.
1240 3504 1408 3588 agendum.
1427 3502 1567 3586 Populus

105 3590 244 3654 altaria
266 3589 484 3654 consideratur
496 3591 547 3656 rel
560 3591 737 3676 adaequate
749 3615 803 3656 seu
818 3591 1059 3670 universaliter;
1074 3593 1122 3662 vel
1136 3591 1346 3676 inadaequate
1360 3615 1417 3656 seu
1428 3591 1568 3675 particu-

105 3676 217 3742 lariter.
244 3679 300 3744 lllo
323 3679 416 3743 modo
438 3679 658 3745 consideratur
685 3680 716 3744 in
742 3681 913 3765 panegyri:
939 3679 1002 3744 isto
1028 3682 1120 3745 modo
1141 3682 1298 3764 prirrrurid
1310 3680 1343 3744 in
1357 3679 1568 3744 conventibus
1665 3745 1670 3756 ,

110 3765 346 3846 parochialibus,
374 3789 430 3832 seu
443 3767 652 3848 divisionibus
665 3773 811 3848 coetuum
825 3792 881 3854 per
892 3768 985 3852 plura
997 3769 1135 3834 oratoria
1148 3770 1189 3834 ad
1200 3769 1364 3834 conciones
1377 3769 1567 3844 audiendas;

173 3855 284 3920 odurrb
296 3856 327 3920 in
352 3856 559 3922 conventibus
587 3859 615 3922 1.
629 3857 957 3926 (latechumenornm.
972 3859 1001 3922 2.
1015 3856 1241 3942 Repetentium
1254 3859 1429 3923 conciones.
1445 3858 1475 3922 3.
1489 3856 1568 3922 Pro·

172 3944 314 4022 tantiam,
326 3945 387 4010 hoc
399 3950 448 4010 cst
460 3946 672 4010 exercentium
688 3969 722 4010 se
734 3947 995 4030 interpretatione
1007 3945 1200 4030 Scripturas,
1213 3948 1343 4031 ejusque
1355 3945 1568 4031 applicatione

172 4054 299 4097 examen
323 4033 621 4114 controversiarum,
638 4039 694 4100 aut
706 4036 746 4101 ad
760 4057 835 4100 usus
848 4035 1014 4120 practices,
1027 4035 1152 4120 aliaque
1169 4036 1299 4120 pietatis
1312 4033 1473 4101 exercitia.
1497 4033 1570 4099 Huc

172 4125 246 4184 runt
269 4122 415 4187 nonnulli
439 4123 564 4188 scholas
577 4145 792 4209 quascunque.
819 4122 881 4188 Sed
892 4145 955 4187 non
969 4129 1044 4189 sunt
1055 4125 1130 4188 illae
1143 4130 1249 4209 partes
1266 4123 1411 4200 ὁμοειδεῖς,
1430 4124 1492 4189 nisi
1504 4125 1569 4188 sint
1608 4171 1612 4181 .

176 4210 235 4274 >lae
263 4213 285 4277 a
298 4210 442 4296 Collegia
455 4211 644 4298 theologica.
670 4211 890 4300 Distinguitur
902 4211 1000 4278 etiam
1013 4214 1148 4297 populus
1160 4213 1403 4278 Ecclesiasticus
1415 4212 1569 4278 divisione

173 4299 314 4364 condens
331 4319 388 4384 per
404 4323 442 4364 es
453 4323 534 4384 quae
547 4324 604 4388 per
616 4302 760 4370 accidens
772 4302 820 4366 illi
833 4302 941 4366 insunt
954 4323 1010 4365 seu
1023 4302 1207 4381 adhaerent,
1226 4303 1285 4366 hoc
1301 4306 1359 4378 est,
1376 4324 1432 4384 per
1445 4323 1569 4385 respec-

192 4389 214 4454 ιι
247 4389 527 4454 detarmiuationes
551 4393 637 4455 mere
657 4392 859 4456 extrinsecas.
883 4389 920 4456 In
942 4388 1097 4456 Dominos
1120 4413 1175 4456 sen
1199 4389 1426 4476 Magistratus;
1446 4390 1480 4454 in
1496 4389 1570 4454 Ple·

1481 4479 1569 4563 bejos
