3722 4850
311 283 352 346 14
673 279 831 346 Pomrrcrr
847 279 1095 346 Eccnnsusrrcrn
1120 279 1200 346 Pras
1213 280 1239 347 Ι.
1265 280 1329 346 bia.
1344 279 1385 347 ΙΙ,

309 469 369 534 Dei
382 468 634 534 benedictionem
645 468 679 532 in
692 468 850 533 rhetorict
861 467 968 534 divina
979 468 1019 532 ad
1030 467 1189 553 insignem
1201 465 1417 532 Ecclesiarum
1428 467 1685 534 aedificationem
1699 491 1776 554 prc-

308 557 431 624 fecisse.
451 597 489 605 -
514 559 570 622 III.
597 557 700 623 Probi.
725 556 776 621 An
790 579 894 622 sacros
907 554 1022 621 Ooetus
1035 556 1095 620 ritb
1108 555 1324 642 frequentant,
1340 557 1494 623 &cultum
1506 557 1650 622 divinum
1662 559 1695 622 in
1712 559 1776 624 Ec-

308 647 415 726 clesia,
437 650 594 727 exercent,
616 645 672 731 qui
693 649 818 731 partem
838 645 1007 725 concionis,
1027 650 1084 710 aut
1101 645 1261 730 integram
1276 644 1457 710 concionem
1471 645 1605 710 audiunt
1617 647 1776 732 neglectis

308 735 469 800 Precibus.
485 737 573 820 desp.
593 736 665 820 nep.
679 733 761 811 Quia
772 734 885 800 Preces
898 738 974 798 suut
985 735 1156 818 praecipua
1167 755 1242 818 pars
1255 734 1360 798 cultus
1373 734 1482 812 divini,
1495 735 1535 811 ad
1551 757 1647 821 quern
1660 735 1776 802 Eccle-

308 825 355 889 sia
374 827 573 890 convocatur.
597 823 700 888 Immo
718 823 899 909 aliquando,
912 817 1074 888 occasione
1090 823 1136 886 ita
1152 821 1274 887 ferente
1289 822 1376 886 solae
1386 827 1490 888 totum
1502 846 1581 908 opus
1595 830 1774 890 conventus

241 925 245 934 '
308 912 514 978 constituunt:
526 912 573 978 uti
586 934 683 997 supra
695 912 884 978 notavimus.
897 910 935 976 ln
945 911 1069 996 Papatu
1082 912 1185 975 malus
1198 910 1251 976 hic
1259 933 1329 976 mos
1336 911 1470 992 obtinet,
1476 916 1513 976 ut
1520 913 1669 978 concione
1681 913 1777 978 finita

308 1002 376 1067 sine
388 1000 539 1066 Precibus
558 999 740 1066 Conventus
760 1001 950 1080 dimittatur,
972 1002 994 1069 δι
1014 1001 1083 1065 sine
1098 998 1249 1065 Precibus
1262 1004 1435 1084 praeeunte
1447 1021 1522 1066 voce
1534 1000 1775 1068 Ooncionatoris

308 1090 555 1175 pronuntiantis,
568 1090 596 1154 si
607 1111 670 1154 uon
682 1090 801 1177 ubique
813 1090 928 1154 saltem
935 1089 1046 1153 multis
1055 1089 1089 1153 in
1101 1087 1179 1154 locis
1190 1088 1298 1153 concio
1309 1088 1490 1167 inchoetur;
1498 1088 1777 1156 Auditoresetiam

308 1180 487 1264 complures
505 1179 680 1244 successive
704 1178 737 1242 in
756 1179 860 1244 rnedio
871 1201 964 1244 cursu
978 1177 1135 1243 concionis
1152 1181 1188 1242 eb
1200 1177 1361 1258 accedant,
1374 1179 1398 1244 b
1409 1177 1483 1242 inde
1494 1178 1652 1245 recedant.
1677 1179 1777 1264 Apud

307 1267 443 1333 Nostros
456 1268 490 1332 in
502 1267 677 1352 majoribus
690 1266 876 1334 Ecclesiislr
891 1267 1067 1332 Auditoriis
1079 1266 1225 1331 nonnulli
1236 1266 1374 1331 similem
1384 1289 1481 1353 quam
1489 1263 1616 1346 ἀταξίαν
1624 1270 1776 1334 commit·

307 1361 391 1436 tunt,
417 1379 489 1421 curn
513 1361 604 1421 extra
627 1360 788 1422 extremae
810 1356 1007 1422 necessitatis
1031 1377 1140 1420 casum
1160 1355 1340 1439 aliquando,
1352 1355 1451 1419 immo
1464 1358 1487 1423 b
1499 1377 1604 1441 saepe,
1617 1379 1658 1420 ne
1670 1357 1775 1422 dicam

307 1467 431 1530 semper
454 1446 601 1510 concione
617 1445 718 1524 finita,
743 1447 760 1508 e
783 1450 874 1510 coctu
887 1467 920 1510 sc
933 1444 1123 1529 proripiunt:
1136 1444 1248 1528 pedem
1258 1444 1333 1508 inde
1344 1465 1407 1508 nou
1420 1445 1549 1518 moturi,
1565 1445 1593 1508 si
1605 1447 1719 1511 concio
1737 1448 1776 1511 ad

307 1535 526 1618 quadrantem,
546 1536 570 1601 lt
592 1535 643 1598 vel
657 1534 696 1598 ad
712 1533 920 1599 semi-horam
936 1533 1039 1598 adhuc
1049 1531 1282 1598 extenderetur.
1318 1530 1411 1597 Unde
1423 1533 1605 1618 colligimus
1629 1535 1774 1613 subesse,

307 1625 524 1707 contemptum
536 1621 680 1702 Pre'cum,
693 1621 903 1701 Psalmodiae,
916 1622 1054 1687 solennis
1066 1619 1305 1700 benedictionis,
1318 1643 1399 1705 quae
1411 1622 1476 1686 tria
1486 1622 1571 1706 apud
1582 1644 1640 1686 nos
1650 1625 1777 1710 sequi&

307 1712 453 1776 terminis
462 1711 602 1796 ejusdem
615 1716 788 1776 conventus
797 1711 1010 1791 ecclesiastici,
1025 1713 1089 1774 uua
1101 1731 1173 1774 cum
1191 1709 1398 1793 praecedente
1407 1710 1581 1776 oratione&
1591 1710 1777 1776 Psalmodid

307 1799 466 1864 ordinarit
478 1804 631 1886 tanquam
644 1805 751 1884 partes
762 1801 867 1865 cultus
879 1799 978 1864 divini
994 1798 1150 1864 contineri
1167 1799 1280 1862 solent.
1305 1796 1486 1885 Aliquoties
1501 1820 1559 1883 pro
1570 1800 1724 1866 concione
1738 1802 1776 1866 de

306 1889 367 1953 hoc
386 1888 512 1954 defectu
531 1889 645 1954 moniti
657 1893 732 1954 aunt
747 1911 809 1953 non
823 1888 891 1953 sine
906 1889 1087 1974 aliquorum
1103 1886 1335 1952 emendatiore:
1349 1888 1403 1951 sed
1416 1888 1587 1952 obliterata
1599 1910 1673 1952 cum
1691 1893 1776 1953 tem-

307 1999 382 2062 pore
402 1978 459 2042 illa
478 1977 703 2058 admonitione,
716 1977 817 2064 aliqui
833 1999 959 2042 rursum
972 1977 1012 2045 ad
1028 1976 1196 2062 antiquum
1210 1975 1353 2040 redeunt.
1378 1975 1537 2041 Videntur
1549 1998 1626 2062 ergo
1639 1977 1777 2060 priuatis

307 2066 587 2145 admonitionibus,
600 2066 657 2133 &si
666 2066 741 2132 illae
750 2089 812 2131 non
820 2067 943 2150 juvent,
956 2065 1131 2130 acrioribus
1143 2064 1436 2148 correptionibus&
1447 2064 1577 2129 tandem
1590 2065 1681 2151 [pag.
1692 2067 1775 2152 498]

306 2155 447 2220 censuris
466 2158 486 2219 a
503 2154 638 2240 profana
656 2155 717 2220 hac
732 2153 841 2235 ἀταξίᾳ
860 2154 1037 2233 revocandi,
1050 2153 1106 2240 qui
1119 2175 1182 2217 uon
1194 2174 1252 2236 per
1263 2154 1580 2238 praeoccupationem
1596 2176 1705 2240 quam,
1720 2155 1776 2219 sed

307 2243 398 2328 quasi
410 2265 449 2306 er
465 2243 564 2307 animi
580 2244 630 2308 sui
646 2248 732 2309 certo
745 2248 866 2309 statuto
878 2243 911 2307 in
923 2242 1072 2308 scandalo
1087 2241 1148 2307 hoc
1160 2246 1373 2326 perseverant.
1397 2241 1531 2306 interim
1544 2245 1776 2326 praemonendi

307 2335 383 2396 sunt
395 2330 657 2413 Ocncionatores,
674 2337 711 2397 nt
728 2331 913 2410 Conciones,
929 2331 1044 2397 Preces
1064 2333 1087 2398 b
1103 2329 1310 2410 Psalmodiss,
1323 2331 1513 2415 praesertim
1524 2331 1777 2398 hebdomadales

307 2420 559 2506 (dominicalium
583 2421 668 2486 enim
688 2421 752 2486 alia
772 2425 820 2486 est
838 2421 936 2504 ratio)
949 2419 995 2485 ita
1006 2419 1207 2498 contrabant,
1220 2442 1260 2484 ue
1273 2419 1428 2504 ejusmodi
1442 2419 1677 2504 intempestivis
1691 2422 1778 2485 sacri

306 2513 480 2574 conventus
493 2509 707 2576 desertoribus
719 2510 915 2575 occasionem
928 2509 1070 2596 aliquam
1081 2509 1267 2594 praebuisse
1279 2509 1455 2574 videantur.
1472 2546 1513 2556 -
1526 2510 1545 2573 Ι
1551 2509 1581 2573 V.
1596 2507 1706 2575 Prote.
1721 2509 1778 2574 An

306 2619 415 2662 omnes
426 2597 538 2664 Preces
555 2599 787 2664 ecclesiastieae
799 2599 976 2664 necessarie
989 2596 1221 2662 concludendas
1234 2597 1386 2661 Oratione
1402 2597 1577 2662 dominica?
1589 2599 1683 2682 Hesp.
1698 2599 1778 2684 Nep.

307 2684 496 2770 Opinionem
510 2688 735 2768 affirmantem,
748 2688 862 2752 saltem
873 2687 986 2771 praxin
1000 2689 1188 2770 perpetuam
1201 2685 1382 2751 reformatis
1391 2685 1614 2750 adscribebant
1621 2685 1725 2773 aliqui
1736 2709 1778 2752 ex

306 2773 525 2859 Separatistis,
538 2798 673 2862 quornm
685 2775 916 2862 Antagcnistas
928 2775 1059 2840 memini
1071 2775 1207 2839 antehac
1218 2774 1431 2858 respondisse,
1444 2773 1477 2837 in
1489 2773 1642 2839 Ecclesiis
1659 2773 1780 2860 Belgi·

307 2863 362 2944 cis,
382 2864 529 2944 orationi,
543 2887 624 2951 quae
646 2865 805 2949 baptismo
817 2863 1043 2948 praemittitur,
1057 2863 1267 2928 communiter
1277 2884 1340 2927 non
1352 2863 1504 2949 subjungi
1515 2861 1703 2928 Orationem
1717 2865 1780 2928 do·

307 2951 467 3019 mininam.
494 2953 647 3018 Addimus
670 2975 738 3034 uos,
763 2975 798 3017 er
821 2951 1042 3018 communibus
1054 2951 1201 3017 formulis
1213 2952 1386 3031 doctrinae,
1398 2955 1457 3016 aut
1467 2974 1506 3016 cx
1522 2952 1684 3016 communi
1697 2973 1777 3018 con·

306 3061 400 3105 sensu
409 3040 593 3122 Doctorum,
606 3045 663 3106 aut
674 3065 713 3107 ex
725 3041 869 3107 Decretis
881 3039 1090 3126 Synodcrum‚
1104 3063 1268 3126 nunquam
1279 3040 1489 3125 probandum,
1504 3040 1588 3105 hane
1603 3061 1672 3106 esse
1686 3063 1780 3106 com-

306 3151 435 3194 munem
455 3131 646 3195 sententiam
661 3134 719 3196 aut
742 3130 987 3196 ecclesiasticam
1000 3130 1177 3194 doctrinam
1188 3127 1445 3194 reformatorum.
1466 3129 1516 3194 Er
1529 3130 1599 3194 luce
1610 3127 1778 3194 factorum

307 3222 441 3297 constat,
461 3240 524 3282 non
547 3241 615 3284 esse
635 3219 718 3284 hanc
736 3239 936 3284 communem
958 3218 1083 3302 praxin:
1104 3240 1177 3284 cum
1189 3218 1290 3305 aliqui
1310 3216 1530 3283 Ministrorum
1547 3239 1606 3301 pro
1618 3218 1780 3298 libertate

305 3310 373 3388 sud,
398 3308 421 3373 le
444 3329 503 3391 pro
525 3307 771 3392 particularibus
783 3311 974 3392 temporum,
991 3307 1141 3387 locorum,
1158 3329 1275 3387 rerum,
1289 3328 1496 3390 personarum
1507 3307 1779 3386 circumstantiis,

306 3395 476 3482 aliquando
495 3397 595 3461 solam
613 3396 796 3461 Orationem
820 3396 1010 3461 dominicam
1029 3399 1104 3460 ante
1120 3400 1176 3460 aut
1195 3399 1268 3480 post
1278 3395 1461 3460 concionem
1474 3395 1693 3479 pronuntient·
1711 3396 1782 3460 ali·

306 3484 432 3570 quaudo
454 3485 630 3550 orationem
649 3489 725 3549 ante
739 3485 932 3565 concionem,
949 3484 1121 3570 aliquando
1136 3487 1208 3568 post
1224 3483 1405 3549 concionem
1421 3484 1490 3549 sinc
1502 3482 1655 3548 Oratione
1668 3484 1780 3549 domi·

305 3571 385 3637 nica:
398 3573 570 3660 aliquando
582 3573 845 3638 orationcmante
858 3573 881 3638 b
893 3577 966 3657 post
977 3573 1223 3638 celebrationem
1236 3593 1362 3652 coenae,
1375 3577 1413 3636 ut
1423 3573 1447 3638 b
1459 3577 1533 3637 ante
1548 3593 1586 3637 ac
1601 3577 1675 3656 post
1688 3574 1780 3638 cele·

305 3659 484 3727 brationem
500 3662 653 3746 baptismi
665 3662 733 3727 sine
745 3663 871 3726 eddam:
885 3661 1115 3727 confessionem
1127 3665 1341 3745 peccatorum,
1355 3683 1436 3747 quae
1448 3661 1482 3726 in
1493 3661 1638 3726 Ecclesia
1649 3661 1780 3746 gallica

305 3748 416 3814 diebus
441 3749 606 3816 dominicis
630 3751 792 3834 praemitti
814 3751 897 3815 solet
919 3750 1057 3815 orationi
1076 3750 1345 3815 anteconcionem
1357 3750 1425 3814 sine
1438 3751 1558 3815 eadem.
1583 3748 1783 3815 Formularn

305 3834 395 3902 illam
417 3840 436 3903 a
453 3839 580 3904 Ohristc
599 3839 691 3904 nobis
710 3839 862 3904 traditam
880 3861 944 3904 non
967 3838 1257 3924 patimurquidem
1280 3839 1451 3920 contemni,
1467 3845 1524 3904 aut
1536 3843 1627 3903 extra
1639 3861 1782 3904 omnem

307 3945 398 3990 nsum
418 3927 450 3990 in
463 3927 599 4012 publicis
610 3927 807 4013 privatisque
819 3927 970 3992 Precibus
982 3926 1130 4012 rele'garb
1143 3927 1192 3991 uti
1203 3925 1264 3992 hoc
1276 3927 1313 3991 lit
1324 3929 1343 3992 b
1354 3925 1571 4011 Separatistis:
1584 3949 1647 3991 nou
1660 3931 1784 3993 tamen

306 4033 376 4076 eam
388 4015 488 4079 sclam
504 4015 573 4081 loco
585 4015 728 4080 omnium
739 4016 874 4080 aliaram
885 4013 1106 4095 formularum,
1119 4015 1143 4080 b
1158 4015 1302 4081 omnium
1313 4016 1494 4081 orationum
1505 4016 1624 4080 anobis
1636 4015 1676 4079 de
1688 4037 1784 4082 novo

305 4097 542 4168 formandarurn
566 4127 602 4169 ac
624 4103 855 4169 fundendarum
875 4104 988 4170 haberi
1011 4104 1175 4182 volumus3
1199 4104 1315 4169 nedum
1343 4108 1380 4169 ut
1402 4105 1491 4169 illius
1504 4103 1782 4190 pronuntiationi,

307 4189 399 4272 quasi
411 4212 449 4254 ex
457 4212 551 4274 opere
563 4197 703 4276 operato,
715 4192 857 4278 aliquam
869 4193 1060 4276 impetrandi
1073 4193 1258 4259 virtutem&
1271 4192 1447 4259 efficaciam
1462 4193 1660 4258 tribuamus:
1673 4193 1724 4256 ita
1739 4199 1784 4258 ut

307 4295 364 4358 per
382 4299 453 4341 eam
471 4300 580 4344 omnes
603 4280 684 4345 aliae
699 4280 903 4346 Precationes
916 4282 1015 4346 ctiam
1026 4281 1147 4365 optimc
1158 4282 1182 4348 ἃ
1193 4280 1400 4347 conformiter
1412 4280 1587 4368 Scripturis
1600 4281 1782 4362 formabas,

307 4363 446 4448 &quam
462 4366 663 4431 devotissime
686 4367 787 4450 fusae,
811 4369 1002 4434 sanctificari
1024 4371 1186 4435 &odorem
1203 4369 1401 4457 fragrantiae
1413 4370 1614 4451 contrahere,
1636 4367 1785 4454 Deoque

1658 4463 1789 4542 gratae
