3736 4860
300 319 365 384 134
693 321 854 387 Ponrrrcna
869 319 1126 385 Eecunsnsrrcsa
1150 319 1230 385 Pras
1243 318 1269 386 Ι.
1293 321 1359 386 Lrs.
1373 319 1415 386 ll.

299 529 373 573 ruer
387 509 416 572 si
431 519 553 592 ternpus
569 509 721 587 admittat,
739 509 831 594 [pag.
844 507 925 593 648]
939 507 1054 574 iterum
1066 508 1123 574 sub
1136 507 1311 576 conditione
1322 506 1534 591 baptizandus
1546 519 1620 572 esset
1632 509 1699 574 talis
1710 507 1751 572 iu·

299 597 385 682 sans,
397 609 432 662 ut
445 597 577 682 quidam
589 601 666 662 recte
684 597 824 662 traduat.

346 683 387 750 V.
413 687 537 767 eraest.
554 686 604 751 Au
615 686 653 750 ab
666 687 738 752 aliis
750 686 937 772 quicunque
948 687 1068 750 ratione
1080 685 1253 769 baptizati?
1269 687 1357 768 ltesp.
1382 683 1533 758 Quaestio
1545 685 1644 748 ardua
1654 687 1677 750 b
1687 685 1753 748 olirn

270 793 276 806 ·
302 797 339 838 ac
353 773 447 838 hodic
461 795 524 838 uon
540 797 655 858 parum
667 778 792 839 vexata.
817 773 883 838 Ubi
895 775 1175 857 praemonendum,
1188 797 1250 838 uon
1267 772 1456 837 controverti
1470 773 1553 855 apud
1568 771 1754 856 Orthodoros

301 864 339 928 dc
353 859 585 946 anabaptismo,
599 885 655 926 seu
668 884 709 926 an
722 885 815 928 verus
828 861 1014 946 Baptismus
1026 862 1203 928 itcrandus:
1217 863 1271 926 sed
1283 885 1324 926 an
1337 862 1439 925 dictus
1452 860 1633 947 quicunque
1643 861 1755 944 baptis·

301 973 373 1016 mus
386 951 501 1029 valeat,
514 953 537 1017 ta
549 973 659 1016 revera
671 951 714 1015 sit
726 951 927 1035 Baptismus3
941 953 964 1017 b
976 951 1003 1015 si
1015 973 1078 1015 non
1091 951 1144 1028 sit,
1160 975 1200 1016 an
1213 950 1267 1036 qui
1277 949 1335 1014 tali
1344 949 1510 1033 Baptismo
1519 949 1756 1034 non-Baptismo

301 1039 483 1123 baptizatus
508 1041 566 1117 est,
589 1039 632 1103 sit
642 1039 863 1123 baptizandus.
888 1038 972 1114 Quid
984 1039 1067 1103 intm
1079 1039 1273 1124 cyprianum
1289 1061 1361 1103 cum
1374 1037 1546 1116 Africanis,
1560 1039 1584 1103 b
1596 1039 1678 1103 intur
1690 1039 1759 1122 Epi-

177 1171 183 1182 ·
304 1150 414 1211 scopos
430 1126 587 1192 Romanos
608 1128 685 1193 olim
697 1127 856 1213 agitatum
869 1127 978 1207 fuerit,
991 1151 1029 1192 ex
1044 1129 1196 1212 Operibus
1211 1128 1373 1213 Cypriani,
1386 1127 1604 1210 &compendio
1616 1150 1654 1192 ex
1667 1129 1758 1192 Histo-

302 1217 375 1282 uicis
395 1215 612 1282 Ecclesiastico
631 1217 883 1302 cognoscendum
906 1217 1066 1283 Barouius
1079 1239 1165 1281 more
1179 1239 1234 1281 suo
1246 1216 1308 1280 hac
1319 1216 1481 1280 occasione
1494 1213 1582 1290 ἔργον
1595 1238 1697 1295 suum,
1707 1216 1760 1280 hoc

302 1308 360 1380 est,
374 1327 437 1369 non
449 1308 516 1370 tam
527 1305 706 1384 historiam,
718 1328 815 1391 quam
827 1306 1129 1374 demonstrationem
1142 1303 1278 1370 Romani
1291 1305 1446 1388 primatus
1458 1309 1693 1387 prosecuturus,
1705 1304 1759 1389 cy-

302 1393 415 1478 priano
426 1393 584 1458 haeresim
597 1395 620 1459 b
631 1393 798 1477 Episcopis
808 1391 960 1458 Romanis
980 1393 1234 1458 catholicismum
1251 1393 1412 1458 adscribit:
1422 1398 1602 1479 quotamen
1612 1393 1759 1478 Papamni

303 1481 456 1566 primatui
472 1481 495 1546 b
507 1481 710 1546 monarchiae
723 1482 909 1562 catholicae,
922 1481 972 1546 uit
984 1485 1007 1548 b
1019 1483 1235 1547 idololatricae
1247 1481 1441 1546 invocationi
1453 1480 1606 1566 Cypriani
1618 1487 1758 1567 tanquam

303 1571 414 1644 sancti,
428 1569 509 1634 haut
522 1593 635 1653 parurn
647 1571 758 1636 obesse
769 1571 1027 1654 deprehenditur.
1059 1569 1122 1635 Sed
1133 1595 1190 1636 nos
1205 1571 1257 1635 his
1272 1593 1356 1635 nunc
1368 1569 1485 1649 missis,
1499 1570 1666 1656 dequibus
1680 1570 1758 1646 alibi,

304 1658 522 1746 quaestionem
535 1659 635 1738 illam,
649 1657 700 1723 An
712 1659 867 1743 baptizati
876 1660 917 1723 ab
931 1659 1100 1724 haereticis
1109 1660 1174 1724 sint
1181 1659 1375 1743 baptizandi,
1385 1682 1444 1724 nec
1453 1659 1643 1742 simpliciter
1649 1681 1757 1744 negan-

189 1747 205 1806 .’
304 1749 377 1812 dam
389 1769 447 1812 nee
459 1747 682 1812 affirmandam
694 1748 827 1812 dicimus
842 1770 849 1811 :
863 1748 916 1812 sed
930 1747 1171 1832 distinguendos
1184 1748 1371 1826 haereticos,
1385 1747 1485 1833 quiin
1498 1747 1642 1812 Ecclesia
1654 1747 1758 1812 Ortho-

306 1836 399 1914 doxb,
416 1836 456 1899 ab
469 1835 509 1899 iis
522 1836 578 1921 qui
593 1836 626 1902 in
638 1835 782 1900 Ecclesia
794 1835 955 1900 haeretica
966 1836 1141 1920 baptizant.
1158 1835 1299 1902 Rursum
1311 1837 1570 1922 distinguendam
1583 1859 1651 1901 esse
1662 1835 1758 1920 religi·

304 1945 398 1989 onem
419 1926 442 1990 b
462 1923 638 1988 Ecclesiam
655 1924 861 2003 haereticam,
882 1947 963 2010 quae
981 1924 1167 2008 particulari
1184 1926 1293 2011 aliqua
1303 1925 1428 1989 haeresi
1440 1925 1567 1989 laborat
1577 1925 1619 1989 ab
1632 1931 1677 2003 ei,
1688 1947 1758 2009 quae

306 2013 409 2096 prima
429 2017 485 2076 aut
505 2013 676 2096 praecipua
692 2013 911 2090 fundamenta,
931 2036 959 2077 e.
972 2035 1020 2098 gr.
1042 2013 1232 2092 trinitatesn,
1252 2013 1372 2078 Christi
1388 2012 1575 2078 Mediatoris
1595 2035 1757 2097 personam,

307 2101 510 2185 ejusdemque
523 2101 664 2165 officium
676 2102 883 2180 sacerdotale,
896 2104 918 2167 s
931 2102 1012 2166 dona
1025 2102 1126 2185 ipsius
1138 2102 1326 2167 mediatoris
1334 2101 1553 2166 remissionem
1562 2108 1757 2186 peccatorum,

306 2189 406 2252 vitam
419 2192 593 2267 aeternam,
606 2189 869 2254 resurrectionem
884 2193 1080 2254 mortuorum
1093 2191 1189 2254 tollit.
1206 2190 1443 2256 'Distinetiones
1455 2191 1533 2254 istas
1546 2191 1618 2254 vide
1633 2190 1757 2274 expliea-

307 2281 357 2340 tas
369 2277 392 2341 b
404 2277 580 2360 applicatas
593 2277 625 2341 in
638 2279 730 2362 Disp.
743 2281 862 2356 uostrd,
874 2280 912 2342 de
919 2279 1067 2344 Articulis
1073 2277 1104 2344 a·
1112 2280 1283 2345 Erroribus
1295 2278 1588 2363 fundamentalibus
1595 2282 1637 2356 ;b
1648 2279 1679 2343 iu
1690 2281 1758 2343 Cora·

307 2366 464 2458 b‘ouersiis
481 2366 668 2433 Nostrorum
684 2367 1007 2450 Aul-auctaptistieis.
1023 2366 1060 2431 ln
1072 2368 1204 2454 antiqua
1216 2368 1349 2432 ecelesia
1361 2367 1597 2432 distinctionem
1610 2369 1695 2432 illam
1705 2389 1758 2430 nou

306 2454 486 2538 neglectam
498 2454 680 2539 colligimus
693 2477 738 2526 err
745 2457 821 2520 Cera.
837 2457 886 2519 lo.
903 2457 1033 2521 Consilii
1046 2458 1162 2536 Niceui,
1175 2457 1199 2521 b
1210 2457 1391 2542 Augustino
1403 2457 1441 2520 dc
1453 2455 1612 2522 haeresib.
1623 2457 1705 2521 haer.
1714 2455 1757 2518 ll.

307 2541 534 2607 ubiPaulianis
548 2543 586 2606 ad
599 2543 771 2608 catholicos
784 2545 1023 2609 transeuntibus
1036 2545 1215 2628 baptismus
1228 2545 1416 2610 decernitur.
1431 2545 1651 2610 communiter
1662 2543 1760 2608 Ponti·

306 2631 369 2695 ficii
382 2632 406 2695 dr
422 2629 534 2695 Nostri
547 2631 749 2717 distinguunt
761 2632 845 2696 inter
858 2632 1015 2717 Baptismi
1029 2638 1192 2697 externam
1203 2633 1351 2713 formam,
1366 2634 1449 2720 quod
1462 2634 1502 2697 ad
1513 2634 1709 2718 principalia,
1724 2631 1758 2696 ab

306 2719 468 2783 haeretico
486 2720 670 2803 baptizante
686 2720 904 2798 observatam
918 2724 941 2788 b
957 2722 1040 2785 inter
1052 2744 1272 2806 quamcunque
1285 2721 1423 2786 formam
1435 2722 1616 2802 informem,
1630 2745 1707 2807 quae
1718 2743 1760 2784 es·

307 2807 455 2872 sentialia
478 2809 501 2872 tr
524 2808 714 2892 principalia
733 2814 790 2872 aut
805 2809 942 2888 omittet,
956 2815 1012 2873 aut
1023 2833 1080 2892 per
1092 2811 1254 2894 oppositas
1266 2810 1408 2874 actiones
1421 2811 1507 2874 tollit
1519 2833 1555 2875 ac
1568 2811 1704 2895 perimit.
1725 2807 1762 2873 Et

307 2899 392 2960 certe
412 2897 439 2960 si
459 2896 492 2958 in
512 2898 550 2961 V.
570 2895 608 2961 Τ.
629 2897 717 2961 Deus
737 2897 853 2962 liberos
873 2898 1089 2962 idololatricae
1108 2899 1269 2963 Ecclesiae
1289 2898 1443 2964 Judaicae
1463 2904 1555 2964 vocat
1574 2923 1647 2965 suos
1659 2900 1762 2964 liberos

307 2984 417 3050 Ezccb.
433 2985 485 3049 lo.
497 3006 526 3048 o.
543 2985 596 3048 21.
609 2985 653 3048 Et
665 2984 810 3050 Christus
823 2986 963 3070 parvulis
976 2986 1137 3052 Ecclesiae
1149 2986 1170 3051 J
1172 2988 1301 3052 udaicae
1314 3011 1372 3071 per
1383 2987 1677 3071 praedominautcm
1689 2986 1763 3052 Pha·

307 3073 522 3138 risaismumb
535 3071 774 3138 Saduceismum
786 3077 853 3137 tam
865 3074 994 3146 horride
1005 3074 1151 3140 foedatae
1164 3099 1200 3140 ae
1211 3081 1389 3160 corruptae,
1402 3081 1557 3161 tanquam
1570 3078 1610 3141 ad
1622 3100 1655 3142 se
1663 3073 1762 3141 adduci

306 3161 408 3245 jubet,
420 3161 523 3244 iisque
538 3161 638 3225 vitam
655 3167 817 3226 aetarnam
829 3162 998 3246 adjudicat:
1017 3164 1124 3229 Mattb.
1145 3165 1193 3228 19.
1203 3165 1360 3248 quomodo
1372 3187 1430 3230 nos
1446 3163 1586 3230 infantes
1598 3165 1632 3230 in
1643 3164 1764 3230 idolola-

309 3249 398 3326 tries,
411 3253 467 3313 aut
479 3249 512 3312 in
524 3248 635 3333 qutvis
648 3249 774 3333 impura
790 3273 845 3315 seu
858 3251 1018 3316 haeretios
1030 3253 1174 3317 Ecclesia
1185 3253 1374 3336 baptizatos,
1386 3253 1657 3336 non-baptizatos,
1669 3275 1765 3318 conse·

309 3341 444 3421 quenter
456 3337 662 3421 baptizandos
670 3338 905 3421 judicabimus?
919 3342 1074 3406 Erasinus
1086 3343 1121 3405 iu
1134 3341 1276 3429 Praestet.
1289 3341 1333 3406 ud
1347 3343 1451 3426 Opera
1467 3342 1623 3428 Cypriani
1634 3366 1704 3407 eum
1714 3341 1766 3404 hic

307 3425 341 3488 in
355 3428 446 3509 parte
458 3426 485 3490 si
498 3448 560 3490 non
572 3429 690 3505 tuetur,
704 3428 817 3491 saltam
832 3432 970 3492 excusat.
984 3427 1095 3494 Lector
1106 3452 1224 3513 quaeso
1234 3453 1291 3514 per
1302 3430 1651 3514 otiumeaminspiciat.
1661 3427 1766 3516 Synodi
1784 3483 1790 3500 .

308 3511 478 3578 Nostrates
498 3515 535 3580 de
555 3513 850 3580 Remoustrantium
869 3517 1040 3599 baptizatis
1059 3517 1246 3595 infantibus,
1267 3541 1330 3584 non
1343 3518 1542 3603 baptizandis
1555 3521 1766 3586 decreverunt:

309 3601 357 3667 uti
372 3605 447 3686 Cap.
457 3605 598 3686 praeced.
610 3607 783 3668 ostensum.
797 3605 888 3690 [pag.
902 3605 983 3692 649]

354 3689 412 3756 VI.
427 3693 550 3774 Quaest.
567 3693 617 3757 Aa
628 3693 715 3770 coeci,
729 3693 820 3757 erardi
831 3692 862 3758 a·
874 3693 977 3759 mitti?
990 3697 1079 3780 ltesp.
1093 3695 1131 3760 de
1144 3697 1244 3761 coecis
1257 3696 1375 3760 adultis
1387 3697 1585 3782 baptismum
1597 3696 1768 3784 potantibus

310 3782 333 3845 b
354 3780 448 3844 fidem
468 3781 683 3864 pietatemque
703 3785 772 3844 tum
787 3781 892 3846 verbis
905 3787 973 3846 turn
986 3783 1052 3847 vitta
1064 3784 1287 3867 profitentibus
1299 3784 1424 3850 nullum
1438 3786 1532 3851 debet
1548 3809 1617 3852 esse
1632 3787 1768 3852 dubium:

309 3871 346 3930 ut
366 3890 423 3931 nec
442 3869 480 3932 de
502 3867 678 3932 infantibus
698 3867 940 3934 foederatorum.
966 3869 1014 3936 De
1035 3873 1153 3937 adultis
1166 3873 1269 3938 surdis
1282 3873 1305 3938 b
1317 3873 1416 3938 mutis
1429 3875 1480 3960 (de
1492 3875 1671 3941 infantibus
1687 3873 1770 3940 modo

311 3954 394 4018 natis
414 3956 489 4020 talis
510 3957 654 4040 quaestio
669 3957 789 4022 moveri
806 3959 930 4040 nequit)
950 3981 1013 4023 non
1029 3983 1142 4044 parurn
1161 3963 1334 4026 laboratur.
1360 3961 1451 4038 Quod
1464 3963 1491 4027 si
1503 3965 1544 4028 ab
1557 3965 1665 4050 aliquo
1676 3960 1770 4029 doceri

311 4047 441 4124 possent
460 4044 580 4122 literas,
600 4045 647 4108 uti
667 4043 727 4109 hoc
747 4045 917 4129 aliquando
935 4046 1056 4113 factum
1084 4052 1159 4135 Cap.
1178 4052 1318 4134 praeced.
1335 4052 1524 4118 retulimus:
1545 4054 1657 4138 utique
1677 4073 1724 4117 res
1741 4049 1770 4113 iu

312 4129 400 4193 salvo
413 4135 514 4208 esset3
528 4133 604 4216 quia
616 4130 880 4216 perscripturum
894 4135 968 4200 fidei
979 4158 1055 4201 suae
1068 4139 1295 4204 confessionem
1306 4140 1450 4206 ederent.
1459 4139 1601 4208 Difficile
1609 4143 1687 4207 mihi
1695 4163 1770 4206 sem·

312 4238 368 4300 per
387 4218 490 4282 visum
511 4225 571 4298 est,
587 4222 744 4304 quomodo
760 4220 971 4308 Theologianr
987 4229 1270 4310 supernaturalem,
1287 4229 1372 4313 quod
1383 4230 1424 4294 ad
1435 4229 1690 4296 fundamentales
1702 4228 1770 4294 arti·

312 4304 400 4369 culos
421 4305 458 4370 dc
477 4307 633 4387 trinitate,
657 4309 694 4373 de
715 4314 850 4393 persona
861 4312 884 4377 b
896 4312 1010 4378 officiis
1026 4315 1156 4394 Christi,
1175 4317 1274 4400 deque
1287 4319 1355 4402 ejus
1370 4319 1507 4382 adverdu
1521 4319 1554 4383 in
1568 4343 1692 4386 carnem
1703 4321 1769 4381 ante

312 4395 360 4457 tot
383 4395 520 4474 saccula,
540 4397 744 4482 ejusdemque
763 4399 945 4466 ascensione
967 4401 999 4470 in
1021 4403 1294 4473 coelumbreditu
1307 4405 1526 4490 adjudicium,
1540 4413 1637 4494 atque
1652 4405 1769 4473 adeode
