3668 4856
271 306 384 374 Tanos.
407 307 465 373 lll.
490 307 537 372 Du
561 307 764 374 Convenimus
789 330 824 371 ar
848 307 992 372 Cosucsr.
1019 308 1144 372 Eccum.
1169 307 1240 373 Cir.
1266 307 1323 373 IX.
1467 309 1529 374 331

12 549 14 586 ἱ
89 495 113 560 iu
132 494 344 562 communione
357 494 425 579 ejus
441 495 514 561 fidei
527 495 690 580 professio,
708 495 796 560 verbi
809 495 939 573 auditis,
953 499 1223 560 sacramentorum
1237 496 1408 580 perceptio
1434 495 1530 564 Heba.

90 585 132 649 u.
146 607 172 650 u.
188 583 240 648 25.
267 585 336 651 Noa
348 584 517 650 mamaccas
530 587 779 671 aggregationem
790 586 891 650 riustri
902 597 1048 650 mutuum
1064 585 1114 650 3ο.
1131 585 1201 650 lud.
1216 606 1244 650 c.
1261 585 1311 648 19.
1336 586 1379 650 Hi
1390 598 1464 651 sunl
1476 586 1533 670 qui

88 675 188 758 seipsos
211 685 380 760 seqrepcnt,
404 675 567 752 auinaue,
590 676 739 758 spiritum
760 695 826 739 non
842 673 996 740 babentes.
1020 672 1080 738 His
1096 674 1229 758 aliisque
1243 674 1440 759 argumentis
1453 673 1531 738 alibi

12 799 13 802 ¹
88 762 225 840 adductis,
240 766 349 828 contra
360 760 539 828 Libertinos
551 765 574 830 3
586 763 822 835 Enthusiastas,
835 765 858 830 3
870 767 979 828 contra
990 763 1184 840 μονάζοντας,
1199 762 1416 841 anachoretas,
1428 759 1531 829 inclu-

12 875 27 904 1·
87 874 136 925 sos,
152 851 305 917 &similes
316 851 515 935 phanaticos
529 854 750 918 necessitatem
763 852 992 917 communionis
1005 853 1172 936 explicitae
1186 875 1255 918 cum
1269 852 1412 917 Ecclesia
1423 852 1531 936 aliqua

87 941 258 1024 particulari
282 940 387 1025 topica
410 940 489 1028 (sive
505 939 695 1026 parochialis
708 942 773 1006 sive
785 941 1023 1026 presbyterialis
1036 942 1092 1006 illa
1104 941 1241 1022 dicatur)
1254 941 1436 1006 evincimus.
1461 940 1530 1008 Nec

86 1035 151 1114 puto
168 1029 373 1110 adversarios,
391 1031 474 1113 quod
494 1031 534 1095 ad
553 1053 711 1096 summam
731 1031 787 1108 rei,
806 1030 857 1096 hic
875 1031 996 1095 anobis
1013 1030 1188 1096 dissentire.
1213 1029 1369 1095 Similiter
1381 1030 1528 1096 distincte

85 1119 329 1195 determinamus,
341 1120 551 1184 necessariam
563 1142 630 1185 esse
646 1121 685 1184 ad
695 1120 776 1185 bene
789 1142 867 1198 esse,
881 1119 1063 1203 explicitam
1076 1120 1100 1185 3
1111 1120 1290 1185 ordinatam
1301 1119 1442 1205 plurium
1455 1141 1530 1203 par-

84 1208 253 1274 ticularium
271 1207 485 1273 Ecclesiarum
508 1210 778 1288 coadunationem,
798 1209 1118 1293 correspondentiam,
1139 1207 1451 1276 &communionem
1473 1230 1531 1273 nec

84 1301 179 1362 tamen
191 1321 258 1364 esse
270 1297 415 1362 absolute
427 1299 637 1363 necessariam
648 1298 837 1363 necessitate
848 1296 945 1363 medii
958 1299 998 1362 ad
1010 1299 1157 1375 salutem,
1170 1302 1226 1363 aut
1237 1297 1426 1363 necessitate
1434 1296 1530 1362 medii
1543 1334 1547 1343 ·

83 1386 116 1450 ad
133 1409 197 1452 esse
214 1409 305 1452 serae
317 1386 450 1470 alicujus
463 1386 623 1452 Ecclesiae
636 1387 846 1472 particularis.
870 1387 984 1452 Posset
997 1387 1080 1451 enim
1092 1387 1171 1464 fieri,
1184 1391 1221 1451 ut
1232 1386 1349 1451 alicubi
1360 1386 1395 1451 in
1407 1389 1528 1452 remota

83 1475 180 1560 eliqua
195 1475 281 1541 orbis
300 1475 398 1560 plaga
416 1476 524 1541 fideles
545 1477 619 1554 sint,
631 1477 665 1540 in
677 1499 773 1541 unam
786 1475 962 1542 Ecclesiam
975 1475 1199 1560 particularem
1212 1475 1270 1540 sub
1284 1476 1377 1540 unius
1388 1475 1528 1541 ministri

82 1564 1529 1652 tyrcour'pcoadunati:quibusuondeturaggregationem,correspondentiam,&explicitam

82 1655 219 1718 rmiunem
242 1676 279 1718 ac
300 1654 553 1720 communionem
572 1677 643 1719 cum
662 1655 734 1720 aliis
747 1653 898 1720 Ecclesiis
910 1655 1076 1720 instituere
1088 1676 1125 1719 ac
1136 1655 1248 1719 colere.
1264 1651 1317 1718 Sic
1329 1653 1395 1720 fere
1412 1652 1525 1720 distin-

82 1742 425 1828 guimusnecessitatem
432 1744 761 1828 perceptioniscoenae
770 1741 1072 1808 dominicaeTalem
1079 1743 1299 1808 necessitatem
1306 1743 1403 1808 etiam
1414 1742 1527 1808 distin·

81 1832 208 1915 gaimus,
218 1832 250 1896 in
262 1832 446 1915 quaestione
455 1833 492 1898 de
500 1833 998 1900 secessioneministriltfidelium
1010 1832 1133 1916 aliquot
1144 1832 1184 1896 ab
1196 1832 1337 1897 Ecclesia
1345 1833 1453 1916 aliqua
1464 1830 1527 1896 Pa·

81 1922 184 2004 pistica
207 1926 263 1986 aut
274 1919 426 1986 Ecclesiis
438 1922 560 2006 aliquot
571 1921 741 2006 Papisticis
753 1921 965 1986 secedentium
978 1922 1011 1986 in
1024 1921 1248 2005 particularem
1256 1920 1432 1986 Ecclesiam
1441 1920 1527 1985 clau-

80 2009 236 2089 destinam‚
259 2010 293 2074 in
316 2010 442 2075 civitate
455 2011 623 2096 aliquaaut
635 2011 780 2076 districtu
792 2010 1016 2076 seu'territcrio
1029 2010 1227 2089 Harmoniae,
1241 2014 1296 2075 aut
1306 2009 1462 2089 Artesiae,
1471 2014 1529 2074 aut

81 2097 239 2164 Flaudriae
262 2100 458 2177 coduntium3
480 2101 599 2184 absque
624 2101 773 2183 explicita
792 2100 908 2165 unione
933 2101 956 2166 3
975 2100 1195 2166 communione
1208 2122 1279 2164 cum
1291 2098 1363 2164 aliis
1377 2098 1556 2164 Ecclesiism

82 2185 248 2272 Papisticis,
267 2187 326 2253 sub
345 2211 408 2253 uno
424 2189 583 2272 Episcopo
602 2189 785 2254 coadunatis
800 2189 834 2254 in
849 2212 946 2254 unam
959 2188 1131 2254 dioecesin:
1149 2189 1197 2254 uti
1207 2189 1268 2254 hoc
1279 2188 1399 2254 factum
1411 2189 1444 2252 in
1457 2187 1527 2252 Μο-

80 2277 166 2347 raus,
190 2276 354 2344 Bohernia.
379 2280 401 2343 3
416 2277 450 2342 in
462 2276 577 2352 Gallia,
591 2282 687 2362 atque
700 2278 788 2357 alibi,
802 2281 820 2342 a
832 2277 1069 2355 Waldensibus,
1081 2277 1233 2342 Hussitis.
1257 2276 1359 2343 Immo
1372 2276 1394 2341 3
1407 2277 1527 2362 absque

79 2365 219 2449 explicita
229 2367 450 2431 commuuione
462 2389 535 2431 cnm
546 2367 618 2431 aliis
630 2367 663 2431 iu
675 2389 872 2451 quacumque
884 2367 969 2432 orbis
982 2369 1072 2451 parte
1085 2368 1216 2432 eandem
1225 2366 1411 2453 religionem
1421 2367 1527 2451 palam

79 2457 128 2518 aut
146 2455 232 2520 clare
247 2454 440 2520 tenentibus.
464 2453 566 2521 Sicuti
583 2455 706 2540 primae
718 2457 907 2521 reformatae
921 2457 944 2523 3
956 2459 1120 2540 separatae
1132 2455 1293 2520 Ecclesiae
1306 2453 1527 2520 Waldensium

79 2541 106 2606 iu
125 2541 239 2622 Gallia,
260 2546 283 2610 3
294 2543 501 2610 Hussitarum
516 2545 549 2608 in
566 2544 717 2609 Bohemia
732 2547 755 2612 3
767 2544 919 2620 Moravia,
933 2547 955 2612 3
966 2546 1089 2629 primae
1104 2544 1295 2610 reformatae
1310 2545 1343 2608 in
1357 2543 1527 2610 Germania

79 2633 164 2696 autin
177 2633 270 2720 [pag.
286 2633 378 2720 227]
393 2632 552 2712 Helvetia,
565 2636 587 2700 3
604 2656 701 2719 purae
714 2638 810 2718 atque
826 2635 1018 2699 orthodoxae
1034 2633 1195 2698 Ecclesiae
1210 2634 1243 2696 in
1256 2634 1453 2699 convallibus
1466 2633 1527 2698 Pe-

78 2719 268 2786 dcmcntanis
289 2725 383 2806 (quae
399 2745 563 2806 nunquam
586 2723 721 2788 formam
735 2723 973 2789 deformationis
986 2723 1114 2808 Papalis
1129 2721 1400 2788 Antichristianae
1412 2723 1523 2787 indue-

78 2811 155 2892 rant)
178 2812 202 2877 3
223 2811 346 2896 primae
366 2809 526 2876 Ecclesiae
546 2816 601 2877 aut
617 2811 810 2877 Ecclesiolae
823 2813 1035 2877 clandestinae
1048 2813 1080 2876 in
1097 2811 1256 2888 Flandria,
1271 2815 1327 2876 aut
1339 2811 1523 2888 Brabantid,

78 2919 140 2963 cum
162 2899 235 2965 aliis
258 2899 410 2966 Ecclesiis
434 2899 613 2966 reformatis
636 2902 702 2966 sive
726 2902 843 2985 apertis
867 2903 932 2966 sive
957 2901 1160 2966 clandestinis
1172 2901 1206 2965 in
1226 2901 1350 2985 Belgio.
1367 2903 1423 2965 aut
1434 2904 1524 2964 extra

77 2985 218 3074 Belgium
233 2988 501 3076 (Francothaliae,
521 2989 725 3055 Francofurti
742 2991 781 3054 ad
802 2989 962 3064 Moenum,
979 2990 1143 3055 Hancviae
1157 2991 1220 3072 isc.)
1237 2990 1420 3074 explicitam
1432 2989 1524 3054 uuio·

78 3097 141 3140 uem
152 3079 174 3144 3
187 3079 498 3162 correspondentiam
510 3079 673 3144 classicam
686 3082 741 3144 aut
753 3080 934 3164 synodalem
951 3101 1013 3143 non
1025 3079 1230 3144 instituerant
1241 3102 1297 3144 nec
1310 3082 1524 3144 exercuerant.

117 3168 235 3252 Except.
260 3169 290 3232 3.
315 3166 640 3252 Oorrespondentiam,
660 3168 809 3234 unionem
826 3171 849 3235 u
865 3168 1117 3233 communionem
1133 3168 1273 3251 plurium
1285 3167 1525 3252 particularium

78 3251 295 3334 Ecclesiarum,
312 3279 380 3322 esse
392 3257 431 3321 ad
443 3257 577 3322 liberam
589 3260 612 3324 3
624 3261 769 3322 mutuam
780 3257 1049 3332 deliberationem,
1063 3257 1085 3320 3
1098 3257 1237 3334 consilia,
1252 3260 1270 3320 a
1282 3256 1525 3340 corresponden-

77 3341 154 3410 tibus
173 3345 325 3411 Ecclesiis
345 3348 554 3432 suggerenda,
572 3347 778 3412 &audiendm
794 3370 856 3413 uon
870 3351 977 3411 autem
989 3346 1029 3410 ad
1041 3345 1279 3411 autoritativam
1295 3345 1525 3410 ordinationem

77 3430 150 3498 circa
168 3435 334 3519 negotium
351 3435 479 3519 aliquod
494 3436 762 3507 Ecclesiasticum.
776 3438 883 3500 autad
895 3458 1008 3501 causae
1022 3436 1155 3518 alicujus
1167 3435 1407 3500 Ecclesiasticae
1421 3435 1525 3499 deter-

77 3521 284 3588 minationem.
309 3522 398 3588 Adeo
421 3528 456 3588 ut
479 3525 567 3588 nulla
590 3528 730 3608 potestas
754 3525 977 3590 Ecclesiastica
1001 3529 1057 3589 aut
1077 3524 1265 3609 dogmatica,
1280 3527 1336 3587 aut
1360 3523 1525 3608 regiminis

76 3631 124 3675 scu
145 3612 324 3677 ordinative
346 3612 369 3676 3
392 3613 552 3692 directius,
579 3617 635 3678 aut
658 3614 877 3697 disciplinaris
903 3615 967 3678 illis
986 3614 1137 3678 Ecclesiis
1167 3611 1526 3696 correspondentibus&

77 3699 177 3780 unitis,
190 3705 254 3786 qna
264 3701 395 3781 talibus,
408 3706 585 3786 competere
596 3703 719 3767 debeat.
744 3701 806 3766 Sed
817 3703 960 3768 Ecclesia
973 3702 1080 3787 aliqua
1094 3702 1294 3785 particularis
1302 3725 1358 3785 per
1366 3701 1524 3780 scismata,

76 3792 127 3852 aut
142 3789 391 3870 heterodoxiam,
408 3795 464 3855 aut
479 3791 704 3857 ochlocratiam
720 3791 906 3874 perturbata
918 3795 974 3855 aut
982 3792 1049 3876 jam
1061 3791 1224 3875 dissipata,
1237 3791 1392 3875 siquidem
1405 3789 1525 3854 delibe-

76 3895 100 3939 ra
136 3901 170 3944 ”a
192 3879 348 3964 suffragia
370 3880 684 3964 correspondentiam
707 3881 920 3945 Ecclesiarum
943 3879 1032 3963 sequi
1055 3880 1144 3958 nolit,
1157 3881 1190 3943 in
1203 3879 1386 3944 confusione
1399 3878 1454 3942 illa
1470 3882 1526 3943 aut

76 3963 100 4028 di
148 3968 273 4052 paticus
286 3968 329 4032 sit
340 3969 564 4052 relinquenda;
578 3971 600 4035 3
613 3969 808 4034 solummodo
817 3969 856 4034 ab
866 3969 1016 4033 Ecclesiis
1025 3968 1339 4052 correspondentibus
1347 3967 1525 4032 devitanda.

77 4055 100 4120 ll
144 4103 158 4122 ..
181 4055 268 4122 Haec
291 4058 450 4122 sententia
475 4059 801 4143 Conprepctionalium
821 4058 883 4142 (uti
902 4081 935 4122 se
949 4058 1124 4140 appellant)
1138 4057 1362 4135 Ecclesiarum,
1379 4079 1458 4141 quas
1470 4056 1527 4120 alii

77 4143 100 4208 ln
140 4147 309 4230 pendentes
329 4147 446 4211 dicunt.
470 4145 533 4212 Sed
548 4147 787 4212 autoritativam
803 4146 1098 4212 determinationem
1110 4146 1174 4210 illis
1186 4149 1375 4230 competere,
1392 4166 1525 4229 eamque

75 4229 100 4296 E
147 4235 227 4300 asiae
240 4235 339 4300 alicui
351 4235 445 4300 istius
457 4236 750 4320 correspondentiae
763 4237 786 4302 3
798 4235 1008 4312 adunationis,
1022 4239 1078 4299 aut
1089 4235 1173 4318 parti
1185 4235 1357 4313 Ecclesiae,
1367 4236 1422 4298 aut
1430 4233 1525 4298 mini·

75 4323 100 4384 st
152 4327 210 4388 aut
231 4324 374 4390 membro
394 4325 487 4390 istius
506 4324 665 4391 Ecclesiae
677 4347 768 4409 posse
785 4325 955 4408 imponere,
968 4325 1122 4409 probatur
1134 4346 1172 4388 ex
1185 4326 1284 4391 Actor.
1302 4325 1352 4387 15.
1364 4343 1393 4388 υ.
1406 4322 1457 4386 28.
1471 4323 1523 4385 211.

82 4409 100 4473 11
152 4433 179 4456 .-
199 4425 243 4464 Μ’
261 4414 347 4479 enim
361 4413 446 4500 Spin
459 4415 492 4482 S.
503 4435 540 4480 ac
554 4414 653 4492 nota,
669 4413 786 4500 sicquid
797 4414 935 4498 amplius
947 4415 1178 4497 imponeremus
1189 4413 1274 4479 vobis
1286 4413 1389 4478 onais
1402 4423 1526 4495 praeter

1393 4520 1527 4566 necessa
