3668 4856
251 311 361 376 Tarcr.
386 311 444 377 III.
468 311 516 376 Da
541 311 743 379 Oosraurraus
768 337 802 378 ar
827 312 971 378 Coaassr.
996 313 1120 388 Euctus,
1146 313 1216 380 Cir.
1244 314 1317 380 Vll.
1454 314 1515 378 311

76 503 134 565 ret:
155 521 208 562 nec
230 521 298 564 oum
319 497 519 584 Apostolicie,
534 505 589 565 aut
602 501 751 584 antiquae
763 499 933 576 Ecclesiae,
951 503 1006 564 aut
1018 497 1178 565 hodiernis
1195 504 1375 566 nostrorum
1391 501 1518 586 synodis

76 588 217 652 convenit.
766 608 771 626 '

112 677 138 738 2.
165 679 261 742 Coraci
288 675 357 742 Nec
381 678 478 743 etiam
506 679 583 742 satis
606 683 711 742 tutum
735 680 759 744 b
786 677 935 766 εὔτακτρν,
951 678 977 743 si
990 679 1217 762 promiscuend
1232 678 1523 744 deliberativasuf³
1606 745 1608 754 ,

76 761 165 850 lagia
177 765 425 832 admitterentur.
450 768 540 854 [pag.
559 766 651 852 200]

113 855 139 916 3.
168 857 264 920 Conci.
299 854 350 920 Ne
385 856 514 940 quidem
539 856 579 920 ad
602 855 796 923 auditionem
823 856 958 939 quilibet
985 858 1155 942 semper&
1179 857 1296 941 ubique
1320 857 1517 922 admittendi.

75 940 149 1017 Quod
164 945 244 1008 enim
257 943 420 1029 Hyperius
437 958 522 1011 tract.
535 946 583 1010 cit.
601 968 705 1010 coram
718 944 861 1009 Ecclesia
874 946 980 1010 omnia
992 946 1103 1030 peragi
1114 946 1184 1010 vult
1196 949 1348 1028 tanquam
1364 947 1518 1012 auditori·

74 1031 124 1096 bns
144 1033 167 1097 t
192 1033 340 1111 testibus,
365 1034 397 1098 id
422 1056 481 1120 ego
492 1035 573 1099 haut
585 1056 697 1118 parum
704 1035 797 1119 juxta
809 1034 951 1099 ordinem
967 1037 990 1101 b
1005 1035 1117 1118 praxin
1131 1038 1305 1100 nostratem
1317 1034 1519 1101 limitandum

73 1141 179 1186 censeo.
204 1123 293 1198 Quod
316 1127 405 1188 exus
419 1125 560 1188 ordinem
576 1123 610 1188 in
623 1123 871 1188 extraordinaria
884 1122 1008 1208 Synodo
1021 1123 1222 1189 Dordracena
1235 1124 1403 1209 aliquoties
1415 1125 1517 1190 omni-

74 1231 118 1274 um
133 1211 271 1276 ordinum
288 1212 447 1278 auditores
461 1215 688 1297 &spectatores
705 1211 833 1276 admissi
846 1212 920 1290 sint,
933 1213 966 1276 id
978 1214 1123 1298 regulam
1134 1236 1197 1277 non
1213 1213 1300 1277 facit.

109 1299 135 1361 4.
159 1302 254 1366 Conci.
282 1299 394 1366 Nolim
421 1306 530 1366 tamen
556 1301 758 1380 intercedere,
783 1304 819 1365 ut
844 1303 992 1386 cuiquam
1016 1301 1120 1366 aditus
1144 1306 1289 1388 negetur,
1305 1303 1359 1386 qui
1375 1303 1408 1367 in
1421 1302 1518 1368 rebus

71 1386 237 1454 difficilibus
262 1393 284 1456 b
310 1391 469 1474 perplexis
493 1391 661 1456 consilium
684 1395 740 1455 aut
763 1390 1002 1456 instructionem
1026 1390 1132 1456 debito
1145 1392 1254 1456 ordine
1269 1392 1410 1457 eomodo
1423 1392 1516 1477 petit,

71 1480 119 1540 aut
129 1480 267 1562 querelas
279 1503 353 1544 suas
365 1480 397 1543 in
413 1480 519 1544 sinum
530 1485 596 1544 tam
606 1480 777 1545 venerandi
789 1483 896 1546 coetus
910 1480 1053 1545 effundit.

109 1567 135 1630 5.
162 1567 258 1636 Conci.
282 1567 379 1633 Liber
401 1592 552 1645 accessus,
577 1569 633 1653 qui
658 1569 929 1634 concionatoribus
953 1568 1095 1651 ejusdem
1118 1569 1229 1654 synodi
1254 1569 1460 1636 districtualis
1484 1570 1518 1635 in

71 1677 120 1718 sua
130 1657 274 1743 cujusque
290 1659 419 1742 synodo,
436 1665 472 1723 aa
486 1659 686 1736 audiendum,
700 1660 850 1722 hactenus
862 1658 1015 1723 laudabili
1027 1681 1114 1724 more
1127 1681 1290 1726 concessus
1302 1659 1375 1739 fuit,
1387 1681 1451 1724 non
1468 1659 1517 1723 ri-

72 1743 151 1810 detur
173 1745 405 1830 impodiendus:
433 1747 494 1813 nisi
514 1747 597 1812 forte
610 1747 795 1812 deliberatio
808 1747 915 1831 aliqua
926 1748 965 1812 de
977 1748 1071 1814 rebus
1083 1747 1144 1812 hac
1158 1751 1349 1832 tempestate
1365 1771 1429 1812 non
1441 1770 1518 1833 pro·

73 1834 210 1915 pelandis,
228 1835 387 1900 auditores
401 1859 509 1902 ornnes
523 1837 579 1901 illo
591 1841 733 1920 tempore
746 1836 932 1902 submovere
945 1837 1086 1901 suadeat.

108 1921 188 1988 XIII.
209 1926 334 2007 eroest.
362 1923 414 1990 An
436 1927 493 2012 qni
515 1938 628 2010 sponte.
649 1938 791 2004 currunt,
819 1923 850 1990 c
872 1927 959 2010 turpi
973 1925 1426 2012 ambitupracoatcrestndcnt,
1442 1947 1520 2012 prae

72 2011 133 2076 aliie
153 2015 212 2078 sint
243 2015 384 2099 elipandi.
410 2016 501 2100 Resp.
525 2013 608 2100 Neg.
632 2015 708 2099 quin
721 2018 830 2080 contra
842 2015 983 2080 omniurn
996 2015 1150 2080 bonorum
1166 2016 1327 2101 suffragiis
1341 2016 1518 2093 arcendi38r

72 2099 121 2163 riri
143 2102 268 2186 pietate,
292 2103 369 2182 zelo,
395 2104 580 2183 eruditione,
603 2104 781 2188 prudentia,
810 2104 1152 2190 eloquentia,aliisque
1169 2103 1257 2170 donis
1270 2105 1517 2190 praestantiores

73 2190 149 2254 ranis
163 2192 313 2276 ejusmodi
326 2191 508 2258 hominibus
520 2215 644 2278 semper
654 2192 863 2277 praeferendi.

107 2277 186 2345 XIV.
224 2282 348 2364 Qucscsl.
372 2282 422 2347 An
444 2303 501 2367 per
522 2283 693 2348 electionem
722 2282 861 2361 literam,
892 2303 936 2346 on
958 2303 1029 2347 vcro
1050 2303 1108 2366 per
1130 2285 1349 2350 successionem
1374 2285 1518 2350 omniane

73 2367 275 2436 ministrorum
299 2371 334 2435 iu.
357 2392 480 2458 pemque
502 2373 598 2437 classe
622 2383 677 2438 nui
704 2372 823 2458 synodo
851 2370 1043 2437 Procincicii
1065 2373 1211 2458 delcpctio
1227 2373 1518 2462 haecfieridebent?

72 2457 148 2540 llerp.
171 2459 420 2524 Constitutiones
443 2460 682 2526 Ecclesiasticae
705 2461 851 2525 videntur
876 2461 1060 2526 electionem
1073 2461 1213 2542 innuere,
1227 2463 1250 2528 dr
1262 2466 1336 2527 sunt
1348 2462 1517 2546 aliquando

72 2548 203 2625 rationes,
224 2570 306 2633 quae
319 2571 376 2632 pro
387 2550 548 2633 praesenti
560 2553 646 2614 statu
658 2573 763 2615 rerum
780 2552 802 2616 b
814 2550 1001 2614 necessitate
1012 2550 1052 2614 ad
1064 2549 1143 2614 Titii
1155 2555 1211 2615 aut
1223 2550 1320 2616 Mevii
1333 2551 1518 2616 electionem

73 2656 135 2716 prae
158 2637 227 2702 aliis
247 2637 395 2702 omnibus
410 2638 591 2723 impellunt.
603 2639 654 2703 Ab
667 2640 768 2704 altera
781 2643 871 2723 parte
884 2638 917 2702 in
933 2639 1054 2718 multis,
1067 2639 1094 2704 si
1106 2661 1169 2704 non
1180 2641 1340 2725 plerisque
1352 2641 1518 2720 classibus,

72 2723 164 2809 aliqua
186 2749 247 2791 non
271 2749 360 2791 mera
384 2749 439 2792 seu
452 2729 626 2813 capitatim,
643 2729 697 2793 sed
710 2728 864 2793 successio
875 2727 976 2792 mixta
989 2751 1073 2794 nunc
1084 2729 1176 2814 quasi
1192 2729 1263 2815 lege
1276 2729 1419 2794 obtinere
1431 2730 1517 2794 vide-

73 2815 129 2877 tur:
142 2815 218 2879 utin
235 2819 327 2880 terna
339 2817 440 2881 locata
452 2817 725 2882 concionatoribus
741 2818 892 2901 cujusque
905 2817 1013 2882 classis
1027 2817 1216 2898 distributis,
1229 2841 1267 2883 ex
1280 2841 1404 2903 quoque
1416 2818 1518 2884 locato

71 2921 140 2966 unns
150 2904 254 2968 tacitis
266 2904 428 2990 suffragiis
441 2906 590 2992 eligatur.
607 2905 655 2970 De
669 2929 731 2990 quo
743 2906 827 2970 infra
839 2927 906 2990 cup.
920 2906 950 2971 8.

107 2989 173 3056 XV.
201 2995 325 3076 eruest.
349 2995 398 3059 Aa
427 2996 630 3080 Magistratus
654 2996 811 3082 synodum
834 2997 1025 3073 coristitncre,
1041 2994 1255 3081 &juniarum
1271 2998 1343 3062 aliis
1357 2997 1517 3084 quodeti-

72 3077 118 3144 lur
137 3084 328 3170 srrffropinrn
340 3084 508 3149 decisivnrn
519 3086 602 3170 serre
612 3085 724 3150 debent.
740 3087 828 3170 llcsp.
841 3083 923 3169 Neg.
939 3107 977 3148 ex
989 3084 1103 3149 collata
1116 3085 1298 3149 definitione
1310 3085 1518 3170 magistratus

71 3169 89 3232 t
108 3172 229 3256 synodi:
246 3173 454 3257 magistratus
470 3174 554 3238 enim
567 3196 630 3239 non
643 3178 691 3238 est
703 3175 840 3258 synodus
856 3172 1087 3252 Ecclesiastica,
1100 3196 1157 3239 nec
1169 3173 1236 3238 vice
1249 3197 1350 3239 versa.
1364 3172 1398 3239 si
1411 3179 1519 3240 tamen

71 3255 98 3320 in
119 3261 234 3344 synodo
258 3283 406 3345 praesens
429 3263 480 3340 sit,
505 3266 561 3327 aut
583 3285 652 3327 esse
663 3263 751 3342 velit,
767 3266 872 3346 potest
883 3262 932 3326 illi
946 3262 1139 3348 suffragium
1151 3262 1394 3328 deliberativum
1406 3264 1517 3345 tribui,

71 3345 175 3414 adhaec
197 3350 339 3415 custodia
354 3350 472 3416 ordinis
486 3351 624 3416 externi:
637 3356 674 3416 ut
686 3355 709 3418 a
721 3355 860 3436 potestas
876 3353 1070 3436 proponendi
1082 3352 1210 3437 synodo,
1224 3353 1261 3416 de
1275 3353 1391 3437 quibus
1404 3353 1443 3417 ad
1455 3352 1518 3417 Eo-

71 3435 223 3503 elesiarum
246 3439 497 3504 aedificationem
521 3440 758 3506 deliberandum
782 3462 818 3504 ac
834 3441 1037 3506 statuendum
1050 3444 1115 3518 est;
1130 3441 1265 3525 denique
1277 3441 1477 3526 prohibendi,
1491 3442 1518 3506 si

71 3546 138 3608 quae
162 3529 200 3592 ad
222 3529 377 3614 synodum
393 3551 455 3593 non
471 3529 663 3613 pertinentia
679 3530 812 3615 proponi
823 3535 879 3594 aut
890 3531 1020 3594 tractari
1033 3531 1202 3614 coeperint.
1215 3530 1315 3595 Prout
1330 3532 1364 3595 in
1378 3530 1519 3596 conciliis

10 3661 12 3676 ι
70 3615 117 3680 sub
129 3615 250 3701 Papatu
263 3617 441 3698 celebratis,
455 3617 493 3684 de
510 3619 593 3684 bello
606 3621 636 3683 in
651 3617 824 3684 Saracenos
836 3619 1044 3703 suscipiendo,
1058 3620 1095 3684 de
1108 3619 1308 3703 expeditione
1321 3619 1518 3685 Christiano·

70 3724 128 3768 nrm
150 3707 189 3770 ad
212 3707 484 3791 recuperationem
507 3712 611 3773 terrae
623 3712 758 3788 sanctae,
771 3711 821 3776 bc.
834 3708 1003 3773 deliberari
1016 3730 1052 3773 ao
1067 3709 1165 3773 statui
1178 3708 1267 3774 solet.
1282 3709 1331 3776 De
1347 3732 1409 3794 quo
1422 3732 1518 3794 supra

70 3806 135 3874 pron.
153 3797 181 3861 l.
194 3796 246 3861 lib.
267 3797 295 3858 l.
310 3806 395 3860 tract.
411 3797 439 3862 2.
454 3819 478 3861 c.
493 3797 522 3859 6.
533 3819 565 3882 p.
581 3798 655 3863 237.
673 3798 764 3884 [pag.
777 3796 869 3882 201]

166 3935 170 3949 .
195 3883 380 3969 Sequuntur
395 3886 595 3971 quaestiones
607 3887 645 3951 de
660 3886 808 3952 Personis
822 3883 984 3971 Synodum
996 3886 1207 3972 dirigentibus
1220 3910 1257 3952 ac
1268 3888 1516 3966 moderantibus,

71 3967 98 4034 Pr
166 3974 203 4038 de
216 3973 296 4050 scil,
309 3971 477 4039 Assessore
489 3976 540 4040 vel
553 3977 709 4060 adjuncto,
724 3976 874 4042 actuario
887 4013 931 4024 —-
946 3978 1105 4042 Praesides
1117 3975 1256 4042 officium
1269 3976 1302 4040 in
1316 3977 1432 4042 nostris
1444 3998 1517 4043 con-

70 4061 98 4122 sti
135 4075 143 4096 ⁶
166 4063 506 4129 sessiacensem.
521 4064 718 4130 describitur.

166 4153 274 4218 essoris
291 4175 347 4217 seu
369 4153 508 4237 adjuncti
524 4152 664 4218 officium
679 4177 741 4219 non
753 4155 881 4239 quidem
894 4154 1174 4220 constitutionibus
1186 4153 1255 4241 (ubi
1267 4177 1330 4219 non
1343 4157 1517 4242 comparet)

71 4261 98 4303 se
158 4241 275 4306 roribus
299 4242 416 4306 nostris
429 4241 674 4326 deprehenditur
686 4243 719 4308 in
731 4249 768 4308 eb
783 4243 851 4308 fert
863 4244 1045 4324 consistere,
1058 4248 1094 4308 ut
1110 4243 1248 4328 praesidi
1262 4244 1305 4308 sit
1317 4244 1408 4329 quasi
1420 4247 1439 4310 a
1451 4267 1518 4310 me-

72 4349 98 4393 n
178 4331 203 4396 b
227 4333 247 4394 b
270 4329 421 4410 consiliis,
441 4329 531 4415 eique
551 4336 704 4417 suggerat
715 4333 743 4397 si
756 4333 832 4420 quid
844 4334 1096 4418 suggerendum
1110 4355 1182 4398 cum
1195 4333 1305 4398 eodem
1313 4333 1466 4400 deliberet
1479 4333 1517 4400 de

72 4439 98 4503 ap
150 4421 197 4480 Ιὶιι.
218 4421 241 4485 t
262 4419 371 4485 ordine
393 4443 429 4485 ac
444 4421 536 4485 modo
553 4443 678 4499 eorum;
692 4421 831 4505 ejusdem
843 4421 926 4487 vices
940 4420 1065 4503 subeat,
1077 4421 1105 4487 si
1118 4444 1191 4487 eum
1203 4422 1313 4488 abesse
1326 4423 1516 4510 contigerit;

1383 4513 1518 4597 denique
