3722 4850
314 287 426 353 Tarcr.
439 287 481 354 ΙΙ.
507 284 555 350 Dr
568 287 703 368 Parma,
718 289 892 366 Bnnrmca,
905 288 1061 355 Dorouoe.
1075 287 1166 352 Ecca.
1192 286 1262 352 Gur.
1275 286 1300 352 Ι.
1522 287 1542 352 9

97 475 243 560 &pietatis
256 476 382 559 praxiu)
395 498 433 540 ex
446 474 592 540 domibus
605 475 671 540 suis
682 474 733 540 bis
745 475 783 540 de
795 475 845 539 die
859 476 898 540 ad
909 474 1044 559 Templa
1055 474 1237 551 trahendos;
1251 475 1408 558 imprimis
1418 477 1445 540 si
1454 477 1494 540 ab
1503 477 1543 542 iis

21 579 22 584 ’
95 565 230 628 remotius
241 563 398 628 habitent.
424 563 549 628 Fideles
562 564 680 648 quique
694 561 846 642 Minist'ri,
860 565 913 648 qui
932 565 1054 628 animas
1068 586 1141 629 suas
1153 565 1352 628 tradiderunt
1363 565 1402 628 ad
1420 566 1543 630 animas

95 653 205 718 Christo
227 653 437 732 adducendas,
459 653 631 737 prudenter
644 653 828 736 despicient,
842 659 997 736 quantum
1010 652 1043 717 in
1055 653 1214 718 exercitiis
1228 653 1409 732 lectionum,
1423 657 1446 720 dr
1459 652 1542 718 Pre-

96 765 153 805 cum
164 745 229 805 tum
239 741 452 824 publicistum
462 741 596 825 privatis
605 741 688 806 inter
697 763 769 805 suos
778 742 1542 826 promovendisquacunqueoccasionepraestari

94 835 184 914 queat.
197 829 329 894 Memini
342 851 393 894 me
406 853 435 895 a.
451 831 545 894 1625.
555 831 1005 913 peroooasionemiutert'uisse
1015 831 1156 895 concioni
1165 831 1402 909 hebdomadali,
1413 854 1494 915 quae
1505 855 1543 896 ex

21 945 22 948 ¹
95 923 197 982 statuto
210 917 401 1002 presbyterii
412 919 500 983 illius
512 919 650 983 civitatis
664 919 701 982 ad
723 923 787 983 tres
799 919 898 984 horae
911 920 1102 1003 quadrantes
1117 919 1355 997 extendebatur,
1370 921 1544 1003 praemisso

93 1008 180 1072 solum
199 1012 295 1072 cautu
307 1008 440 1071 duorum
454 1030 600 1072 versuum
613 1031 651 1072 ex
666 1008 813 1086 Psalmis,
826 1008 850 1073 dr
861 1009 1029 1092 subjuncta
1045 1009 1134 1072 bravi
1146 1007 1342 1088 Precatione,
1356 1009 1424 1072 sine
1437 1013 1543 1074 cantu.

94 1095 228 1180 Alioquin
241 1096 274 1159 in
287 1095 359 1160 aliis
372 1095 476 1181 Belgii
490 1096 640 1161 Ecclesiis
653 1097 751 1181 (quod
762 1097 875 1166 sciam)
887 1097 1045 1160 ordinario
1057 1097 1141 1160 inter
1149 1097 1226 1160 duas
1236 1097 1436 1161 Precationes
1445 1098 1544 1162 inter·

89 1185 184 1266 jicitur
204 1185 331 1258 conci03
359 1185 512 1269 quidquid
532 1185 588 1249 fiat
600 1187 638 1250 de
650 1190 745 1251 cantu
760 1186 892 1250 actionis
904 1186 1137 1250 abbreviandae
1149 1191 1252 1250 causa.
1266 1184 1406 1250 Rursum
1418 1187 1452 1250 in
1464 1209 1543 1250 nou-

91 1273 175 1337 uullis
196 1273 348 1338 Ecclesiis
371 1273 482 1338 diebus
505 1273 671 1338 dominicis
694 1275 823 1360 gemina
846 1274 991 1338 Precatio
1008 1275 1149 1338 concioni
1162 1274 1394 1358 praemittitur:
1409 1297 1543 1358 quarum

91 1362 167 1444 prior
177 1363 317 1427 continet
328 1361 559 1427 confessionem
570 1367 781 1446 peccatorum,
796 1363 953 1446 posterior
969 1363 1157 1446 petitionem
1169 1362 1281 1427 auxilii
1293 1362 1402 1426 divini.
1415 1361 1544 1428 Alicuhi

91 1451 186 1514 diebus
205 1450 330 1534 jejunii,
354 1473 418 1516 non
440 1454 565 1515 tantum
590 1452 699 1516 unte&
715 1455 788 1534 post
799 1449 980 1516 concionem
993 1473 1152 1534 quamque
1164 1451 1333 1529 orationes
1347 1452 1401 1514 scd
1413 1451 1544 1536 insuper

91 1538 170 1603 binae
194 1544 250 1604 aut
266 1543 375 1603 ternae
388 1544 444 1603 aut
456 1543 629 1623 quaternae
641 1540 829 1604 intermedio
841 1545 984 1623 tempore
997 1541 1079 1604 inter
1092 1541 1169 1604 duas
1182 1540 1357 1616 conciones,
1371 1562 1543 1604 accommo-

90 1628 151 1691 aa
173 1630 211 1692 ad
235 1628 341 1712 capita
357 1627 581 1711 exscriptoris
593 1630 754 1712 praelecta
766 1631 789 1696 a
801 1629 841 1692 ad
854 1628 997 1693 Psalmos
1010 1633 1163 1708 cantatos,
1176 1628 1354 1712 dispartitis
1367 1628 1544 1693 intervallis

90 1716 146 1778 fieri
158 1718 269 1781 solent.
284 1755 325 1763 -
347 1718 376 1781 V.
392 1719 515 1799 Qrcuest.
530 1716 578 1782 De
590 1718 770 1801 quantitate
787 1717 947 1793 continua,
964 1741 1004 1781 an
1020 1718 1157 1782 debeant
1168 1739 1237 1782 esse
1249 1717 1401 1801 prolixas,
1414 1740 1454 1780 an
1471 1740 1545 1782 vero

90 1803 210 1869 breves?
236 1807 329 1890 neap.
354 1804 428 1871 Una
450 1828 601 1871 mensura
621 1806 768 1870 omnibus
780 1806 923 1871 omniurn
939 1805 1159 1871 Ministrorum
1183 1805 1344 1884 Precibus,
1358 1829 1545 1891 quocunque

88 1895 227 1977 tempore,
245 1894 277 1958 in
290 1898 478 1977 quacunque
491 1895 633 1959 Ecclesia
647 1895 800 1959 habendis
813 1895 949 1980 praefigi
959 1917 1022 1959 non
1035 1894 1137 1959 debet.
1151 1893 1233 1959 Sunt
1241 1895 1295 1978 qui
1303 1894 1428 1978 opinari
1436 1895 1545 1959 viden·

88 1985 140 2057 tur,
155 1983 276 2046 tamdiu
289 1982 530 2066 protrahendus,
543 1984 695 2067 quamdiu
708 1983 838 2067 spiritus
851 1986 873 2050 tr
886 1985 978 2048 ardor
990 1983 1138 2067 precandi
1150 1988 1369 2067 conceptuum,
1378 1985 1401 2048 dr
1410 1983 1545 2048 medita-

21 2121 22 2124 ,
88 2069 197 2136 tionum
215 2071 416 2136 affluentiam
436 2071 649 2155 suppeditant.
676 2072 755 2137 Cum
776 2073 891 2156 quibus
904 2073 1021 2137 sentire
1033 2093 1166 2157 nequeo.
1190 2071 1303 2156 Neque
1317 2072 1401 2136 enim
1414 2072 1545 2156 spiritus

88 2157 208 2224 Precum
217 2160 251 2224 in
264 2160 332 2224 solo
345 2160 553 2225 Antecessore
565 2161 791 2246 respiciendus,
804 2161 966 2226 sedetiam
978 2161 1011 2224 iu
1024 2161 1244 2236 Auditoribus3
1257 2183 1392 2244 quorum
1404 2162 1545 2244 plurimi,
1632 2221 1637 2232 ,

86 2246 108 2308 si
122 2270 179 2312 uou
189 2249 333 2332 plerique
342 2253 432 2313 extra
439 2272 607 2314 numerum
617 2251 893 2315 exercitatorum&
903 2249 1114 2333 perfectorum
1124 2249 1296 2314 collocandi
1306 2253 1390 2314 sunt.
1414 2250 1458 2314 Et
1470 2250 1546 2334 quid

86 2334 108 2398 si
119 2335 323 2401 Concionator
335 2337 486 2420 quiscum
496 2336 791 2422 Jacoborlpostolo,
801 2361 872 2402 cum
882 2337 1366 2422 GorgonissororeNazianzeni:
1380 2360 1452 2402 cum
1462 2339 1545 2417 aliis,

21 2425 23 2430 ’
85 2445 208 2505 quorum
220 2425 418 2490 admirabilis
426 2427 460 2490 in
469 2426 620 2491 Precibus
633 2427 870 2511 perseverantia
878 2428 917 2492 ab
928 2426 1097 2490 Historicis
1106 2427 1348 2510 refertur.paria
1356 2427 1460 2491 facere
1472 2449 1545 2510 pos·

21 2523 23 2588 ξ
86 2515 135 2588 seb
147 2537 185 2578 uu
199 2515 269 2579 ideo
281 2513 314 2577 iu
326 2514 470 2580 Ecclesia
481 2538 539 2599 pro
552 2516 674 2580 ratione
688 2515 856 2600 peculiaris
868 2539 945 2580 suae
958 2515 1085 2579 virtutis
1098 2515 1203 2581 &doni
1215 2515 1359 2594 Precum,
1369 2515 1546 2581 orationem

21 2637 23 2660 ³.
85 2601 118 2663 ad
131 2602 222 2667 horas
235 2603 359 2688 aliquot
371 2604 586 2669 continuabit?
600 2605 654 2668 ubi
667 2627 729 2668 nou
741 2606 867 2669 tantum
880 2605 941 2669 sibi
954 2608 1110 2688 precatur,
1119 2603 1383 2681 sethcclesiae,
1393 2608 1546 2687 tanquam
1629 2611 1631 2616 “

21 2751 23 2774 ζ
85 2713 114 2752 us
134 2691 208 2774 ejus,
224 2694 248 2758 dr
260 2691 478 2758 manuductor:
495 2693 546 2757 cui
561 2693 607 2757 ita
620 2693 743 2776 praeire
757 2693 861 2773 debet,
875 2697 911 2757 ut
922 2693 1012 2779 sequi
1025 2692 1156 2775 possint,
1167 2692 1265 2757 etiam
1277 2692 1432 2768 imbelles;
1445 2697 1481 2756 ut
1493 2716 1546 2758 eos

21 2783 22 2836 ἶ
85 2780 200 2858 excitet,
217 2781 241 2845 b
260 2785 429 2864 conceptus
443 2780 685 2866 praeformando
698 2782 847 2861 instruat,
868 2804 930 2846 non
943 2785 979 2845 ut
994 2781 1161 2858 distrahat,
1179 2781 1345 2856 disturbet,
1363 2781 1544 2845 confundat,

86 2864 232 2934 Videntur
245 2869 301 2954 qui
314 2871 411 2934 talem
421 2870 602 2955 opinionem
609 2893 685 2954 prae
695 2893 728 2934 se
737 2870 855 2946 ferunt,
866 2870 978 2935 Preces
987 2870 1128 2954 privatas
1138 2893 1192 2934 seu
1202 2869 1361 2934 solitarias
1372 2869 1545 2953 apublicis,

21 2953 23 3042 ἶ
83 2977 130 3018 seu
150 2958 242 3022 sociis
263 2980 326 3022 non
344 2958 548 3044 distinguere.
573 2958 612 3024 In
632 2961 722 3044 [pag.
744 2960 825 3045 492]
845 2960 909 3023 illis
926 2958 1272 3041 senteutiamipsorum
1283 2957 1364 3030 haut
1376 2957 1547 3022 difficulter

21 3057 23 3104 ὲ
84 3046 263 3112 accederem:
285 3047 330 3110 sic
345 3051 453 3112 tamen
475 3053 511 3112 ut
526 3048 565 3112 ad
576 3048 658 3112 vires
671 3051 694 3114 a
705 3047 940 3131 complexiones
951 3047 1090 3130 corporis
1103 3046 1155 3110 sui
1166 3046 1302 3130 quilibet
1313 3047 1485 3130 prudenter
1497 3051 1546 3110 at·

85 3133 193 3198 undat:
206 3157 245 3204 ne
257 3135 335 3218 quid
347 3135 451 3200 nimis.
466 3137 495 3200 A
508 3135 681 3222 Theologis
694 3137 841 3220 practicis
851 3136 1025 3200 Pontificiis
1034 3135 1170 3199 sollicite
1179 3139 1347 3199 monentur
1359 3139 1546 3219 gymnesiae

21 3275 22 3298 1
83 3221 267 3302 spirituales,
280 3227 399 3288 netum
413 3225 531 3289 assidui
544 3225 653 3289 sintin
665 3224 853 3309 soliloquiis,
865 3223 1021 3308 precibus,
1034 3223 1366 3306 contemplationibus,
1380 3228 1416 3287 ut
1424 3224 1545 3287 cerebri

21 3329 22 3380 ξ
84 3307 291 3376 functionibus
306 3313 441 3378 nimium
458 3313 627 3378 infirmatis
643 3337 718 3378 usus
734 3313 865 3377 rationis
879 3313 1036 3392 turbetur,
1053 3313 1076 3377 dr
1092 3311 1154 3396 ipsi
1167 3313 1206 3376 ad
1218 3312 1348 3397 quaevis
1360 3311 1465 3376 officia
1479 3311 1546 3376 Deo

82 3398 255 3481 &proximo
265 3403 456 3484 praestando
467 3401 568 3486 inepti
581 3403 668 3466 fiant.
1311 3432 1315 3441 ·

21 3521 22 3528 κ
120 3489 145 3571 ἕ.
169 3491 201 3552 3.
225 3488 263 3553 Iu
286 3489 357 3573 ipsa
380 3489 564 3555 Precatione
586 3490 810 3556 Ecclesiastica
832 3491 978 3555 distincte
1003 3489 1239 3568 consideranda,
1264 3491 1311 3554 uti
1333 3491 1367 3554 iu
1387 3490 1546 3554 communi

21 3577 22 3660 ζ
81 3573 222 3641 oratoria
256 3601 312 3642 seu
348 3575 520 3644 Rhetorica
554 3579 632 3643 haec
656 3583 801 3664 quatuor.
829 3581 857 3642 1.
886 3577 1032 3644 Iuventio
1056 3601 1111 3643 seu
1140 3579 1284 3643 materia.
1315 3581 1333 3642 2
1358 3578 1549 3664 Dispositio.

21 3671 23 3736 i
82 3666 108 3725 3.
133 3663 310 3731 Exornatio
332 3690 388 3732 seu
415 3668 527 3752 stylus.
554 3669 584 3732 4.
611 3667 714 3732 Actio.
740 3666 766 3732 Ι.
790 3667 882 3742 Quod
902 3669 941 3732 ad
966 3668 1116 3751 primum,
1140 3668 1275 3732 materia
1298 3671 1372 3732 sunt
1393 3680 1460 3733 tum
1485 3689 1546 3746 ree,

21 3745 22 3812 Ϊ
80 3776 151 3836 quas
179 3758 237 3819 aut
267 3757 406 3839 petimus
438 3761 494 3821 aut
521 3758 735 3841 deprecamur:
765 3768 832 3821 tarn
855 3779 1018 3841 personae,
1043 3779 1099 3838 pro
1123 3755 1239 3840 quibus
1260 3760 1317 3820 aut
1335 3760 1444 3820 contra
1469 3777 1548 3838 quas

21 3859 23 3956 Ι
81 3843 222 3922 petimus.
255 3846 314 3911 Res
343 3846 492 3929 petendae
521 3849 596 3910 suut
624 3847 730 3930 mord
751 3867 1011 3929 quarumcunque
1039 3845 1296 3909 benedictionum
1323 3844 1548 3928 spiritualium,

21 3989 23 4020 ,
78 3953 247 4016 earumque
266 3933 405 4013 collatio,
422 3935 628 4011 continuatio,
648 3938 866 4020 augmentum,
889 3933 1058 3999 restitutio.
1083 3932 1247 4009 Quaenam
1272 3933 1347 3997 illae
1368 3933 1432 3997 sint
1451 3933 1548 3997 bene·

21 4055 23 4110 ᾗ
78 4019 226 4086 dictiones
257 4043 296 4086 ex
323 4024 411 4089 Reor.
434 4025 464 4087 8.
489 4045 567 4089 vera.
593 4024 700 4087 2930.
726 4023 838 4107 Eptes.
865 4025 892 4086 l.
917 4043 996 4088 vcra
1022 4021 1052 4086 3.
1083 4021 1217 4107 tlseqq.
1242 4021 1327 4088 disci¹
1343 4022 1447 4102 debet,
1470 4023 1493 4087 s
1514 4023 1547 4086 in

79 4108 222 4175 Pertinet
240 4115 338 4176 aurea
361 4111 474 4176 salutis
490 4117 613 4189 catena,
622 4112 757 4196 aliisque
767 4111 843 4175 locis
857 4111 1076 4176 communibus
1089 4113 1112 4178 dr
1124 4109 1376 4194 hypotyposibus
1386 4111 1548 4175 saniorum

21 4197 23 4352 Ι
77 4221 254 4262 sennonum
282 4199 360 4264 satis
388 4223 545 4288 superque
564 4200 756 4284 explicatum
776 4199 829 4265 hic
841 4201 1135 4283 praesupponimns.
1153 4198 1274 4263 Deinde
1288 4221 1548 4284 quarumcunque

76 4285 329 4353 benedictionum
353 4290 588 4373 temporalium,
608 4289 691 4354 circa
703 4288 966 4374 gubernationem
988 4289 1113 4353 civilem
1133 4287 1165 4350 in
1186 4289 1343 4371 pacetrin
1358 4288 1453 4366 bello,
1466 4287 1549 4352 circa

76 4376 284 4458 oeconomias,
309 4378 392 4443 circa
417 4376 456 4438 τὰ
467 4377 603 4455 βιωτικὰ,
626 4378 772 4444 &modos
792 4378 985 4464 acquirendi,
1005 4377 1235 4464 agriculturam
1248 4378 1326 4457 scit,
1343 4377 1548 4476 piscaturam,

1103 4485 1105 4490 ·
1478 4485 1549 4550 opr-
