3712 4850
270 327 381 444 Tascp.
404 327 448 396 ll.
472 327 522 395 De
544 329 683 410 Ponesr,
706 327 779 394 Pon.
804 349 839 393 nr
864 327 974 394 Ganos.
998 327 1125 394 Eccaes.
1150 327 1221 392 Ore.
1245 325 1320 393 VII.
1464 301 1527 392 211

77 517 266 596 accedatur,
283 517 384 583 altera
395 511 541 604 negaturi
554 519 643 603 Hesp.
659 515 711 581 lta
726 517 853 602 quidem
866 516 1058 582 inveteratas
1071 515 1287 600 corruptiones
1301 511 1480 600 Regiminis
1497 514 1530 579 in

6 625 8 686 ξ
75 605 189 690 Papatu
203 607 338 691 palliare
350 608 491 687 student,
504 606 749 672 &hierarchicas
762 606 982 690 usurpationes
995 604 1087 670 tueri.
1101 603 1207 690 Papae
1214 605 1363 670 tribuunt
1371 602 1529 690 Regimen

6 695 8 786 l
75 694 307 762 Monarchicum
331 700 497 761 externum
521 697 618 763 totius
641 695 812 775 Ecclesiae,
830 695 956 760 Christo
975 695 1078 760 solum
1089 695 1250 760 internum
1266 694 1465 781 relinquunt:
1481 693 1531 760 De

6 791 8 884 ᾗ
77 807 132 870 quo
154 785 307 867 Qmento
324 785 462 850 diximus
477 786 511 850 in
527 786 608 870 lliep
631 786 668 850 de
684 785 887 851 translatione
900 785 1043 870 Pupulus
1059 787 1079 848 ὰ
1092 771 1184 850 Petrei
1198 785 1241 850 od
1253 785 1386 869 Papam.
1399 782 1531 872 Episco-

6 887 9 938 ἑ
75 874 129 958 pis,
140 874 290 940 Ecclesiis
303 874 548 956 cathedralibus,
561 878 584 941 dv
596 874 752 959 Capitulis
761 874 989 940 Canonicorum
998 872 1530 958 tribuuntPotestatemregiminis.
1551 921 1559 942 .

6 945 9 1018 l
75 961 206 1028 Rursum
234 963 310 1029 solis
326 964 493 1048 Episcopis
514 963 765 1047 jurisdictionem
778 963 966 1028 exteriorem
977 963 1011 1028 in
1022 962 1092 1028 foro
1103 963 1166 1046 (uti
1176 962 1363 1050 loquuntur)
1376 962 1531 1028 Ecclesia-

6 1021 9 1146 l
75 1052 155 1130 stica
168 1054 271 1118 solam
282 1053 470 1130 interiorem
481 1053 515 1117 in
526 1053 716 1118 conscientia
733 1050 966 1131 Sacerdotibus,
980 1051 1188 1117 confessariis
1200 1051 1426 1138 relinquentes.
1439 1048 1529 1116 Reli-

6 1149 8 1222 j
74 1141 159 1226 quiae
171 1141 418 1228 usurpationum
429 1143 563 1206 istarum
575 1143 710 1207 haerent
722 1142 839 1206 alicubi
851 1141 884 1206 in
896 1141 1047 1206 Ecclesiis
1060 1164 1141 1229 quae
1155 1145 1173 1206 a
1185 1139 1310 1225 Papatu
1322 1145 1530 1207 secesserunt:

6 1243 8 1268 ⁵
75 1231 123 1294 ubi
133 1231 287 1296 Ecclesiis
304 1233 394 1317 [pag.
411 1231 493 1317 253]
508 1231 752 1315 particularibus
765 1253 937 1316 carumque
951 1230 1200 1296 antecessoribus
1212 1234 1338 1295 tantum
1351 1229 1531 1316 Regiminis

73 1341 105 1383 ac
120 1319 355 1404 jurisdictionis
381 1321 543 1399 adimitur,
559 1325 714 1408 quantum
725 1320 879 1385 tribuitur
890 1319 1067 1404 Episcopis,
1079 1320 1213 1407 aliisque
1226 1317 1427 1410 Consistoriis
1446 1318 1531 1384 Poli-

72 1409 393 1489 tice-Ecclesiasticis,
421 1409 577 1494 Capitulis
604 1409 843 1487 canonicorum,
868 1409 1009 1474 Cameris
1029 1409 1175 1488 stellatis,
1189 1407 1531 1474 Celsiscommissioni·

6 1545 8 1586 ,
72 1496 135 1576 bns,
171 1498 471 1578 convocationibus,
510 1497 656 1563 Patronis
692 1498 901 1574 clericalibus,
937 1501 960 1564 ds
990 1498 1090 1577 laicis,
1125 1497 1264 1563 consiliis
1294 1499 1317 1564 dt
1344 1497 1532 1563 consiliariis

6 1591 8 1664 l
73 1584 263 1672 Principum,
281 1590 305 1654 dr
326 1587 405 1672 ipsis
428 1587 629 1673 Principibus
652 1610 688 1652 aa
711 1587 966 1673 Magistratibns.
994 1585 1184 1652 consulatur
1205 1586 1313 1671 praxis
1336 1587 1531 1673 quotidiana,

6 1669 8 1756 ξ
72 1676 93 1738 t
118 1675 262 1742 Quane-s
278 1678 480 1742 Ecclesiastici
491 1678 629 1762 Acutius,
647 1678 838 1763 Hauparice,
853 1677 1029 1754 Boberaiue,
1042 1678 1065 1742 dc
1078 1677 1209 1762 quaeda
1222 1674 1436 1762 Regiminein
1453 1674 1531 1741 (ler-

6 1837 7 1846 ,
73 1765 199 1830 manicis
224 1762 533 1831 Ecclesiis'subinde
556 1771 790 1854 conqueruntur
816 1767 974 1851 Zeppcrus
990 1767 1024 1830 iu
1042 1766 1401 1845 Politichcclcsiusticc,
1418 1763 1533 1851 aliique

6 1853 7 1856 ’
73 1853 240 1940 Scriptores
265 1878 340 1920 mox
362 1855 447 1919 infra
471 1856 494 1920 s
520 1858 606 1921 Part.
620 1857 650 1920 3.
666 1856 717 1921 ub.
730 1857 768 1920 de
778 1857 966 1940 Disciplina,
982 1855 1108 1919 alcredi.
1122 1853 1185 1919 Sed
1198 1854 1273 1938 quid
1285 1877 1342 1939 pro
1354 1854 1530 1920 divulsione

73 1941 124 2007 illa
146 1944 326 2010 Potestatis
338 1945 460 2010 adlerre
477 1949 608 2028 possunt
619 1944 788 2024 Pontificii,
802 1945 920 2028 aliique
933 1967 1041 2009 eorum
1054 1943 1199 2029 vestigiis
1217 1943 1424 2009 insistentes?
1439 1941 1533 2008 Nihil

6 2099 8 2110 ‚
73 2031 128 2096 nisi
150 2034 274 2100 factum
298 2036 321 2099 dr
348 2033 619 2113 consuetudinem,
636 2034 914 2117 distinctionesque
927 2032 1118 2118 principium
1134 2037 1278 2117 petentes
1291 2032 1359 2098 sine
1375 2033 1531 2117 scripturi
1604 2069 1614 2088 ·

6 2159 8 2162 ·
73 2120 135 2186 sine
156 2121 296 2188 ratione.
321 2121 411 2198 Quod
434 2123 461 2187 si
473 2123 606 2187 subinde
614 2124 667 2207 jus
679 2123 807 2204 aliquod
818 2123 1040 2206 praetendunt,
1053 2122 1132 2186 illud
1144 2125 1230 2187 mere
1243 2121 1419 2187 humanum
1432 2126 1489 2201 est,
1507 2123 1530 2187 b

73 2210 238 2276 fundatum
260 2212 295 2275 in
306 2211 515 2277 translatione
530 2211 703 2277 Potestatis
715 2211 956 2276 Ecclesiasticae
968 2212 1000 2275 in
1017 2212 1089 2276 illos
1102 2212 1266 2296 delegatos
1279 2212 1379 2276 autin
1391 2212 1448 2275 illa
1460 2210 1533 2284 Gols

72 2298 161 2386 legia,
174 2301 277 2366 solius
293 2300 495 2384 antiquitatis
508 2301 529 2366 d
541 2302 709 2366 diuturnae
721 2300 927 2384 possessionis
939 2301 1187 2384 praescriptione
1200 2300 1428 2385 praejudicans.
1453 2298 1534 2365 Cum

71 2411 143 2476 ergo
167 2390 291 2456 volenti
318 2411 381 2454 non
403 2391 459 2454 fiat
482 2391 608 2474 injuria,
627 2390 778 2474 ipsaeque
794 2389 955 2454 Ecclesiae
968 2390 1108 2454 melioris
1121 2390 1347 2454 aedificationis
1360 2394 1455 2454 causa
1466 2389 1531 2454 illis

70 2479 163 2544 talem
176 2480 378 2544 Potestatem
390 2479 615 2559 commiserint,
629 2478 718 2561 sequi
732 2477 857 2543 videtur
869 2479 1058 2561 quibusdam
1073 2479 1156 2544 inter
1168 2478 1252 2562 ipsos
1265 2478 1531 2544 moderationibus

71 2567 237 2633 bassandri
259 2567 477 2651 similimnque
497 2567 715 2647 sectatoribus,
736 2568 807 2652 jure
835 2589 905 2632 eam
932 2569 977 2633 sic
997 2568 1153 2652 usurpari.
1168 2566 1230 2632 Sed
1244 2568 1347 2632 multa
1359 2567 1411 2632 hic
1423 2567 1534 2652 reponi

6 2647 8 2742 l
71 2662 208 2740 possent.
220 2659 249 2721 1.
259 2655 423 2722 Historiae
433 2680 489 2722 seu
497 2656 672 2722 narrationi
680 2657 718 2722 de
726 2657 934 2723 translatione
947 2680 1010 2721 non
1025 2658 1131 2722 credo:
1144 2657 1364 2740 probationem
1376 2661 1532 2741 exspecto.

6 2765 8 2832 l
70 2743 220 2832 Typhnm
247 2746 377 2825 saeculi,
402 2746 568 2824 ambitum,
592 2750 731 2831 raptum,
756 2747 868 2828 spolia,
893 2746 1203 2824 circumventionem,
1228 2746 1377 2830 spiritum
1404 2767 1531 2810 monar-

6 2843 8 2876 ²
70 2833 195 2900 chicum
221 2839 280 2923 aut
302 2835 543 2921 aligarchicum,
567 2834 693 2900 facilius
717 2858 755 2899 ex
778 2835 912 2899 lectione
936 2833 1151 2905 Historiarum
1171 2834 1404 2920 deprehendas3
1418 2835 1533 2919 quibus

6 2975 7 2978 ,
71 2922 243 3004 Ecclesiae,
271 2946 444 3010 earumque
456 2923 596 2989 Ministri
608 2924 727 2989 sensim
739 2923 806 2988 sine
819 2946 912 2989 sensu
924 2923 1139 3003 circumventi,
1152 2924 1304 3008 oppressi,
1317 2924 1465 2992 libertate
1478 2928 1535 2988 suis

71 3013 208 3097 spoliati,
237 3013 394 3098 paulatim
415 3013 554 3080 volentes
565 3014 692 3078 nolente
704 3012 810 3077 animo
826 3013 1003 3078 tolerarunt
1016 3013 1113 3078 immo
1125 3013 1149 3078 dr
1161 3000 1392 3078 concesserunt.
1406 3015 1436 3077 2.
1450 3012 1535 3078 Dato

70 3101 132 3167 tale
154 3103 234 3186 quid
263 3101 380 3167 alicubi
404 3101 535 3183 factum,
559 3125 597 3166 an
614 3102 687 3167 inde
703 3102 847 3186 sequitur
859 3102 899 3166 ab
913 3103 1059 3166 omnibns
1072 3102 1223 3167 Ecclesiis
1235 3103 1333 3167 totius
1346 3102 1433 3166 orbis
1446 3124 1531 3167 com·

70 3191 157 3255 muni
168 3212 328 3256 consensu
340 3190 400 3256 hoc
411 3191 557 3257 facturn?
569 3214 610 3256 an
622 3190 692 3256 ideo
705 3190 876 3270 Ecclesiae,
890 3211 970 3274 quae
986 3191 1045 3255 hoc
1057 3212 1119 3255 non
1135 3190 1288 3271 fecerunt,
1305 3190 1533 3275 praejudicium

70 3279 139 3344 inde
166 3281 360 3366 patientur?
382 3282 413 3345 3.
425 3277 528 3345 Immo
540 3281 692 3366 quidquid
704 3303 761 3364 per
774 3280 976 3360 coactionem,
990 3283 1046 3344 ant
1057 3279 1298 3364 negligentiam,
1314 3283 1370 3344 aut
1382 3280 1534 3364 ignoran-

70 3369 156 3448 tiam,
183 3374 243 3434 aut
266 3369 512 3454 imprudentiam
524 3369 576 3435 hic
588 3370 665 3433 olim
676 3369 902 3434 concessissent
914 3374 970 3434 aut
981 3391 1093 3453 passae
1106 3373 1227 3446 essent;
1241 3391 1282 3433 an
1294 3368 1364 3433 ideo
1377 3367 1409 3432 in
1422 3391 1535 3453 perpe·

71 3463 159 3522 tuum
172 3458 397 3542 obligarentur
409 3459 569 3523 Ecclesiae
581 3459 658 3544 ipsis
667 3459 872 3523 succedentes
884 3462 898 3522 Ρ
912 3457 980 3534 Quo
989 3459 1060 3542 jure
1071 3458 1188 3537 divino,
1201 3461 1263 3541 qud
1275 3458 1371 3543 lege?
1385 3456 1459 3522 Pari
1463 3458 1535 3542 jure
1659 3519 1665 3538 ,

70 3546 309 3612 consuetudinis
333 3548 356 3612 ds
382 3547 587 3613 successionis
614 3547 792 3633 oppugnari
819 3552 926 3630 posset·
942 3548 1043 3612 omnis
1064 3546 1249 3612 reformatio
1265 3547 1489 3624 Ecclesiarum,
1501 3547 1536 3611 in
1594 3617 1605 3644 0

70 3635 224 3712 doctrina,
253 3636 405 3715 moribus,
430 3637 606 3721 disciplina,
632 3640 661 3700 4.
686 3634 845 3719 Quidquid
869 3636 920 3714 sit,
934 3657 996 3700 non
1013 3636 1196 3701 debuissent
1211 3635 1374 3701 Ecclesiae
1386 3637 1439 3719 jus
1454 3635 1535 3700 illud

70 3725 163 3790 alteri
189 3725 313 3804 cedere,
336 3747 394 3790 nec
417 3724 450 3789 in
466 3725 610 3810 Collegia
623 3729 678 3790 ant
689 3724 845 3790 Personas
858 3725 923 3789 sive
935 3724 1080 3808 politicas
1093 3725 1158 3790 sive
1175 3724 1413 3790 Ecclesiasticas
1429 3728 1535 3790 trans-

71 3812 171 3879 teus:
196 3835 257 3879 nec
283 3814 339 3878 isti
350 3815 527 3882 oblatum&
544 3815 695 3880 collatum
708 3814 889 3878 debuissent
903 3815 1043 3898 recipere
1057 3816 1112 3878 aut
1127 3813 1273 3879 retinere.
1287 3813 1369 3889 Quid
1382 3813 1409 3878 si
1424 3813 1535 3878 Eccle-

70 3901 98 3967 si:
159 3903 262 3987 lique,
275 3901 484 3988 Diotrephem
495 3904 635 3988 aliquem
647 3906 742 3987 caput
753 3902 897 3982 faciat&
912 3902 1088 3967 dominium
1101 3902 1136 3967 in
1151 3903 1247 3968 fidem
1258 3925 1348 3967 suam
1361 3902 1391 3966 ei
1402 3901 1534 3982 deferat,

70 4015 98 4055 ar
166 3993 168 4000 '
218 3991 304 4056 bona
325 3993 516 4057 conscientia
541 3993 640 4056 talem
651 3991 861 4057 conditionem
875 3992 1054 4075 acciperet?
1067 3990 1223 4056 Videatur
1235 3992 1272 4056 de
1285 3990 1460 4056 divulsione
1473 3990 1534 4056 hae

69 4101 98 4164 pc
139 4081 242 4144 „atis
259 4081 473 4147 Bellarmiaus
485 4081 550 4147 aio.
563 4082 594 4145 4.
607 4081 645 4147 de
658 4082 805 4168 pontifice
817 4102 883 4166 cup.
898 4081 949 4144 22.
963 4103 1034 4145 cum
1046 4080 1180 4162 Amesio,
1189 4082 1320 4168 aliisque
1329 4081 1429 4165 ipsius
1437 4081 1535 4146 Anta-

68 4191 98 4254 pe
138 4171 212 4235 stis.
238 4167 301 4234 Sed
326 4169 499 4236 indicemus
511 4170 650 4235 breviter
661 4174 850 4256 argumenta
862 4169 1030 4253 quaepiam
1042 4192 1123 4252 quac
1135 4161 1197 4234 nna
1208 4170 1312 4235 fontes
1325 4170 1389 4233 sint
1401 4169 1535 4234 solutio-

70 4281 98 4334 ιιι
182 4258 301 4344 quibus
324 4263 449 4343 spectra
465 4259 520 4324 illa
533 4259 805 4324 distinctionum&
818 4260 1068 4343 usurpationum,
1081 4281 1187 4323 merae
1199 4263 1360 4324 creaturae
1372 4258 1532 4323 humanae

71 4369 98 4431 pr
166 4351 292 4434 gantur.
319 4347 337 4412 Ι
366 4349 448 4431 Quia
459 4348 605 4414 Potestas
624 4347 847 4413 Ecclesiastica
859 4371 915 4412 seu
927 4347 1031 4412 Clavis
1043 4347 1261 4413 indistincte&
1277 4347 1410 4411 indivise
1423 4346 1534 4412 Eccle-

6 4465 7 4470 1
70 4437 98 4501 si
166 4439 207 4472 “⁵³
232 4439 261 4516 b,
277 4437 432 4504 Ecclesiis
455 4437 601 4503 omnibus
624 4436 787 4516 tribuitur,
812 4437 941 4522 ts[pag.
955 4437 1036 4524 254]
1049 4436 1292 4522 signateClavis
1304 4435 1535 4520 jurisdictionis

1449 4527 1537 4588 exte·
