3722 4850
302 359 305 364 ,
320 291 362 356 62
699 289 860 357 Ρ44444444
875 289 1125 356 Econrsrrsrroas
1149 287 1229 355 Pras
1242 290 1268 356 Ι.
1292 287 1359 356 Ina.
1373 287 1415 356 Il.

217 497 223 508 ·
321 482 373 547 19.
396 479 453 544 lib.
477 478 652 564 sapientiae
669 476 710 543 V,
726 478 776 542 17.
790 485 849 563 (gr.
863 477 1031 560 ψαλτήριον)
1045 477 1085 541 ad
1097 499 1190 542 omne
1206 476 1411 542 instrumenti
1424 477 1538 542 musici
1549 497 1652 562 genus
1665 499 1775 543 accom-

319 570 441 636 modari
451 594 460 646 ς
472 568 583 634 deinde
588 569 685 653 juata
696 568 784 652 vulpi
796 567 982 650 pracsertim
994 586 1169 632 4444444444
1180 567 1224 632 cd
1236 579 1364 645 certum,
1377 567 1428 632 cui
1438 567 1528 650 follae
1538 566 1736 646 adhibemur,
1751 564 1776 630 a

319 653 1776 832 04184444444446444444444444444444Ἧέἰζῗεῗῗὲωὲ

319 769 437 902 7(4444444
448 835 485 900 de
497 834 639 900 novitate
652 766 853 919 Oiiilganorum
869 791 1058 916 Hospinicin.
1070 832 1136 897 Lib.
1150 834 1181 896 2.
1194 833 1231 897 dc
1242 789 1365 917 templis
1373 788 1443 916 cap.
1454 833 1506 896 23.
1517 834 1540 898 4
1547 793 1632 917 part.
1644 795 1660 896 4
1673 765 1775 898 illibi.

320 947 455 992 4444444.
469 924 520 990 lib.
534 925 564 988 3.
577 944 602 988 c.
616 920 912 988 31444444444444
926 922 1105 988 4444444444
1118 923 1152 986 44
1163 921 1327 1008 84414444.
1342 921 1463 988 Hister.
1476 921 1577 986 coclea.
1585 942 1620 1006 p.
1635 923 1710 986 537.
1728 922 1777 984 du·

320 1014 509 1080 bitationem
522 1034 614 1078 auam
626 1011 664 1075 de
676 1031 786 1076 eorum
798 1009 991 1093 antiquitate
1003 1009 1181 1093 profitetur.
1194 1009 1344 1089 84444444,
1358 1031 1451 1074 usum
1463 1010 1588 1074 nullum
1600 1011 1635 1074 in
1647 1009 1779 1093 Templis

321 1097 1315 1256 ¹³²2³tt¹t⁰lt¹¹ltttttlta{ttttttttttttmt
1328 1097 1572 1254 lttttl‘tt
1584 1098 1779 1254 t'lttt

323 1195 472 1347 444444
492 1300 518 1344 0.
546 1211 617 1342 44Β
623 1278 674 1342 17.
686 1275 768 1364 ura
782 1209 910 1361 credor.
924 1276 962 1340 a
982 1235 1305 1362 4444444444.
1314 1235 1374 1343 br.
1390 1287 1451 1342 arr.
1466 1277 1496 1339 2.
1520 1234 1778 1360 prtnaqaa

322 1369 416 1455 paulo
440 1367 613 1454 antiquiori
636 1369 748 1430 eontra
771 1364 829 1430 hos
852 1364 1042 1428 obnituntur
1063 1365 1131 1430 444.
1144 1365 1323 1449 Stephanus
1338 1367 1508 1434 Dammae
1521 1364 1559 1430 de
1571 1364 1666 1432 Rata.
1680 1366 1779 1430 Eorta.

322 1461 377 1526 too.
389 1459 437 1524 cit.
463 1459 486 1523 4
505 1477 578 1521 cum
590 1477 627 1520 44
642 1456 772 1520 chrez
783 1475 820 1517 ac
833 1454 980 1519 44444444
993 1452 1044 1518 lib.
1059 1454 1089 1518 2.
1102 1454 1140 1518 dc
1153 1454 1318 1520 4144444444
1330 1473 1397 1538 cap.
1413 1455 1466 1518 40.
1480 1455 1535 1518 loc.
1548 1454 1597 1518 cit.
1612 1454 1781 1540 allegantes

321 1549 504 1614 Duronlcm
527 1546 562 1610 44
585 1543 745 1611 dictionali
767 1542 819 1608 444.
844 1542 875 1605 4.
899 1561 966 1625 444.
981 1541 1033 1604 34.
1046 1541 1101 1627 qui
1113 1546 1302 1608 coaetaneus
1314 1541 1469 1608 Thomae.
1481 1541 1544 1607 Sed
1557 1541 1781 1626 Respondetur,

141 1669 148 1684 ·
223 1715 226 1720 Ι
321 1642 467 1722 tempore
491 1632 635 1698 Thomas
661 1630 842 1718 Aquinatis,
868 1631 891 1694 4
913 1629 998 1694 fo'rte
1018 1634 1103 1706 ante,
1116 1653 1210 1696 usum
1222 1631 1363 1716 aliquem
1376 1632 1547 1696 eorundem
1559 1630 1677 1709 fuisse;
1693 1630 1781 1696 sedin

322 1725 449 1810 Regum
472 1727 529 1788 aut
551 1720 743 1806 Magnetum
766 1717 909 1796 Sacellis,
922 1723 979 1782 aut
994 1719 1186 1804 quibusdam
1199 1718 1353 1803 Templis,
1365 1720 1622 1798 cathedralibus;
1635 1718 1782 1806 quomodo

321 1815 344 1880 4
369 1811 556 1879 comoediae
580 1809 699 1874 alicubi
722 1809 755 1872 in
779 1806 924 1890 Templis
937 1806 1110 1884 exhibitae,
1124 1808 1251 1894 aliaque
1266 1808 1360 1873 istius
1373 1807 1496 1890 farinae
1510 1809 1674 1873 mundana
1685 1829 1784 1874 excre-

321 1906 447 1968 menta:
461 1921 524 1964 non
537 1903 645 1964 tamen
657 1898 691 1962 in
703 1895 856 1962 1144144444
868 1917 1078 1972 communem,
1091 1897 1209 1960 nedum
1229 1896 1439 1962 ecclesiastice
1448 1899 1471 1963 4
1479 1897 1693 1962 communiter
1700 1918 1784 1980 prac-

322 1991 477 2076 scriptum
501 1991 558 2053 aut
573 1990 750 2070 receptum:
768 1983 860 2060 Quod
871 2006 932 2048 non
947 1983 1079 2048 obscure
1095 1984 1216 2050 fatetur
1230 1988 1377 2052 Mutunus
1388 2007 1414 2051 c.
1430 1986 1484 2049 40.
1501 1987 1524 2051 4
1537 1985 1619 2050 satis
1630 1985 1786 2070 colligitur

323 2103 361 2146 ex
385 2081 555 2162 Eutracup.
572 2075 713 2144 444444.
729 2071 834 2138 XXII.
847 2073 940 2138 modo
956 2073 1004 2137 cit.
1014 2097 1026 2150 ;
1038 2071 1174 2157 Insuper
1186 2075 1209 2140 4
1221 2077 1412 2160 argumento
1426 2076 1485 2153 444,
1497 2074 1583 2158 quod
1596 2096 1704 2139 coram
1720 2073 1784 2138 Rc-

322 2191 417 2234 mano
440 2166 594 2232 Pontifice
618 2163 763 2229 Ecclesia
786 2183 950 2247 nunquam
974 2164 1085 2225 utatur
1097 2161 1247 2247 (testibus
1262 2163 1417 2247 cajetano,
1431 2164 1588 2236 Navarra
1606 2163 1746 2246 Molcmo)
1757 2162 1788 2226 ia

324 2259 464 2344 siquam,
476 2253 583 2340 inquit
595 2252 752 2329 Molanus,
765 2251 850 2336 quod
861 2271 971 2316 corum
987 2269 1065 2316 4444
1080 2251 1116 2314 ia
1131 2251 1266 2318 44444444
1278 2252 1318 2317 cit
1334 2271 1445 2330 nouas,
1457 2264 1513 2318 aut
1524 2253 1636 2318 4444444
1648 2271 1716 2316 raon
1726 2271 1788 2314 om·

322 2348 401 2414 4444
423 2345 587 2431 antiquus.
602 2340 642 2407 In
654 2339 798 2406 Ecclesia
809 2338 993 2405 Cathedrali
1006 2337 1172 2404 Leodiensi
1188 2361 1289 2425 usque
1302 2339 1342 2404 ad
1354 2340 1585 2416 annum,1585.
1601 2344 1681 2425 (quo
1693 2339 1787 2406 Mola-

323 2435 514 2502 accedebat
530 2434 631 2498 Truct.
648 2431 685 2495 dc
703 2428 881 2510 6444444444)
893 2427 1083 2492 alternatim
1098 2427 1165 2492 sive
1177 2428 1218 2492 ab
1231 2433 1366 2514 utroque
1380 2431 1480 2493 144444
1491 2428 1615 2493 habent
1627 2427 1790 2504 Musicani,

324 2524 446 2609 absque
459 2522 578 2588 usitato
590 2519 709 2604 passim
725 2516 927 2602 Organorum
940 2539 1009 2580 usu.
1023 2514 1266 2582 Ε44441444444
1280 2518 1366 2603 quod
1376 2518 1417 2582 ab
1430 2517 1636 2602 antiquitatis
1648 2515 1790 2603 Organa·

325 2635 396 2678 rum
419 2608 642 2676 Assertoribus
665 2606 795 2672 obtendi
819 2605 914 2669 solet:
929 2602 1086 2688 Tempore
1098 2603 1256 2670 Vitaliani
1268 2605 1376 2689 Papae
1392 2606 1564 2670 4444606.
1577 2627 1792 2670 usumeorurn

323 2701 357 2765 in
369 2699 514 2765 Ecclesia
528 2697 681 2780 coepisse,
694 2697 718 2763 4
729 2698 801 2778 4444
813 2715 933 2758 annum
945 2693 1020 2756 820.
1033 2697 1176 2776 tempore
1187 2692 1338 2759 Ludorioi
1350 2694 1442 2781 [pag.
1456 2694 1538 2779 558]
1552 2693 1614 2771 Pii,
1624 2695 1717 2780 14444.
1728 2715 1793 2758 eme

325 2811 429 2854 meras
451 2787 657 2871 conjecturas,
682 2783 730 2848 uti
752 2781 852 2847 disces
875 2804 915 2846 ex
937 2780 1082 2845 Molano:
1110 2782 1232 2866 Opiaor
1244 2793 1359 2860 autem,
1375 2783 1491 2869 inquit,
1506 2783 1795 2850 christianissimos

325 2878 488 2962 Piiacr'pcc
501 2873 718 2962 (Ludovicum,
731 2874 754 2938 4
766 2869 872 2955 Reges
885 2868 1023 2953 Galliae)
1038 2871 1169 2957 044444
1180 2883 1272 2936 anuo
1284 2872 1374 2954 oport
1385 2893 1435 2937 coe
1449 2871 1794 2958 incircumcisam

324 2967 502 3052 gratiarum
513 2963 648 3030 44444444
661 2963 726 3028 Deo
738 2959 953 3038 reddiderunt,
966 2979 1040 3024 rnna
1051 2959 1094 3024 od
1116 2961 1308 3025 44444εὲ44444
1320 2961 1414 3049 officii
1424 2981 1533 3038 acam,
1545 2963 1687 3046 carcmpto
1697 2961 1796 3028 Sano-

325 3067 431 3122 444444
444 3049 734 3139 Ρ444444414444444
747 3048 814 3112 soil.
826 3050 850 3115 4
862 3048 1049 3126 Salomonis,
1066 3051 1102 3111 ut
1113 3069 1186 3112 mox
1199 3048 1338 3131 explicat
1349 3070 1422 3114 cum
1434 3052 1458 3116 4
1469 3071 1508 3114 er
1519 3051 1682 3132 numme)
1690 3062 1796 3116 tram·

327 3145 444 3210 tulisse.
467 3140 593 3206 Videtis
615 3161 700 3204 nunc
722 3137 882 3221 insignem
905 3136 1206 3200 demonstrationem
1229 3136 1444 3222 antiquitatis,
1468 3139 1491 3204 4
1514 3137 1743 3204 catholicismi.
1769 3138 1798 3202 A

327 3230 535 3298 Constantino
558 3227 768 3312 Gopronymo‚
791 3225 863 3290 ride
885 3225 920 3288 in
942 3226 1059 3291 44444.
1074 3224 1222 3308 Batonis)
1243 3225 1347 3308 prima
1360 3225 1647 3292 instrumentorum
1659 3228 1798 3312 origoin

326 3321 506 3398 Occidente,
531 3321 627 3402 atque
652 3314 730 3380 adeo
746 3314 867 3378 occasio
883 3335 959 3378 usus
973 3313 1194 3390 ecclesiastice
1219 3317 1238 3377 4
1251 3312 1395 3400 Regibus
1410 3319 1485 3380 verb
1498 3313 1624 3380 Galliae
1635 3335 1710 3381 sero
1723 3335 1799 3382 usus

326 3431 436 3476 eorum
456 3407 504 3488 (in
518 3405 603 3470 Aula
613 3426 723 3469 eorum
735 3402 837 3481 oredo,
854 3405 965 3486 444444
976 3402 1011 3465 44
1023 3402 1126 3466 441444
1139 3403 1162 3467 4
1174 3402 1300 3486 privato
1311 3401 1436 3468 Sacello
1448 3406 1472 3470 4
1487 3404 1533 3469 sic
1545 3404 1711 3487 deinceps)
1726 3425 1799 3489 pro·

326 3497 480 3564 manarit.
499 3493 588 3560 Haec
600 3492 668 3558 scil.
682 3490 836 3556 autoritas
848 3493 872 3557 4
883 3487 1002 3568 ε’παξία
1018 3494 1223 3570 statutorum,
1236 3493 1259 3557 4
1274 3491 1379 3556 cultus
1394 3491 1611 3558 ecclesiastici.
1639 3491 1689 3557 De
1704 3491 1799 3556 Vita·

326 3589 413 3654 liano
437 3584 566 3651 Plotina
588 3582 649 3646 hoc
671 3578 771 3644 refert
793 3581 846 3664 (ex
870 3579 1066 3665 quohabent
1079 3581 1224 3664 Baptista
1238 3581 1445 3656 Mantuanus,
1462 3581 1802 3667 &Balcaasedquae

326 3677 404 3741 fides
418 3675 485 3758 ejus
497 3669 674 3735 narrationi
688 3667 845 3744 habenda,
862 3671 940 3751 puto
952 3671 1096 3732 constare
1109 3691 1148 3732 ex
1160 3667 1253 3733 modo
1265 3663 1376 3734 dictis':
1389 3669 1453 3734 nisi
1463 3669 1546 3734 forte
1559 3671 1714 3735 concedat
1726 3669 1801 3754 quis

328 3787 400 3918 {tl
413 3755 1617 3931 tttttltttattlttttltmblllttltltltlltltllt
1629 3757 1804 3912 iiiiii?

328 3941 499 4006 exclamet:
518 3938 616 4004 Uocem
628 3956 692 4000 4444
702 3894 972 4018 uutiqaiisimam.
994 3933 1094 3999 Tertio
1106 3938 1236 3998 cantum
1249 3935 1390 3998 vocalem
1401 3935 1577 4020 figuratum
1589 3957 1646 4000 seu
1654 3869 1806 4002 14444444-

328 4029 392 4093 lem
414 4029 541 4092 demum
553 4024 693 4107 coepisse
706 4020 824 4086 alicubi
836 4022 868 4085 in
882 4021 1051 4087 Occidente
1063 4021 1147 4086 circa
1158 4044 1277 4087 anuum
1290 4023 1365 4088 735.
1373 4023 1523 4088 44444444
1533 4025 1664 4090 namra
1673 4025 1806 4110 Isagop.

328 4128 410 4196 part.
423 4115 454 4182 4.
466 4114 518 4179 lib.
531 4113 562 4177 4.
574 4134 599 4177 c.
614 4114 666 4176 22.
681 4111 725 4174 Et
736 4113 821 4174 certe
834 4112 958 4194 privata
971 4113 1067 4195 atque
1079 4109 1198 4170 ἄτακτα
1210 4110 1309 4174 fuisse
1322 4133 1409 4190 ausa,
1423 4133 1486 4175 non
1499 4134 1703 4178 communem
1715 4113 1808 4193 τάξιν

330 4201 586 4281 ecclesiasticam,
609 4204 754 4265 constare
765 4198 904 4264 arbitror
914 4222 953 4264 ex
964 4200 1135 4282 Eatraouq.
1148 4199 1217 4265 tote.
1231 4200 1284 4262 22.
1300 4197 1479 4266 asinaeo
1500 4200 1669 4280 Virtutum,
1681 4201 1710 4265 ds
1722 4203 1808 4268 Dio-

329 4313 400 4378 444.
427 4289 571 4356 0444444.
596 4311 692 4371 44444
707 4288 774 4351 cit:
787 4286 827 4349 ad
838 4310 920 4373 qnae
932 4287 1014 4351 nihil
1026 4287 1215 4370 respondere
1228 4291 1334 4372 potest
1346 4286 1495 4354 Molanus
1506 4289 1545 4354 de
1558 4289 1734 4356 6444444444
1748 4291 1810 4358 lib.

331 4382 362 4444 2.
383 4403 409 4444 o.
423 4379 476 4442 39.
493 4397 605 4460 quam:
619 4376 678 4440 Sed
689 4377 782 4458 siper
793 4375 981 4456 discoctum,
997 4375 1028 4442 c·
1039 4377 1225 4460 fractionem
1236 4376 1331 4455 44444,
1342 4377 1537 4462 intelligatur
1547 4391 1669 4458 444444,
1686 4378 1724 4446 a
1738 4401 1811 4445 mo-

1675 4469 1812 4534 amaria
