3712 4850
287 303 405 371 Tarm.
429 303 472 371 ΙΙ.
496 306 544 370 Dr
571 305 705 382 Porsen,
731 305 802 369 Pon.
818 328 863 400 ‘ar
887 305 998 370 Canon.
1023 304 1148 369 Ecetra,
1174 307 1244 371 (lae.
1269 305 1321 370 V:
1478 306 1538 370 185

94 492 182 556 velint
195 492 337 558 hodierni
351 491 498 556 nonnulli
511 491 726 576 Separatistae
740 494 909 579 (quomodo
923 496 996 556 ante
1010 514 1066 557 eos
1075 497 1185 557 contra
1197 494 1403 557 autoritatem
1410 492 1548 580 Presby-

94 582 158 646 terii
180 581 353 666 disputarit
371 583 511 647 Morelles
524 582 556 646 in
570 581 706 667 Gallia),
724 585 834 667 utique
849 586 965 660 errant,
982 584 1005 647 dr
1024 582 1166 667 regimen
1180 582 1342 647 Ecclesiae
1353 587 1550 667 pervertunt,

92 670 115 733 si
127 693 185 734 non
196 671 330 736 tollunt:
344 671 393 734 uti
406 675 568 735 ostensum
581 675 630 734 est
642 671 672 735 in
687 669 812 756 Scripta
825 672 942 756 gallico
951 671 1078 735 nomine
1088 671 1302 736 Ecclesiamm
1312 673 1550 737 contradictum

6 763 7 768 ’
92 759 230 824 ldorelles
253 765 328 824 ante
348 760 409 824 hac
430 761 514 824 edito
537 765 646 824 autore
662 761 736 825 Aac.
753 763 880 827 Zadcclc
895 762 946 824 tit.
962 763 1189 913 Cougrrnuciou
1205 762 1242 826 dc
1255 763 1285 838 ip
1298 763 1461 845 discipline
1472 762 1551 838 a·e.,·

6 901 7 922 ,
92 873 142 912 uec
157 872 215 912 non
227 849 267 912 ab
283 849 508 935 Antagonistis
520 847 800 933 Separatistarum,
822 874 900 934 quos
914 851 1010 934 vulgo
1054 851 1223 914 rownistas
1236 853 1258 917 lo
1271 850 1480 916 Barrowistas
1496 874 1549 916 vo·
1580 869 1595 890 “

6 935 7 990 f
91 939 205 1002 cabant.
235 940 267 1002 3.
294 941 451 1024 rl'cpumus
476 961 602 1003 ornnem
626 938 822 1004 Potestatem
846 940 1023 1024 acqualiter
1046 945 1224 1024 competere
1246 937 1399 1022 Synedrio
1421 942 1587 1026 ejusque.

6 1103 7 1114 ἶ
91 1027 242 1102 membris,
259 1031 281 1094 d
300 1027 423 1112 Populo
440 1028 506 1092 sive
522 1028 688 1112 capitatim
701 1028 767 1094 sire
780 1029 938 1094 collectim
949 1029 1155 1093 considerato.
1181 1031 1441 1118 <la-Appianorum,
1455 1030 1550 1095 Pote-

6 1133 7 1140 ’
90 1121 196 1181 statem
211 1117 470 1182 Ecclesiasticam
484 1117 629 1182 universe
643 1139 679 1181 ac
692 1119 851 1183 collectim
864 1122 1024 1202 sumptam
1037 1141 1105 1182 esse
1118 1119 1228 1182 intuto
1238 1141 1366 1203 corpore
1375 1119 1548 1198 Ecclesiae,
1627 1169 1632 1180 .

6 1213 7 1274 f
89 1207 164 1290 quod
183 1211 308 1271 constat
325 1230 362 1270 ex
379 1205 533 1290 Synedrio
546 1209 568 1272 tr
583 1207 723 1290 Populo;
741 1212 893 1290 tanquam
906 1208 939 1271 in
953 1208 1095 1291 subjecto
1108 1209 1235 1292 proprio
1249 1211 1271 1274 u
1285 1209 1480 1292 adaequat03
1494 1233 1551 1274 neo

6 1315 8 1346 r
22 1313 31 1334 ·
89 1297 214 1365 derivari
232 1301 393 1380 incorpore
407 1295 521 1380 Populi
534 1295 566 1359 in
579 1293 849 1379 Syned1·ium,nec
863 1298 929 1360 vice
938 1319 1042 1360 versa:
1053 1320 1115 1361 non
1124 1299 1228 1383 magis
1239 1321 1334 1382 quam
1343 1299 1452 1362 (reulus
1461 1321 1551 1363 meus

6 1379 8 1400 ⁸
89 1386 191 1450 dexter
202 1386 290 1450 visus
303 1385 367 1449 mei
380 1386 554 1469 proprium,
569 1385 719 1470 primurn,
733 1386 964 1465 immediatum,
977 1389 999 1452 dr
1013 1387 1192 1470 proximum
1205 1388 1381 1471 subjectum
1392 1393 1450 1465 est,
1464 1411 1550 1452 eum·

6 1499 8 1560 ss
89 1497 143 1556 que
162 1475 284 1539 derivat
305 1475 339 1536 in
359 1475 485 1540 oculum
506 1497 612 1539 meum
624 1475 806 1552 sinistruur3
820 1480 874 1540 aut
887 1476 955 1540 vice
967 1498 1067 1540 versa.
1093 1477 1123 1540 5.
1150 1479 1307 1561 rl'cperuus
1319 1481 1426 1540 tamen
1440 1478 1547 1542 eodem

6 1583 8 1630 ᾳ
90 1564 173 1628 modo
188 1569 244 1628 aut
256 1564 435 1650 aeqrraliter
447 1586 573 1628 omnem
585 1563 782 1629 Potestatem
799 1565 956 1630 collectim
966 1568 988 1630 tr
997 1565 1122 1648 integre
1132 1567 1373 1644 consideratam,
1388 1571 1444 1630 aut
1453 1567 1549 1630 etiam

90 1657 187 1734 partes
208 1654 361 1738 quasdam
375 1653 548 1718 Potestatis
561 1655 694 1718 seorsim
706 1655 918 1718 consideratas
934 1677 1002 1718 esse
1014 1655 1048 1717 in
1062 1653 1217 1738 Synedrio
1230 1658 1252 1720 a
1264 1655 1296 1718 in
1311 1654 1442 1739 Populo.
1468 1654 1550 1720 Tota

6 1777 7 1780 ¹
91 1739 224 1807 Potestas
243 1743 309 1806 sive
326 1743 483 1808 collectim
498 1743 563 1807 sive
576 1743 772 1807 distributim
786 1745 958 1808 secundnm
970 1747 1078 1826 partes
1091 1745 1288 1808 considerata
1305 1748 1352 1808 est
1368 1745 1401 1808 in
1415 1750 1549 1828 utroque

90 1833 257 1916 aequaliter
282 1835 436 1914 tanquam
457 1833 489 1895 in
509 1833 651 1916 subjecto
673 1832 909 1908 inlraerentiae;
930 1833 984 1897 sed
997 1837 1046 1896 est
1058 1834 1091 1896 in
1103 1831 1256 1917 Synedrio
1273 1834 1373 1897 aut'in
1390 1833 1549 1898 Ministris

90 1922 164 2002 quod
176 1922 214 1984 ad
228 1926 337 2006 partes
349 1921 502 2004 quasdam
517 1925 558 2007 (e.
572 1943 620 2007 gr.
634 1921 827 1985 ordinariam
840 1922 1088 1986 antecessionem
1101 1923 1133 1985 in
1142 1922 1239 1986 verbo
1248 1926 1270 1988 dc
1280 1927 1550 1988 sacramentorum

90 2010 402 2093 administrationem)
421 2012 471 2075 dc.
493 2011 576 2094 quod
589 2011 629 2074 ad
642 2011 858 2076 executionem
872 2035 926 2076 seu
941 2011 1137 2086 exercitium,
1152 2016 1306 2095 tanquam
1323 2012 1356 2076 in
1368 2013 1509 2096 subjecto
1526 2014 1550 2077 lc

90 2099 234 2184 principio
245 2122 326 2183 qno:
342 2092 435 2163 sicuti
449 2099 536 2164 visus
549 2101 725 2183 adaequare
738 2101 831 2164 estin
844 2105 911 2164 toto
924 2101 1114 2184 composito:
1129 2102 1182 2164 sed
1191 2102 1356 2165 tantumin
1365 2102 1455 2167 oculo
1465 2103 1548 2185 quod

90 2189 122 2262 ad
146 2189 330 2253 exercitium
354 2201 432 2273 (non
454 2190 544 2274 [prag.
566 2191 646 2274 221]
667 2190 701 2253 in
721 2191 810 2273 pede,
826 2195 881 2254 aut
892 2191 1014 2273 manui,
1032 2195 1185 2274 tanquam
1197 2191 1374 2274 subjecto&
1392 2191 1547 2276 principio

6 2359 7 2366 ἵ
90 2299 151 2360 ipra
170 2277 306 2342 Rursum
320 2278 468 2364 singulae
482 2283 588 2362 partes
601 2279 784 2356 Potestatis,
798 2303 879 2363 quae
893 2281 915 2343 lc
929 2279 1050 2362 Populo
1063 2283 1083 2346 a
1094 2279 1441 2364 Synedriotribmmtur
1451 2282 1547 2345 etiam

88 2367 162 2448 quod
184 2369 223 2430 ad
239 2367 430 2432 exercitium
446 2371 468 2433 c
485 2368 714 2448 executionem,
728 2369 821 2432 aliter
837 2373 912 2433 sunt
924 2369 957 2432 in
970 2369 1092 2452 Populo
1107 2369 1200 2432 aliter
1212 2370 1245 2432 in
1259 2369 1430 2452 Synedrio:
1444 2370 1477 2434 in
1491 2371 1546 2434 illo

88 2477 136 2536 per
146 2457 273 2520 modurn
285 2457 457 2536 libertatis,
471 2459 494 2522 dc
508 2457 681 2522 Potestatis
692 2459 855 2542 sequendi,
869 2458 1080 2541 approbandi:
1094 2460 1126 2522 iu
1140 2458 1201 2522 isto
1214 2481 1270 2542 per
1283 2460 1411 2522 modum
1425 2459 1546 2524 autori-

88 2545 165 2624 tatis,
182 2545 241 2610 hoc
262 2551 311 2610 est
328 2546 443 2629 prioris
454 2570 510 2610 sen
523 2546 737 2612 antecedentis
754 2549 776 2611 lc
793 2547 963 2611 directivae
980 2547 1164 2612 Potestatis.
1189 2548 1278 2612 Haut
1291 2548 1384 2612 aliter
1398 2572 1433 2612 ac
1450 2549 1547 2613 Mari·

88 2647 132 2698 tus
145 2638 167 2700 d*
183 2634 273 2699 Uxor
286 2636 468 2720 guirernant
480 2635 609 2700 Liberos
622 2659 695 2701 suos
708 2638 731 2700 a
744 2637 826 2700 bona
839 2659 907 2714 sira,
920 2636 967 2700 ita
982 2640 1018 2700 ut
1029 2647 1133 2706 κτῆσις
1145 2639 1166 2702 lc
1180 2647 1285 2716 χρῆσις
1298 2660 1406 2701 eorum
1419 2639 1546 2724 utrique

86 2725 287 2788 communiter
299 2729 478 2808 c-ornpctat;
495 2747 567 2789 curn
581 2726 641 2789 heic
654 2729 761 2790 tamen
774 2725 976 2790 distinctione
989 2727 1072 2811 quod
1085 2750 1156 2790 cum
1170 2731 1394 2811 corriperentur
1408 2725 1544 2790 Maritus

87 2817 105 2876 t
126 2811 209 2878 [xor
224 2814 308 2878 inter
324 2837 369 2889 se,
382 2815 541 2897 prioritas,
556 2815 720 2894 autoritas,
733 2815 756 2878 a
772 2815 924 2879 directius
940 2814 1085 2879 Potestas¹
1101 2816 1149 2879 illi
1162 2821 1331 2900 competat,
1344 2839 1420 2902 prae
1433 2816 1509 2898 istim
1524 2817 1546 2880 t
1621 2805 1634 2824 ⁸

6 2905 8 2956 ἓ
86 2907 308 2988 consequenter
321 2903 360 2967 ab
375 2903 430 2967 illo
443 2904 601 2988 perprius
614 2905 672 2988 (ita
685 2905 772 2988 loqui
785 2905 893 2986 liceat)
907 2905 949 2969 sit
962 2905 1147 2969 exercitium
1161 2904 1335 2970 Potestatis
1348 2907 1370 2970 dc
1383 2906 1525 2990 regimen
1538 2928 1544 2980 ;

6 2995 7 3052 i
87 2991 121 3054 ab
142 2993 201 3056 ista
219 3015 294 3056 non.
319 2993 426 3076 Atque
438 2993 490 3056 his
502 2993 759 3058 distinctionibus
776 2993 929 3058 adhibitis
943 2999 1093 3077 putamus
1106 2995 1353 3059 controversiam
1366 2995 1448 3058 hanc
1460 3017 1545 3058 com-

6 3091 8 3096 “
86 3081 258 3145 auidissimo
273 3083 445 3145 sccumlmn
458 3081 638 3166 Scripturas
652 3086 674 3148 a
687 3084 910 3148 convenienter
922 3088 1094 3167 perpetuae
1107 3108 1142 3148 ac
1156 3085 1318 3148 stabilitae
1331 3084 1422 3167 praxi
1435 3084 1545 3148 Eccle-

86 3169 194 3235 sinrum
208 3175 395 3235 nostrarum
406 3172 611 3236 determinari
623 3196 726 3256 posse,
740 3177 762 3238 rt
776 3173 870 3237 simul
884 3172 1113 3256 objectionibus
1128 3173 1313 3250 l’ontiliciis,
1328 3173 1545 3238 &llierarclri-

85 3259 132 3334 cis,
144 3259 368 3345 illigarchicis,
382 3259 610 3326 (lchlocraticis
623 3263 815 3346 responderi.
834 3261 1003 3326 Voluimus
1012 3263 1193 3345 junioribus
1206 3263 1263 3326 lros
1276 3267 1444 3346 correeptus
1455 3285 1546 3348 prae-

86 3347 223 3426 formare,
242 3353 279 3412 ut
294 3355 385 3413 tanto
403 3351 589 3433 expeditius,
608 3375 688 3436 quae
703 3373 813 3436 sparsa
825 3356 899 3415 sunt
911 3352 942 3415 iu
963 3353 1098 3416 lior-sitii
1110 3353 1546 3436 1)0p›ia‹»·‹epacri;Purra-0

85 3439 116 3500 de
128 3441 239 3504 Politid
253 3440 462 3504 Ecclesia-reieci
473 3463 483 3516 ;
496 3441 518 3503 lx
531 3439 563 3502 in
578 3442 746 3525 (lucioliido
760 3442 909 3526 Sopirrpic
922 3454 1030 3505 cortou
1046 3443 1200 3518 Grolirun,
1210 3443 1329 3525 Scriplo
1340 3443 1546 3508 ecclesiarum

86 3529 273 3593 Gallicarum
290 3541 397 3593 currere
413 3531 562 3607 ,llorellca
577 3532 693 3614 I’cpeli,
707 3532 833 3608 Aoresii,
851 3523 1546 3617 BlaciorsorrisaliorumqueScriplis,duplicis

86 3619 189 3698 partim
219 3631 330 3682 mirera
349 3620 541 3683 Brorrnistus
569 3620 599 3684 a·
613 3620 849 3697 Oclrlocrruium,
863 3621 980 3704 partim
993 3643 1051 3704 pro
1067 3621 1180 3686 Porum
1192 3622 1416 3707 prex—tyrcano,
1431 3621 1545 3705 dijudi-

85 3727 162 3774 care:
190 3707 353 3792 imprimis
377 3707 473 3771 etiam
503 3707 667 3791 politiae&
685 3707 777 3772 Praxi
793 3709 1006 3773 Ecclesiarum
1019 3714 1210 3787 nostrarum,
1224 3715 1335 3792 aptaro
1348 3715 1476 3794 quemrt.

87 3795 145 3858 lu.
157 3799 286 3880 eracsl.
300 3796 351 3859 An
364 3795 507 3861 Potestas
516 3796 746 3875 Ministrorunr,
760 3804 815 3862 aut
824 3798 1018 3883 Presbyterii
1027 3799 1154 3882 propria
1163 3823 1197 3862 ac
1205 3799 1384 3882 peculiaris,
1395 3801 1436 3863 sit
1442 3800 1545 3882 primi)

85 3885 98 3948 l
155 3887 296 3950 mediate
311 3885 342 3948 in
355 3886 474 3970 populo
487 3909 541 3952 seu
557 3886 716 3964 Ecclesia3
731 3891 753 3953 rb
769 3889 840 3952 inde
854 3889 1014 3951 derivetur
1027 3889 1059 3951 in
1079 3887 1252 3966 Ministros,
1267 3913 1302 3952 ac
1315 3879 1493 3952 lirrrn'aliter
1507 3889 1545 3952 iis

85 3995 97 4034 c
154 3983 259 4040 aratur
271 3997 328 4059 per
341 3976 526 4040 electionem
541 3976 712 4054 Ecclesiae,
726 3983 789 4060 eiua
802 3977 923 4042 Titium
937 3983 993 4041 aut
1004 3977 1163 4041 Maenium
1174 3977 1266 4062 eligit
1276 3981 1297 4043 t:
1307 3977 1472 4041 coustituit
1481 3977 1544 4041 Mi-

85 4084 98 4123 n
150 4088 207 4130 um
222 4070 280 4130 aut
296 4063 460 4129 Serriorern
473 4088 479 4128 :
493 4065 587 4130 itaut
600 4067 735 4150 populns
749 4067 791 4130 sit
805 4068 982 4142 univocum,
998 4067 1172 4150 proprium,
1186 4067 1392 4131 intrinsecum
1406 4067 1544 4150 &proxi-

84 4173 98 4214 n
150 4179 158 4218 r
171 4154 473 4219 communicationis
487 4155 695 4238 principium:
710 4157 792 4220 unde
807 4156 950 4220 Potestas
964 4156 1019 4219 illa
1033 4155 1252 4220 ministerialis
1265 4157 1298 4218 in
1309 4155 1478 4220 existentia
1489 4180 1544 4220 seu

86 4239 91 4250 ’
146 4249 199 4312 tu.
215 4245 250 4307 in
263 4245 412 4318 essentia,
426 4244 457 4306 in
474 4267 568 4326 opere
581 4267 635 4308 seu
650 4245 798 4309 exercitio
812 4252 966 4330 perpetuo
983 4245 1166 4328 dependeat.
1193 4247 1283 4329 liesp.
1302 4248 1372 4328 dep.
1386 4245 1446 4308 Est
1459 4246 1544 4309 cuim

152 4335 193 4398 tio
206 4357 263 4398 seu
278 4333 393 4396 electio
405 4333 486 4396 nilril
499 4334 585 4397 aliud
598 4357 694 4417 cluam
712 4336 884 4418 applicatio
900 4335 1037 4398 muneris
1055 4335 1093 4397 ad
1107 4334 1187 4399 hauc
1203 4334 1250 4398 iel
1263 4335 1353 4400 illam
1363 4357 1542 4422 personam:

146 4427 349 4506 “sequenter
370 4423 557 4487 antecedens
582 4447 638 4487 scu
655 4449 749 4488 causa
767 4425 834 4490 sine
849 4449 911 4510 cpia
925 4447 998 4503 uon,
1013 4427 1068 4488 aut
1082 4425 1195 4489 saltem
1209 4428 1332 4492 remota
1344 4423 1436 4488 istius
1451 4422 1543 4486 Pote-

1437 4513 1542 4592 statie,
