3752 4858
248 315 360 383 talea.
374 311 416 383 II.
441 311 528 384 Saos.
541 310 598 384 lV.
612 307 660 383 Da
673 315 791 384 Conana
804 309 975 384 Donmrclr
988 316 1277 384 Anarursraamona.
1302 319 1374 387 Car.
1386 319 1428 392 H.
1511 321 1573 392 211

86 523 235 568 necesse
259 501 293 566 in
317 505 497 588 prolatione
525 504 657 583 formae,
685 517 720 571 ut
750 525 848 571 sortus
868 506 1033 572 vetorum
1057 506 1190 592 attinpat
1216 505 1351 572 hostiam
1378 506 1468 592 [pag.
1495 507 1576 594 745]

85 593 139 658 vet
159 591 307 657 aulicum.
331 590 384 660 Sic
403 593 531 660 Zwarez
545 593 636 680 Disp.
658 593 712 660 45.
731 599 806 664 sect.
829 593 874 660 Et
896 617 968 659 cam
986 617 1024 659 eo
1045 595 1261 662 Gueantusad
1273 596 1411 662 Missatis
1424 597 1578 664 Rubricas

87 681 253 748 General.
270 682 315 746 tit.
331 684 369 748 dc
380 683 545 768 defectibus
558 685 586 769 ἓ.
600 685 631 751 5.
643 684 681 750 de
692 683 806 770 Desect.
819 684 947 768 formal.
960 682 1043 749 Sunt
1054 685 1138 748 enim
1151 685 1247 749 verba
1262 685 1329 766 illa,
1345 686 1411 750 Hoc
1421 686 1506 753 euim
1523 699 1579 764 cst,

86 770 156 850 aa,
173 772 203 836 81
217 769 347 853 quidem
360 773 439 854 sola,
451 773 528 858 ipsis
540 773 638 839 verba
650 795 766 838 arcana
778 795 833 837 seu
845 773 990 857 mystica,
1002 773 1200 859 theourgica,
1214 775 1454 855 consecratoria,
1467 798 1578 840 crean-

85 859 150 939 tia,
165 880 260 942 quae
272 882 367 944 super
377 884 461 946 pane
472 865 496 930 tt
507 863 581 927 vino
593 863 720 927 recitari
732 863 859 926 volunt:
873 884 912 926 ne
929 861 995 926 scil.
1009 860 1151 946 Populus
1164 862 1323 928 exaudiat.
1337 861 1508 928 Rationem
1521 865 1579 930 ad·

87 947 159 1012 fert
185 945 395 1015 Innocentius
415 949 485 1016 Lib.
502 953 532 1017 3.
549 952 587 1016 (16
599 974 688 1016 sacro
704 951 814 1015 altaris
830 949 984 1036 Mystorio
997 973 1063 1034 cap.
1080 952 1110 1016 1.
1124 973 1164 1016 nc
1186 964 1386 1018 sacrosancta
1398 953 1491 1019 verba
1503 955 1578 1020 rite-

86 1047 234 1103 sccrent.
249 1035 349 1102 Addit
365 1040 500 1106 Thomas
512 1063 565 1128 qn.
575 1043 627 1105 83.
637 1052 697 1106 art.
708 1040 790 1104 hanc
799 1040 963 1106 rationem.
978 1041 1059 1123 Quia
1068 1037 1420 1108 oblatiohconsecratio
1429 1043 1580 1109 adsolum

86 1125 305 1192 sacerdotem
316 1129 465 1211 pertinet.
482 1128 550 1196 Nos
563 1132 672 1194 contra
685 1129 817 1193 dicimus
829 1129 975 1212 exemplo
991 1129 1110 1194 Christi
1123 1129 1261 1194 Coenam
1274 1130 1470 1196 instituentis
1484 1132 1580 1197 verba

86 1217 132 1281 ad
145 1213 320 1298 Populum
331 1239 387 1282 scu
400 1217 677 1283 Communicantes
690 1240 758 1283 esse
771 1217 916 1282 dicenda:
930 1218 1049 1302 quippe
1061 1218 1276 1298 instructoris,
1289 1220 1579 1298 &commonitoria3

86 1327 161 1370 non
182 1305 385 1388 operatoria:
406 1307 469 1372 nisi
489 1312 646 1392 quatenus
667 1329 760 1371 omne
776 1307 908 1371 verbum
927 1305 990 1370 Dei
1002 1307 1200 1391 propositum
1213 1307 1282 1392 agit
1293 1311 1447 1392 tanquam
1460 1309 1579 1373 instru-

87 1395 253 1460 mentum
272 1396 391 1460 morale
408 1397 448 1460 ad
463 1396 537 1461 fidei
548 1395 826 1480 implantationem
837 1396 861 1460 6
873 1399 1091 1480 augmentum,
1104 1396 1138 1460 in
1153 1396 1204 1477 iis,
1217 1397 1273 1481 qui
1284 1397 1418 1462 verbum
1430 1397 1577 1462 salutari-

86 1489 144 1548 ter
167 1481 321 1548 audiunt.
338 1483 458 1549 Christi
477 1487 656 1570 exemplum
679 1489 787 1549 secuta
807 1484 870 1548 fuit
888 1484 1021 1568 antiqua
1038 1484 1192 1564 Ecclesia,
1213 1507 1294 1569 quae
1314 1485 1411 1550 verba
1431 1487 1580 1551 audiente

86 1569 231 1658 Populo
248 1571 419 1649 recitabat3
438 1577 473 1638 at
484 1573 626 1658 Populus
639 1574 679 1637 ad
691 1596 727 1638 ea
739 1573 943 1656 responderet
954 1572 1072 1638 Arnus:
1098 1575 1234 1639 testibus
1246 1575 1409 1641 Ambrosio
1424 1577 1462 1641 sic
1475 1576 1514 1640 iis
1525 1575 1581 1662 qni

87 1659 294 1728 Mirristeriis
312 1663 482 1728 initiantur
500 1684 567 1748 cap.
581 1664 610 1728 9.
623 1665 722 1728 Lcorn
733 1663 832 1728 Seras.
845 1662 875 1726 6.
888 1663 926 1726 de
937 1661 1061 1747 dejuuio
1076 1663 1104 1728 7.
1120 1665 1244 1742 rncnsis,
1258 1665 1581 1748 &pseudo-Clemens

86 1753 255 1837 ipsorum
273 1750 339 1816 tit.
355 1751 386 1815 8.
402 1753 561 1818 Curastitnt.
581 1773 649 1836 cap.
669 1753 721 1815 20.
735 1749 825 1815 Adde
838 1752 860 1816 11
872 1751 1047 1816 lastiniani
1060 1749 1185 1817 Novell.
1201 1753 1276 1816 123.
1290 1755 1342 1838 (ex
1355 1754 1429 1818 edit.
1444 1754 1581 1820 &inter-

86 1845 185 1924 pret.
206 1835 385 1903 Haloandri
405 1841 480 1905 edit.
501 1840 600 1906 Basil.
620 1841 653 1904 in
670 1839 725 1904 fol.
739 1840 823 1923 apud
834 1839 1033 1925 Hervagium
1046 1863 1129 1905 anno
1143 1840 1238 1904 1541.
1252 1839 1307 1906 fol.
1323 1843 1517 1908 1311611116
1532 1863 1582 1928 gr.

87 1925 396 2011 &fold325dextus
408 1929 479 2012 lat.)
492 1929 655 2004 Keheo'apcer
666 1930 782 1996 πάντας
795 1927 970 1998 ἐπισκόπους
979 1949 1012 1987 τε
1023 1935 1070 1994 καὶ
1081 1927 1298 2004 πρεσβυτέρους
1309 1929 1352 2006 μὴ
1366 1929 1446 1990 κατὰ
1456 1929 1491 1990 τὲ
1500 1951 1582 1991 σεσι-

88 2017 259 2094 anapaestos,
293 2013 373 2075 ἀλλὰ
395 2016 475 2092 μετὰ
499 2025 591 2097 φωνῆς
603 2023 646 2093 τῷ
663 2017 838 2094 πιστοτάτῳ
855 2014 1065 2094 ἐξακουομένης
1077 2015 1131 2087 τὴν
1142 2021 1227 2076 θείαν
1240 2015 1452 2094 spernendis,
1467 2019 1514 2079 uui
1529 2019 1582 2090 rhu

89 2105 142 2165 ἐπὶ
158 2114 209 2184 τῷ
220 2107 298 2180 ἁγίῳ
309 2101 507 2180 βαπτίσματι
519 2105 686 2184 προσευχὴν
697 2109 855 2176 ποιεῖσθαι,
874 2107 925 2184 hc,
945 2105 977 2169 id
998 2109 1055 2184 est,
1075 2106 1249 2189 interprete
1269 2105 1469 2172 Helcandro:
1489 2107 1583 2174 luhe-

90 2218 176 2262 mus
199 2207 238 2261 ut
257 2213 364 2260 omues
379 2195 525 2279 Episcopi
536 2194 656 2278 pariter
671 2193 702 2259 li'
716 2193 903 2279 Presbyteri,
919 2195 1268 2274 mutuaenutuae
1282 2197 1583 2282 aurencaqaaea

87 2286 191 2374 fideli
209 2284 330 2370 populo
350 2283 540 2348 exaudiatur
557 2302 680 2347 sanem
696 2282 892 2362 oblationem,
905 2281 936 2348 e·
948 2305 1052 2368 preces
1064 2285 1098 2348 iu
1110 2296 1216 2349 saracto
1230 2285 1414 2368 baptismate
1424 2285 1582 2350 adhibitas

91 2374 270 2448 celebrent,
291 2393 352 2458 quo
371 2373 487 2456 rrrajori
505 2372 616 2436 dando
631 2373 788 2438 devotione
804 2373 838 2436 in
849 2373 1069 2455 depromendis
1082 2374 1215 2438 Domini
1226 2373 1374 2440 tostdihus
1386 2375 1583 2440 audientium

90 2464 223 2542 animi,
237 2462 288 2528 tac.
301 2460 344 2525 Et
356 2461 522 2526 adducitur
537 2460 612 2525 ibid.
627 2465 733 2526 textus
748 2463 763 2524 1
779 2460 849 2526 661.
864 2461 915 2526 14.
932 2463 960 2526 6.
978 2461 1156 2542 Enimuero,
1173 2464 1201 2528 si
1212 2464 1409 2528 soltnnusodo
1423 2464 1584 2529 benedicas

93 2553 239 2638 spiritu,
251 2551 405 2637 quornodo
417 2552 454 2630 is,
468 2551 524 2637 qui
538 2550 654 2633 priuati
665 2552 768 2616 haurn
780 2551 896 2634 implet,
909 2550 985 2615 dicct
997 2551 1040 2615 ad
1050 2551 1228 2635 pretiorum
1240 2553 1392 2618 actionem
1405 2565 1494 2619 tuarn
1510 2552 1584 2631 Deo,

94 2645 218 2728 ipsum
236 2639 346 2705 Arnen,
359 2637 503 2722 Apponit
514 2639 588 2703 ibid.
603 2639 880 2703 comminationem
895 2639 1043 2703 horrendi
1052 2639 1164 2724 judicii
1175 2640 1284 2720 divini,
1301 2643 1324 2706 81
1336 2663 1411 2707 suae
1425 2641 1582 2705 vindictae

94 2733 170 2796 ista
183 2728 426 2814 negligentibus
439 2728 692 2810 exspectandam.
706 2727 826 2792 Eadem
840 2728 935 2792 verba
947 2751 985 2792 ex
998 2725 1174 2792 Haloandri
1187 2728 1395 2794 translatione
1407 2731 1453 2794 ita
1462 2729 1583 2793 haben·

92 2825 158 2884 tur
174 2819 209 2882 in
222 2817 299 2882 edit.
315 2814 465 2900 Corporis
477 2815 498 2880 J
501 2816 566 2880 uris
578 2817 611 2879 in
625 2816 653 2880 8.
672 2815 773 2880 Paris.
790 2817 884 2879 1518.
898 2818 982 2900 apud
996 2815 1144 2882 Carolum
1158 2815 1312 2882 Cuillard.
1330 2817 1385 2882 fol.
1399 2818 1473 2881 254.
1493 2815 1583 2893 Quod

94 2909 158 2974 hio
171 2929 300 2984 moneo,
314 2905 389 2992 quia
401 2906 433 2969 iu
447 2905 547 2969 veteri
560 2905 766 2969 translatione
779 2904 880 2968 latina
893 2908 1003 2991 (quam
1015 2905 1114 2971 Basil.
1125 2906 1221 2970 editio
1234 2906 1267 2969 in
1278 2905 1335 2970 fot.
1348 2928 1430 2970 anno
1445 2906 1555 2992 1541.)
1567 2907 1583 2970 6

94 2997 243 3083 regione
254 3016 354 3059 novae
366 3017 405 3058 ex
416 3016 531 3079 graeco
543 2994 646 3058 codice
660 2992 835 3058 Haloandri
849 2995 889 3057 ab
901 2995 971 3078 ipso
983 3016 1151 3079 expressae
1164 2994 1303 3072 exhibet,
1316 2995 1379 3058 ista
1390 2996 1413 3060 6
1425 2995 1489 3058 alia
1498 3017 1584 3059 com-

97 3085 219 3171 pluria
240 3083 357 3148 ommsa
376 3087 461 3147 sunt.
482 3081 570 3158 Quae
586 3085 691 3147 autem
714 3085 737 3150 61
752 3083 857 3167 qualis
877 3083 919 3146 sit
935 3083 1068 3167 antiqua
1087 3083 1266 3162 translatio,
1284 3088 1348 3166 qua
1363 3081 1492 3147 barbari
1505 3081 1582 3148 ICC.

95 3182 185 3240 ante
203 3175 332 3237 renatas
349 3171 457 3236 literas
473 3171 522 3236 usi
538 3175 623 3251 sunt,
636 3171 777 3236 indicant
791 3171 1007 3256 Praelationcs
1024 3173 1226 3258 Typopruphi
1239 3172 1468 3252 Basilianis&
1487 3173 1583 3237 Hoto-

95 3263 219 3330 arutri.
234 3260 330 3346 Apud
342 3259 478 3326 Graecos
487 3259 584 3324 etiam
596 3260 688 3325 hodie
702 3262 725 3327 tt
740 3261 802 3325 ista
815 3262 838 3327 lt
850 3260 956 3324 omnia
967 3261 1064 3324 verba
1079 3261 1145 3325 sive
1161 3261 1376 3341 instructoria,
1393 3261 1459 3326 sive
1472 3282 1582 3344 preca·

97 3353 207 3431 toria,
227 3349 293 3414 sire
312 3348 532 3428 eucharistica,
552 3350 638 3414 clara
655 3372 728 3414 voce
749 3349 1006 3433 pronuntiantur,
1027 3353 1062 3413 at
1078 3350 1214 3433 populus
1226 3350 1328 3434 possit
1339 3349 1454 3428 dicere,
1467 3347 1582 3413 Amen.

96 3439 291 3507 cardinalis
309 3437 490 3504 Bessariom
507 3439 660 3512 ὃσεοὰτυς
676 3436 827 3504 6616666
838 3437 982 3502 Ecclesia
994 3439 1034 3502 ad
1046 3437 1224 3504 Romanam
1236 3439 1270 3502 in
1283 3437 1391 3504 Tract.
1404 3439 1441 3503 de
1454 3436 1583 3503 Eucha-

97 3529 224 3596 ristiae
244 3531 441 3592 sacramento
458 3527 527 3612 (qui
547 3526 651 3591 editus
668 3523 718 3592 est
734 3550 806 3591 cunr
825 3526 980 3612 Litargiis
1000 3526 1253 3611 &scriptoribus
1275 3527 1433 3612 liturgicis
1454 3527 1586 3599 latinia

98 3616 261 3684 Morellio
274 3638 356 3680 anno
371 3614 465 3680 1560.
479 3615 573 3680 editis
585 3615 618 3678 in
630 3615 700 3699 fal.)
713 3637 786 3700 pag.
801 3615 876 3680 184.
889 3616 1051 3681 Sacerdote
1062 3617 1145 3680 enisu
1157 3615 1250 3681 verta
1262 3617 1316 3682 itta
1327 3617 1392 3680 attat
1404 3627 1586 3695 vocautvos

102 3707 228 3774 Gracci
247 3705 360 3785 soletis,
380 3705 617 3789 pronuntiante,
638 3706 786 3769 assistens
806 3704 951 3790 Populus
971 3705 1007 3769 in
1022 3707 1156 3791 'retroque
1170 3717 1260 3790 parte
1280 3705 1454 3789 respondet,
1466 3704 1586 3770 Antea:

100 3799 208 3884 [pag.
231 3793 312 3879 146]
332 3794 424 3880 quasi
443 3793 524 3858 dicat
540 3797 609 3858 cere
626 3793 672 3859 ita
690 3806 743 3872 cst,
761 3805 797 3859 ut
814 3805 848 3860 tn
861 3795 947 3875 dicis,
960 3794 1011 3859 hc.
1025 3796 1063 3860 Et
1074 3795 1239 3880 quorrrodo,
1252 3815 1366 3879 quaeso
1379 3805 1415 3875 tc,
1428 3813 1495 3858 raon
1510 3803 1585 3858 essct

100 3899 208 3970 turpe
216 3881 398 3967 praendere
410 3903 459 3948 cos
471 3883 528 3969 qui
539 3882 687 3948 doctiores
699 3883 807 3948 haberi
817 3885 935 3961 volunt,
947 3903 983 3948 eu
996 3883 1151 3969 ipuorurc,
1164 3903 1245 3970 qrtac
1255 3884 1428 3949 saecralarcs
1440 3881 1585 3948 6616616-

99 3995 191 4042 rum
207 3973 373 4037 literarum
385 3972 501 4056 iprensi,
513 3971 730 4056 respondendo
742 3973 850 4050 Arnen,
864 3972 1030 4056 manifeste
1044 3993 1076 4037 se
1087 3973 1167 4036 scire
1178 3973 1367 4058 sipnificunt.
1385 3970 1469 4054 Quid
1480 3991 1586 4036 uouue

100 4063 264 4131 assianus
279 4061 436 4126 Sacerdoti
448 4061 620 4138 Diaconos,
633 4062 720 4146 ciqetc
731 4063 928 4141 rreircisnuns,
941 4061 1020 4126 dum
1033 4061 1181 4126 Saecrdos
1193 4061 1260 4127 altri
1271 4081 1340 4125 cecc
1352 4061 1458 4146 (iuxta
1472 4061 1585 4126 Oricu-

104 4153 190 4220 tolis
208 4150 360 4216 anesin
376 4151 487 4231 ritum)
506 4149 599 4214 verba
615 4151 669 4215 itta
679 4151 879 4235 pronuntiat,
892 4150 952 4214 hoo
965 4152 1012 4212 est
1024 4171 1137 4232 corpus
1150 4171 1267 4229 meum,
1281 4149 1304 4214 ta
1320 4147 1382 4214 Hic
1394 4152 1442 4213 est
1454 4148 1585 4234 sangine

102 4263 218 4320 meus,
239 4240 290 4305 sc.
308 4236 476 4303 Caeterum
491 4261 555 4302 non
570 4242 696 4304 tantam
712 4239 769 4303 illa
785 4239 891 4316 verba,
904 4260 985 4321 qaae
997 4237 1156 4302 Pontificii
1170 4243 1282 4302 vocant
1294 4237 1532 4317 consecratoria,
1546 4237 1586 4301 ad

105 4327 396 4407 consecrationem,
418 4349 456 4392 ex
476 4350 570 4392 sensa
590 4327 793 4407 Graecorum,
810 4327 978 4412 pertinere,
996 4330 1168 4390 constater
1184 4325 1366 4392 Hieremiae
1379 4325 1585 4391 Patriarchae

106 4415 465 4500 Constantinopolitani
477 4417 618 4481 Censura
630 4417 670 4480 ed
683 4416 958 4501 Wittebergenses
970 4437 1038 4500 cap.
1057 4415 1107 4479 16.
1119 4417 1273 4502 quioruuc
1281 4415 1337 4482 hoc
1345 4416 1464 4503 perficit
1475 4411 1587 4480 deon·

1446 4511 1586 4570 8111116161
