3722 4850
313 297 431 369 Tarm.
443 297 492 369 ΙΙ.Ι
510 297 558 368 Du
571 299 705 380 Patara,
718 297 897 381 Bannolcr,
909 296 1061 367 Doxocoo.
1075 295 1168 366 Ecca.
1192 296 1262 367 Otr.
1276 293 1335 367 lll.
1525 297 1573 368 ‘79

111 489 309 575 lllzqgnatum,
327 489 513 554 aulicorum
529 489 581 554 hic
597 490 667 554 fieri
682 488 855 564 consuevit,
873 489 1003 575 (quibus
1019 489 1228 554 selectissima
1240 491 1263 555 tr
1276 489 1439 554 rarissima
1452 488 1575 556 Musica

110 580 266 662 inservit),
283 579 316 644 id
336 583 438 644 lotum
459 583 508 643 est
523 580 626 644 oleum
640 580 763 644 camino
776 577 905 643 addere:
923 583 959 641 ut
971 577 1117 642 homines
1129 579 1316 663 plerumque
1329 579 1426 658 carni,
1439 581 1575 645 vanitati

111 670 132 733 tr
148 668 344 752 quotidianis
364 668 485 732 deliciis
507 668 621 748 devoti,
640 672 805 753 praetexto
821 668 925 731 cultus
939 667 1038 731 divini
1051 667 1163 746 securi,
1181 668 1213 731 in
1226 669 1329 732 medio
1342 669 1490 749 sacrario,
1503 671 1575 734 red·

109 758 224 821 dantur
236 757 340 843 magis
352 758 437 832 vani,
451 757 547 836 leves,
560 758 583 822 ta
596 758 749 822 carnales.
767 756 906 820 Provoco
918 756 958 820 ad
971 755 1210 840 experientiam,
1224 757 1299 822 trad
1311 757 1489 840 epithetum
1502 758 1574 823 Mu-

110 847 191 910 sicae
209 846 462 910 instrumentalis
482 847 566 930 apud
578 848 726 912 Autorcm
739 846 915 932 Antiquam
928 845 987 908 sub
1000 845 1127 908 nomine
1138 846 1256 910 tustini
1269 847 1431 932 Martyris,
1449 849 1575 929 Qnuest.

113 934 243 998 rutubi
260 934 336 998 dicit
352 935 565 999 instrumenta
576 935 633 998 illa
646 958 714 999 esse
726 937 832 1004 mirre
842 932 979 1008 ἁρμόδια.
1001 935 1029 998 1.
1043 935 1264 1016 insipientibus
1277 936 1342 1020 (vel
1358 936 1479 1018 pueris)
1504 959 1575 1002 eon·

110 1025 265 1108 praetutia,
281 1023 414 1107 ideoque
430 1046 523 1088 usum
539 1024 669 1087 illorum
685 1047 724 1087 ex
740 1021 891 1087 Ecclesiis
908 1017 1082 1090 sublatum.
1094 1023 1137 1086 lli
1154 1045 1235 1106 quae
1247 1025 1406 1088 Artamicn.
1422 1027 1576 1091 Marcelli·

110 1133 171 1178 itus
193 1112 249 1177 tit
282 1112 334 1177 34.
358 1114 381 1178 tt
403 1114 541 1177 Clemens
562 1107 731 1178 Alexandr.
754 1133 850 1194 supra
866 1112 912 1175 eit.
930 1113 968 1175 de
983 1112 1118 1175 delicata
1138 1111 1160 1176 tr
1180 1112 1270 1176 molli
1291 1112 1575 1179 instrumentorum

111 1199 232 1266 Musica
248 1201 465 1284 pronuntiant.
480 1200 689 1284 Reponantur
706 1201 855 1283 hisquae
871 1223 909 1262 ex
932 1201 1060 1278 Tacina,
1079 1202 1101 1266 a
1119 1201 1329 1265 Curthnsmno
1346 1225 1453 1285 supra,
1468 1207 1576 1270 &mox

110 1291 194 1354 infra
213 1313 252 1354 ex
267 1291 410 1357 Nmnrro
431 1293 454 1356 c
476 1293 620 1375 Cujctnno
633 1290 830 1354 exhibemus.
844 1286 906 1352 Sed
920 1291 1061 1354 Instant:
1075 1287 1215 1354 Infirmis
1227 1293 1346 1364 tamen,
1360 1293 1383 1356 tr
1395 1293 1576 1357 carnalibus

111 1377 168 1442 hirc
188 1379 313 1442 ratione
332 1379 511 1443 consultum
531 1379 594 1442 fuit
610 1379 644 1442 in
667 1377 747 1444 V.'I'.:
771 1400 842 1442 cum
862 1399 924 1440 non
942 1379 1048 1442 minus
1064 1401 1147 1442 nunc
1160 1379 1240 1442 tales
1253 1378 1466 1459 inveniantur,
1480 1404 1575 1465 quum

111 1468 195 1532 olim.
207 1466 260 1532 Sic
273 1469 413 1547 Znurez,
427 1467 449 1532 tt
463 1467 677 1531 Bellarminus
690 1468 749 1532 loc.
765 1467 818 1531 cit.
837 1466 1017 1545 titubanter,
1030 1467 1145 1550 inquit.
1158 1467 1378 1533 instrumentis
1389 1471 1576 1536 utleneitun·

111 1557 163 1621 dos
179 1558 306 1622 artimus
325 1557 470 1645 infirmos
490 1558 532 1621 nd
551 1557 660 1622 lunrles
676 1557 745 1634 Dei,
765 1554 796 1620 a
812 1556 949 1620 taedium
967 1557 1193 1621 remismundum
1208 1555 1264 1622 m.
1280 1559 1366 1638 Qimc
1380 1561 1462 1624 rntio
1475 1561 1587 1641 locuni,

111 1645 197 1710 tolet
213 1647 306 1710 ctiam
326 1647 361 1710 in
383 1647 420 1714 Ν.
447 1648 499 1710 Τ..·
515 1666 580 1709 non
593 1647 679 1710 enim
690 1647 804 1710 desunt
816 1645 851 1708 in
864 1646 997 1709 Ecclesirt
1013 1645 1106 1710 inulti
1121 1646 1244 1732 infirmi
1259 1643 1407 1718 drudes,
1420 1650 1477 1735 qni
1491 1652 1575 1733 ejas-

112 1735 195 1799 modi
210 1735 357 1820 [omentis
373 1735 519 1813 curandi,
539 1732 595 1799 aa
613 1737 702 1818 llesp.
719 1733 781 1798 Sed
794 1733 962 1816 dupliciter
974 1738 1084 1817 peccat
1094 1733 1174 1798 haec
1187 1736 1341 1818 exceptio.
1358 1737 1477 1812 Primo,
1492 1740 1576 1821 quod

111 1822 193 1887 dicat
203 1823 339 1887 infirmis
352 1821 467 1887 invm.
481 1825 661 1906 comparate
675 1823 721 1886 sic
732 1822 824 1886 dictis
837 1822 876 1886 ad
889 1823 1093 1905 perfectiores
1103 1822 1194 1908 [pag.
1205 1823 1286 1908 579]
1296 1825 1425 1905 ibidem,
1435 1827 1575 1891 destina·

112 1915 176 1975 tum
199 1911 299 1976 fuisse
316 1912 376 1976 hoc
395 1911 582 1976 remedium.
599 1911 700 1996 Atqui
713 1910 908 1975 contrarium
921 1933 1029 1975 rerum
1044 1916 1101 1976 est:
1116 1911 1276 1995 perfectis,
1289 1912 1409 1978 Levitis
1423 1915 1502 1995 scil,
1515 1914 1574 1980 Sa·

111 2001 299 2078 cerdotibus,
319 2001 416 2064 immo
426 2002 449 2066 a
461 1999 642 2084 Prophetis,
659 2003 695 2064 ut
707 1999 834 2079 Davidi,
846 1999 985 2063 maxime
998 1999 1060 2064 fuit
1072 2001 1279 2084 appropriata
1291 2002 1370 2066 haec
1381 2004 1511 2069 musica:
1526 2005 1575 2068 illi

112 2089 141 2152 in
161 2089 298 2173 Templo
316 2089 398 2153 hanc
418 2089 617 2168 exercebant,
635 2087 684 2152 illi
704 2089 890 2174 audiebant3
910 2088 959 2151 illi
971 2088 1156 2169 intererant,
1169 2089 1217 2153 uti
1229 2113 1313 2155 nunc
1325 2091 1440 2156 Clerici
1452 2093 1575 2158 faciunt

111 2178 240 2242 chorum
250 2177 499 2262 frequentantes:
509 2177 643 2261 plebei&
652 2178 794 2242 rudiores
807 2199 896 2254 raro;
911 2177 972 2240 nisi
986 2177 1018 2241 in
1031 2179 1157 2262 magnis
1169 2178 1272 2244 festis.
1294 2179 1376 2244 Etsi
1389 2181 1574 2247 infirmiori-

113 2265 167 2330 bus
181 2269 214 2331 in
223 2266 457 2350 lsraelproprie
469 2267 529 2330 hoc
538 2271 690 2350 tanquam
703 2266 897 2330 ordinarium
912 2267 1096 2330 excitandae
1109 2268 1283 2332 devotionis
1293 2271 1467 2335 remedium
1477 2273 1574 2336 desti-

112 2361 215 2419 nasset
235 2355 334 2434 Deus,
358 2357 468 2439 utique
486 2356 519 2418 in
542 2353 723 2440 Synagogis
736 2356 853 2438 quique
867 2355 932 2418 suis
944 2355 1024 2418 illud
1037 2355 1232 2420 hatiuissent.
1250 2357 1401 2439 Secundo,
1414 2361 1498 2444 quod
1511 2365 1573 2424 tor·

111 2465 208 2526 quens
221 2450 278 2509 aut
290 2443 433 2509 refutans
446 2444 637 2508 sententiam
650 2443 793 2508 Thomas
805 2445 843 2507 de
856 2445 973 2527 populo
986 2444 1115 2522 carnali,
1129 2467 1294 2529 perperam
1308 2449 1462 2531 populum
1479 2448 1521 2514 N.
1535 2449 1572 2514 Τ.

111 2534 178 2616 pari
194 2535 318 2598 ratione
334 2533 506 2610 infirmum,
523 2533 755 2616 imperfectum,
772 2532 968 2598 &carnalem
985 2532 1092 2597 faciat.
1110 2533 1178 2598 Hoc
1194 2536 1278 2599 enirn
1295 2534 1444 2612 scaettas„
1456 2561 1574 2625 repug-

111 2627 165 2686 nat
183 2621 387 2706 Scripturae;
407 2644 489 2706 quae
509 2627 638 2706 propter
658 2621 815 2686 diversam
835 2621 970 2685 foederis
990 2621 1257 2706 dispensationem
1281 2626 1333 2710 (de
1347 2648 1407 2711 quo
1422 2627 1492 2691 side
1505 2630 1573 2694 Loc.

111 2712 259 2776 currinadc
270 2711 457 2778 Foetleritus
473 2709 504 2776 tr
520 2710 733 2792 Testamentis)
746 2713 928 2794 comparate
941 2709 1117 2775 Ecclesiam
1126 2709 1208 2776 N.T.·
1218 2713 1363 2778 universd
1372 2715 1574 2792 sicsumtam,

13 2843 14 2882 3
112 2804 201 2864 vocat
220 2800 374 2884 populum
393 2799 592 2884 spiritualem
613 2799 799 2883 perfectum,
818 2801 880 2877 tac,
897 2799 974 2863 adeo
993 2804 1029 2862 ut
1048 2801 1146 2864 etiam
1166 2800 1316 2867 minimus
1333 2804 1366 2866 in
1387 2802 1500 2888 Regno
1513 2805 1574 2870 Dei

13 2895 14 2944 ἶ
111 2889 210 2972 major
222 2888 265 2952 sit
276 2887 351 2952 Joh.
365 2887 513 2972 Baptista
526 2888 635 2953 Mutth.
652 2889 701 2952 ll.
717 2889 766 2952 ll.
782 2887 899 2953 Confer
911 2889 984 2953 Luc.
1001 2888 1050 2953 10.
1064 2890 1116 2951 23.
1131 2889 1182 2953 24.
1207 2891 1319 2956 lodan.
1333 2893 1363 2954 2.
1377 2893 1430 2956 23.
1455 2895 1484 2958 2.
1504 2897 1573 2960 Cor.

111 2976 329 3041 3.10.11.17.
343 2977 395 3042 18.
405 2979 473 3043 Get.
484 2979 513 3040 3.
525 2977 576 3042 24.
586 2977 853 3042 25262412.
863 2976 1030 3041 scirem
1040 2977 1573 3066 7.18.ls.-12.[t.13.]omocti-

13 3061 15 3134 ᾗ
112 3085 208 3149 qrtum
221 3065 395 3130 utilitatem
405 3065 641 3149 particularem,
650 3069 706 3129 aut
717 3087 774 3148 per
782 3066 937 3143 accidens,
946 3068 965 3128 a
973 3063 1095 3129 Musicd
1104 3064 1164 3130 hirc
1172 3069 1426 3152 exspectandam,
1436 3072 1575 3155 quoties·

13 3159 14 3162 ’
110 3175 231 3238 cunque
244 3155 277 3217 in
291 3154 430 3238 peritum
443 3153 642 3232 Auditorem,
663 3159 719 3218 aut
738 3157 883 3232 ζηλὼτην,
899 3157 955 3217 aut
968 3153 1001 3216 in
1013 3153 1155 3218 animum
1160 3155 1227 3237 jam
1236 3179 1293 3240 per
1301 3157 1499 3223 devotionem
1509 3161 1574 3224 dis-

13 3247 14 3330 }
110 3245 247 3324 positum
262 3242 417 3307 inciderit:
432 3242 492 3308 hoc
503 3247 610 3307 tamen
627 3243 782 3306 utiletam
791 3235 970 3320 pauxillum
979 3245 1038 3323 est,
1047 3247 1084 3306 ut
1092 3243 1243 3308 damnum
1253 3267 1419 3330 emergens
1428 3254 1574 3313 metuen-

13 3333 15 3398 ἶ
110 3331 196 3410 dum,
213 3333 308 3416 louge
327 3333 430 3415 majus
451 3332 506 3396 sit:
525 3332 548 3396 d
565 3335 793 3415 cousequenter
808 3326 870 3390 huc
893 3331 1053 3414 applicare
1065 3332 1188 3415 possint
1200 3332 1359 3399 Pontificii
1370 3336 1450 3400 illud
1464 3337 1518 3404 Pii
1530 3339 1572 3403 ΙΙ.

13 3457 14 3484 t
109 3421 146 3484 dc
167 3422 320 3506 Cortjnpio
341 3421 548 3487 Clericornm:
564 3419 677 3484 Fuisse
697 3420 774 3483 olim
794 3419 943 3498 rationes,
964 3442 1019 3483 cur
1037 3420 1180 3485 Ecclesia
1196 3423 1397 3506 prohiberet;
1418 3427 1471 3490 sed
1491 3450 1575 3491 nunc

13 3501 14 3576 l
109 3511 245 3594 majores
262 3533 331 3574 esse
344 3532 399 3574 cur
411 3510 540 3574 deberet
552 3509 746 3593 permittere.
761 3506 852 3571 Vidit
864 3507 923 3572 hoc
936 3508 1192 3575 satisNavarrus
1205 3512 1242 3575 de
1255 3510 1344 3576 Orat.
1361 3513 1493 3579 &Horis
1505 3538 1573 3599 cap.

13 3641 15 3702 l

13 3785 15 3826 l

110 3599 161 3662 17.
179 3598 369 3678 Harmonia,
390 3599 504 3682 inquit,
526 3619 720 3684 omanorum
739 3619 806 3662 non
826 3598 906 3660 tanti
924 3598 1067 3680 fucimrln
1083 3611 1135 3677 est,
1153 3603 1264 3684 quanti
1280 3623 1349 3666 rora
1363 3605 1476 3688 rurlpns
1489 3606 1572 3688 fucit,

107 3689 294 3752 existimans
306 3689 372 3754 Deo
384 3707 449 3753 nort
465 3688 603 3753 (lecenter
615 3688 727 3752 serviri
741 3687 796 3752 nti
807 3707 842 3750 cc
854 3706 920 3750 non
933 3699 1016 3751 sunt.
1032 3689 1114 3754 Nom
1127 3689 1192 3752 licet
1204 3690 1440 3774 aliquantutum.
1450 3695 1574 3776 prosint

108 3776 307 3861 imperfectis,
329 3776 360 3842 a·
379 3777 510 3842 indoctis
532 3777 730 3855 Christianis,
750 3775 912 3840 eneitundo
932 3776 1013 3860 (liert
1032 3797 1069 3840 en
1091 3778 1277 3864 loripinquo)
1300 3780 1343 3843 ud
1365 3781 1574 3848 demtionem:

121 3865 205 3930 lectis
225 3879 328 3931 temen
348 3865 379 3931 ll·
404 3867 439 3930 in
462 3865 703 3932 christianismo
719 3865 813 3930 solide*
824 3864 969 3947 srtnrlntis
981 3867 1187 3930 eomrmuritrr
1199 3879 1318 3946 nocem,
1331 3869 1499 3936 adimendo
1512 3872 1575 3936 illis

119 3957 295 4020 ntellcctum
315 3955 491 4033 amborum,
509 3957 563 4040 qui
580 3956 668 4039 loom?
686 3954 842 4042 efficacius
862 3953 1052 4017 demtionem
1067 3955 1219 4034 oscitaret,
1239 3955 1458 4042 {tndmtperet
1472 3959 1575 4036 Quam

113 4041 248 4107 tlararri
261 4045 453 4108 sententiam
467 4044 562 4107 tacite
574 4044 689 4127 probat
703 4045 850 4108 Molnnns
863 4041 913 4107 tit.
928 4043 960 4104 2.
972 4041 1009 4106 de
1022 4043 1140 4106 Canon.
1153 4064 1178 4107 e.
1192 4044 1245 4107 20.
1255 4044 1339 4108 Audi
1352 4047 1374 4110 tc
1389 4046 1573 4132 cajetanum

121 4153 139 4194 n
153 4133 208 4194 22.
223 4132 282 4207 Qu.
293 4133 346 4195 61.
359 4135 419 4196 art.
433 4133 463 4197 2.
477 4133 515 4196 Et
528 4133 593 4197 ticet
603 4153 660 4216 per
671 4152 703 4196 se
715 4132 867 4216 loquendo
887 4131 943 4195 hoc
954 4131 993 4196 sit
1005 4151 1114 4196 cerum
1127 4135 1203 4216 (non
1216 4133 1413 4200 admittenda
1424 4137 1491 4202 scil.
1508 4161 1577 4203 esse

118 4225 322 4286 nstrumenta
342 4221 376 4283 in
396 4221 507 4303 sacris)
519 4232 616 4304 potest
629 4233 732 4286 minen
744 4241 800 4304 per·
814 4219 955 4284 accidens
968 4221 1094 4284 tolerari
1106 4219 1217 4305 (Nn.)
1230 4234 1354 4288 extensa
1363 4225 1432 4312 jum
1447 4247 1578 4292 consue-

121 4309 186 4374 ndo
207 4311 421 4392 Orpcrrornm,
441 4322 570 4394 propter
588 4310 724 4374 niarium
744 4309 969 4394 elonputioncm
990 4309 1155 4374 licerinum
1169 4312 1188 4375 d
1201 4311 1308 4376 (livino
1320 4316 1464 4394 cultram
1476 4317 1522 4380 uel
1534 4317 1578 4380 sie

117 4398 207 4463 illecti
227 4399 343 4463 diuinis
365 4400 517 4463 intersint.
541 4400 603 4481 Qui
620 4411 724 4463 tnriren
743 4399 918 4482 (linarium
933 4399 1405 4468 Eeclesidmedicinamnnimuc
1419 4406 1576 4469 circinatis

1512 4514 1576 4558 esse
