3752 4858
261 293 372 364 Tascr.
385 291 428 366 ll.
452 295 539 366 Secr.
554 289 614 366 IV.
642 298 690 366 Dr
703 293 821 368 donnas
833 296 1004 368 Dournrcns
1017 293 1304 368 dnmnrsrsnrmur.
1330 293 1401 369 Sne.
1416 297 1442 372 I.
1511 303 1576 370 205

159 484 214 550 12.
242 486 367 568 Qrmest.
380 486 433 552 An
445 488 518 552 vina
530 507 615 572 aqna
626 487 750 552 misceri
761 486 890 552 debeat?
902 488 992 571 Resp.
1005 487 1031 552 A
1034 491 1069 576 ff.
1083 486 1243 553 Pontificii
1255 489 1293 553 de
1308 489 1424 555 missae
1436 488 1580 556 celebra·-

109 573 214 652 tione‚
239 595 335 658 quam
359 597 475 640 coenae
489 576 735 665 substituerunt.
758 574 822 641 Sed
833 575 898 639 tale
909 574 992 640 nihil
1004 575 1103 641 habet
1119 575 1239 642 Christi
1251 576 1421 642 institutio.
1446 578 1578 660 Vinum,

109 684 177 745 quo
188 662 225 726 in
237 667 334 726 coenis
345 663 528 744 utebantur,
541 667 672 728 vocatur
683 662 800 740 rimas
813 662 959 744 ἀμπέλου,
971 664 1004 728 id
1016 667 1075 744 est,
1088 666 1238 750 genimen
1248 665 1325 730 ritis
1337 667 1411 733 Lac.
1424 667 1476 730 22.
1485 689 1514 732 υ.
1526 670 1579 734 18.

108 751 206 826 Quod
219 750 249 814 si
260 751 378 816 alicubi
388 753 512 817 nullum
520 753 630 818 vinum
638 753 691 832 sit,
700 757 826 836 praeter
834 754 912 819 adeo
921 773 1121 838 generosum,
1131 758 1168 818 ut
1176 754 1375 838 aliquantulo
1387 777 1488 840 aquae
1497 759 1579 822 tem·

107 839 220 922 perari
232 860 359 906 necesse
370 841 423 920 sit,
436 846 499 924 quo
510 841 682 906 salubriter
697 841 802 926 potari
816 842 928 926 possit,
939 841 1019 905 illud
1031 841 1070 905 ad
1083 864 1209 906 sacrum
1221 841 1433 910 eucharistiae
1446 846 1577 928 epulum

107 927 194 992 nihil
208 927 313 992 facere
324 928 495 1008 videretur,
512 929 568 994 ubi
583 929 691 994 fideles
703 952 767 995 non
779 931 818 995 ad
831 930 918 995 sitim
930 929 1191 1015 restinguendam
1203 932 1311 997 autad
1327 931 1510 998 satietatem
1526 935 1576 999 bi-

5 1045 6 1050 *
107 1016 204 1096 bunt,
217 1015 275 1082 sed
285 1018 454 1102 parvulam
468 1017 666 1082 solummodo
678 1019 901 1100 quantitatem.
925 1018 969 1084 Et
981 1018 1135 1102 quidquid
1147 1019 1185 1086 de
1196 1019 1271 1084 vino
1282 1021 1388 1085 usuali
1401 1023 1577 1088 communi·

107 1109 160 1169 ter
185 1111 272 1188 aqut
293 1109 470 1190 temperato
486 1111 578 1186 esset,
591 1106 675 1170 nihil
686 1110 793 1172 tamen
806 1106 866 1172 hoc
877 1107 997 1172 iaceret
1012 1107 1052 1171 ad
1064 1108 1412 1191 pseudo-mysterium:
1425 1110 1514 1194 cujus
1526 1133 1578 1176 so·

107 1193 175 1258 lius
198 1197 296 1258 causa
306 1194 417 1259 vinum
429 1195 659 1280 quodcumque,
673 1195 771 1260 etiam
783 1196 906 1274 villum,
920 1195 1018 1260 etiam
1030 1196 1235 1262 dardaniam
1244 1195 1386 1282 (clericis
1395 1197 1578 1264 Invenien-

106 1281 204 1346 sibus
224 1282 271 1346 ita
294 1282 424 1363 dictum,
438 1283 522 1366 quod
544 1283 617 1348 vino
644 1285 701 1350 Cos
723 1305 779 1350 sen
802 1284 983 1368 theologico
999 1284 1070 1349 istic
1085 1285 1203 1369 opponi
1218 1285 1312 1368 solet)
1326 1287 1580 1369 aqutamissifi·

105 1370 261 1436 cantibus
284 1374 456 1455 temperari
482 1370 629 1448 deberet3
658 1394 697 1436 ex
720 1373 826 1438 Edicto
842 1367 1014 1438 Alexandri
1024 1370 1051 1436 Ι.
1065 1373 1120 1456 qui
1132 1373 1213 1437 sedit
1225 1395 1309 1438 anno
1324 1375 1396 1439 120.
1411 1372 1494 1450 Quid
1506 1377 1579 1442 lari

108 1459 273 1524 Canopico
288 1458 444 1524 insertum
458 1481 483 1524 c.
499 1461 527 1524 1.
542 1461 582 1524 In
593 1472 816 1527 sacramentor.
829 1462 867 1527 de
877 1481 1010 1526 consecr.
1034 1461 1116 1526 Dist.
1129 1463 1159 1525 2.
1172 1461 1289 1526 Exstat
1300 1462 1380 1528 haec
1392 1465 1533 1548 Epistola
1544 1465 1578 1528 in

107 1548 231 1614 Isidori
248 1549 427 1613 illercatoris
442 1549 614 1634 sarrapine.
635 1548 697 1613 Sed
715 1571 786 1614 eam
805 1573 842 1615 ex
861 1550 978 1615 nostris
995 1549 1102 1616 David
1121 1551 1304 1616 Blonclellas
1319 1553 1355 1616 ia
1367 1572 1423 1619 sao
1436 1554 1577 1619 Pseudo-

108 1637 247 1714 isidoro,
260 1637 310 1702 dcc.
328 1659 356 1701 a.
372 1637 467 1700 1628.
482 1636 529 1702 ita
540 1637 733 1718 exsufflavit,
747 1643 783 1702 ut
793 1661 856 1703 non
872 1643 983 1722 putem
995 1659 1177 1723 quanquam
1189 1640 1239 1703 vel
1251 1661 1352 1724 grano
1361 1641 1474 1724 judicii
1485 1664 1577 1726 prae-

106 1725 218 1790 ditum
242 1723 487 1809 hypobolimaeo
510 1724 570 1790 hoc
590 1726 708 1810 scripto
724 1749 852 1791 eausam
866 1726 953 1799 ¹hanc
974 1726 1106 1811 posthac
1126 1731 1282 1792 acturum.
1294 1725 1405 1795 Franc.
1419 1728 1580 1816 Longusla

109 1814 284 1880 Coriolano
295 1811 498 1898 Capuchinus
508 1814 543 1878 in
558 1834 616 1880 sao
629 1816 791 1881 Breviorio
808 1814 898 1900 [pag.
913 1815 993 1900 738]
1006 1815 1182 1900 chronolop.
1196 1815 1389 1904 Pontificum
1400 1817 1431 1884 d·
1446 1818 1578 1887 Canali-

106 1923 209 1968 orstm
231 1923 315 1966 anno
336 1903 431 1966 1623.
453 1902 538 1967 edito
557 1903 782 1968 caerimoniam
799 1903 882 1968 hanc
903 1903 1061 1968 bOhristo
1075 1903 1212 1968 Domino
1224 1904 1316 1968 instit
1340 1907 1452 1970 tamin
1464 1908 1578 1972 ultima

107 1995 213 2056 coena
225 1989 340 2073 probat
352 2013 390 2055 ex
402 1991 546 2075 Lilarpia
557 1990 670 2070 iacobi,
682 1993 832 2058 Clemente
843 1991 908 2057 dib.
922 1991 953 2055 8.
963 1993 1089 2058 Constit.
1098 2014 1124 2058 c.
1137 1993 1187 2058 12.
1195 1990 1258 2056 Sed
1266 1992 1365 2058 notha
1372 1994 1451 2060 haec
1459 1997 1578 2080 scripta

107 2079 229 2164 quanti
241 2078 389 2161 ponderis
401 2079 476 2159 sint,
492 2081 641 2144 inostris
653 2080 777 2145 abunde
790 2084 953 2145 ostensum
965 2085 1022 2146 est.
1033 2079 1115 2146 Vide
1128 2083 1204 2148 Gan.
1217 2081 1270 2146 83.
1285 2082 1324 2147 In
1337 2083 1460 2150 calicem
1472 2087 1495 2151 llt
1506 2107 1531 2152 o.
1548 2086 1576 2151 l.

109 2169 153 2234 In
167 2177 449 2233 sucrarncntoram.
464 2190 490 2232 c.
505 2169 536 2234 2.
548 2169 598 2234 Sic
609 2169 875 2256 insanetificamlo
887 2191 913 2232 c.
926 2171 957 2232 4.
971 2171 1181 2256 Νοιιρρονιει.
1195 2193 1222 2235 c.
1235 2170 1265 2234 5.
1279 2171 1319 2236 la
1331 2174 1579 2254 armamentaria

107 2276 251 2321 conseer.
275 2256 356 2321 Dist.
381 2257 412 2320 2.
422 2255 505 2320 Vide
517 2257 705 2323 Darantasia
716 2257 782 2322 Lib.
797 2257 828 2322 4.
839 2259 954 2322 ration.
967 2259 1101 2342 capsae.
1117 2259 1184 2324 lob.
1196 2259 1301 2344 Stepb.
1313 2261 1500 2328 Ihtrantam
1512 2264 1577 2328 Lib.

109 2345 142 2408 2.
157 2365 229 2430 cap.
244 2343 297 2408 38.
309 2341 629 2428 Imprimisilnbricas
639 2347 776 2412 Missalis
784 2347 959 2430 reformati,
968 2347 1140 2412 autoritate
1147 2348 1261 2431 Papali
1267 2350 1468 2434 approbatas.
1476 2349 1579 2436 Super

108 2455 219 2518 aquae
240 2431 327 2497 illins
347 2433 461 2498 effectu
484 2455 546 2498 seu·
563 2455 717 2499 concursu
743 2435 782 2498 ad
804 2435 1178 2502 transubstantiationem
1191 2458 1231 2501 an
1244 2436 1437 2520 immediate,
1450 2462 1577 2506 ansero

107 2521 265 2599 mediate,
288 2543 329 2584 an
337 2524 450 2587 neutro
462 2522 555 2585 modo
568 2521 601 2585 in
614 2523 804 2607 sanguinem
815 2527 1050 2604 convertantur,
1060 2525 1239 2610 disceptant
1249 2527 1318 2592 Biel
1329 2528 1364 2592 in
1378 2529 1495 2613 Espos.
1507 2550 1578 2594 can.

23 2671 29 2684 ,
107 2611 232 2676 enisam
245 2611 308 2674 lect.
322 2609 375 2674 36.
391 2609 435 2674 Et
446 2609 625 2676 Scholastici
639 2612 683 2677 ad
700 2611 835 2679 Tbamae
846 2613 876 2676 3.
888 2633 943 2697 qa.
954 2613 1005 2676 74.
1014 2614 1101 2679 artic.
1111 2615 1143 2678 4.
1152 2611 1217 2680 Ubi
1226 2614 1383 2699 imprimis
1392 2615 1575 2682 conferendi

108 2721 151 2763 ex
182 2696 424 2763 Recentmribus
452 2700 592 2779 Zmarre,
622 2701 768 2786 Vesana,
779 2701 919 2786 Arispa;
935 2702 990 2784 qni
1006 2705 1185 2786 postremus
1196 2702 1288 2788 Disp.
1303 2705 1357 2769 30.
1370 2715 1439 2768 sect.
1451 2706 1483 2770 3.
1499 2706 1578 2770 satis

107 2786 282 2871 probabile
298 2808 366 2852 esse
381 2786 437 2866 ait,
458 2791 664 2872 praeceptum
683 2788 743 2854 hoc
764 2810 827 2853 non
843 2811 911 2854 esse
923 2790 1076 2870 divinum,
1089 2791 1144 2856 sed
1155 2790 1413 2870 ecclesiasticum,
1426 2791 1450 2857 lt
1461 2815 1577 2859 conse-
1670 2853 1673 2858 .

108 2879 251 2959 quanter
262 2896 354 2957 posse
367 2873 486 2958 aPapir
498 2876 531 2940 in
544 2898 580 2940 eo
593 2876 779 2961 dispensari.

160 2965 350 3054 132Qauest.
364 2964 416 3030 Aa
428 2963 484 3029 abi
498 2964 610 3030 vinam
622 2965 729 3031 baberi
740 2965 858 3052 aequit
869 2967 1047 3054 pctnsqais
1059 2967 1254 3034 innatantia
1265 2969 1577 3052 vinoprocimiana-

108 3055 214 3136 lopas,
238 3051 385 3118 mcbstitai
404 3054 524 3137 possim
547 3075 591 3118 aa
614 3075 685 3120 vero
707 3055 811 3120 omnis
826 3076 906 3121 asar
923 3057 1049 3133 menae,
1065 3057 1240 3122 calentem
1250 3058 1578 3141 pccaliomitteadas?

110 3143 205 3224 Resp.
220 3141 417 3225 Neaposter.
427 3143 490 3228 Aff.
498 3162 550 3226 pr.
563 3141 647 3208 Beza
658 3165 730 3208 cum
742 3142 884 3222 Calvino,
897 3144 1050 3228 epist25.
1059 3147 1081 3212 lc
1090 3145 1182 3229 epist.
1191 3143 1576 3234 2.adTilium‚nbipartis,

108 3229 1578 3318 inquit‚aatvinicelnnllasestasas‚velandaccrtotemporecopimCoermritecelebrabitar‚si

108 3317 199 3404 qaod
219 3319 315 3402 punis
337 3331 392 3384 ant
403 3320 471 3384 vini
481 3319 577 3384 vicem
589 3323 636 3386 acl
646 3341 684 3386 ec
695 3341 759 3388 asa
770 3322 940 3398 cornarani,
952 3323 1000 3386 vel
1008 3343 1068 3407 pro
1081 3323 1228 3407 ternpcris
1238 3325 1359 3389 ratione
1370 3326 1502 3409 supplet,
1514 3325 1577 3391 loco

106 3407 209 3492 partis
231 3418 287 3472 nat
306 3407 374 3485 vini
384 3407 602 3474 adhibeantur.
615 3405 680 3474 Ubi
692 3409 779 3474 addit
791 3410 874 3474 hanc
885 3409 1130 3477 limitationem:
1144 3412 1284 3497 Ithned
1298 3412 1412 3479 Christi
1423 3415 1577 3482 sententiat

107 3515 179 3560 aon
202 3495 337 3576 aberat,
351 3497 407 3584 qai
426 3497 514 3562 anilo
523 3517 659 3581 prorsas
671 3499 811 3564 rroodrreli
826 3498 930 3566 stadio
939 3520 1000 3583 pro
1012 3520 1097 3584 pane
1110 3497 1142 3565 a
1154 3501 1227 3566 rino
1241 3501 1577 3587 subalternationem

109 3605 180 3649 aaa
199 3605 322 3668 parerer,
335 3585 470 3650 similem
481 3596 585 3652 tamea
596 3587 764 3652 alimoniae
774 3588 955 3672 analopiam
967 3588 1085 3653 babeat
1098 3585 1162 3652 Hic
1174 3589 1331 3654 exclamat
1346 3589 1380 3654 in
1391 3589 1508 3655 Bezam
1520 3589 1542 3656 J
1543 3613 1574 3658 e·
1590 3664 1595 3677 ‚

108 3673 198 3738 suita
221 3672 266 3737 H.
288 3671 360 3737 Fitz
382 3672 492 3738 Simon
503 3672 574 3738 Lib.
587 3677 618 3738 3.
630 3697 700 3759 cap.
713 3675 742 3740 2.
755 3675 842 3740 Part.
856 3676 886 3740 4.
903 3678 1057 3744 Oscclasl
1069 3699 1087 3742 o
1097 3681 1298 3761 portariam!
1314 3677 1470 3761 Aegidius
1481 3677 1575 3744 Hun-

108 3761 185 3826 nius
214 3761 303 3844 (itta.
314 3764 334 3826 ia
344 3760 367 3825 J
368 3761 471 3826 esuita
481 3761 545 3845 cit.)
557 3763 640 3828 hano
651 3785 816 3828 censuram
827 3764 861 3828 in
874 3765 1009 3830 eundem
1020 3765 1151 3850 stringit
1160 3788 1167 3830 :
1175 3766 1266 3831 'Beza
1277 3766 1381 3832 scribit
1392 3767 1466 3851 plns
1478 3788 1575 3854 qaam

108 3850 258 3916 baeretici
279 3850 368 3916 licere
378 3852 413 3916 ia
424 3851 541 3934 desecta
549 3852 646 3935 panis
661 3849 692 3917 a
703 3853 780 3932 tini,
792 3852 937 3918 adbibere
947 3875 996 3919 res
1007 3856 1098 3921 alias.
1123 3853 1246 3921 Parcas
1257 3855 1322 3921 Lib.
1338 3857 1366 3920 1.
1379 3856 1417 3921 cle
1427 3855 1575 3942 symbolis

108 3941 333 4005 sacramental.
342 3987 346 3994 -
355 3939 472 4004 Bezam
486 3939 682 4020 defensurus,
700 3941 925 4006 limitationem
938 3943 1005 4026 ejus
1017 3943 1062 4008 sic
1075 3943 1191 4026 repetit
1205 3946 1301 4028 atque
1315 3942 1471 4028 explicat:
1493 3966 1574 4022 „non

114 4027 230 4106 ,facile
253 4029 293 4094 ad
315 4027 576 4092 substitutionem
592 4029 782 4094 veniendum
794 4053 872 4107 esse,
886 4030 941 4094 sed
953 4031 1139 4096 frenandam
1150 4031 1185 4096 in
1196 4030 1256 4097 hoc
1267 4053 1384 4118 genere
1399 4032 1574 4098 humanam

114 4114 315 4195 ,licentiam
336 4120 444 4181 tamen
457 4116 569 4200 positis
580 4116 631 4181 his
644 4118 887 4197 conditionibus,
899 4118 926 4182 si
938 4118 1020 4185 nihil
1032 4120 1090 4184 fiat
1103 4123 1223 4185 temere
1234 4123 1290 4186 aut
1302 4121 1438 4186 novandi
1450 4122 1571 4187 studio:

113 4204 160 4284 ,si
176 4204 302 4270 (laeuae
314 4205 559 4270 celebrationem
569 4206 698 4270 omnino
710 4206 850 4290 postulet
861 4206 1023 4272 Ecclesiae
1034 4209 1218 4288 consolatio,
1231 4209 1254 4274 b
1266 4208 1463 4276 aedificatio:
1478 4211 1506 4276 si
1517 4212 1572 4276 de-

113 4294 230 4378 ‚nique
243 4294 333 4359 nulla
344 4293 485 4360 consueti
497 4294 589 4378 panis
601 4294 624 4360 t
636 4295 703 4359 vini
716 4294 828 4362 haberi
840 4295 941 4380 possit
956 4295 1063 4380 eopia:
1077 4296 1223 4380 equidem
1235 4319 1299 4363 non
1310 4297 1484 4364 dubitarim
1499 4321 1572 4364 sen-

112 4381 254 4462 ,tentiae
276 4382 378 4447 dictae
393 4381 601 4448 subscribere.
625 4381 705 4447 Cum
722 4405 784 4466 quo
796 4405 846 4449 me
859 4383 963 4450 iacere
974 4386 1135 4468 profiteor.
1159 4384 1202 4450 Et
1215 4386 1386 4471 diligenter
1398 4387 1572 4487 notandum

1537 4497 1572 4540 ιιι
