3712 4850
306 299 370 362 250
606 294 686 360 Pras
710 294 769 360 llI.
794 294 842 360 Da
866 293 1019 358 Recrunur
1043 293 1134 358 Ecca.
1159 315 1190 356 ru
1214 315 1338 357 causus.
1362 291 1427 357 Lm.
1452 290 1477 355 Ι.

306 489 363 550 aut
374 484 457 548 iuter
469 481 629 548 Ecclesiae
640 481 757 546 diversi
767 479 939 558 idiomatis,
952 479 996 543 sic
1008 502 1035 543 e.
1049 500 1097 564 gr.
1110 477 1273 544 Ecclesiae
1294 479 1459 546 Wolloniri
1470 499 1526 542 seu
1540 477 1651 562 gallici
1664 481 1689 544 8]
1703 477 1778 543 Bel-

306 573 370 658 gici
389 573 479 659 [pag.
503 571 583 657 119]
607 569 768 634 idiomatis
788 568 873 653 apud
897 591 955 633 nos
967 569 1190 633 combinantur
1202 569 1235 633 in
1248 591 1346 633 unam
1357 567 1512 652 synodum
1525 565 1781 646 Nationalem,&

303 661 466 726 Ecclesiae
487 659 660 725 nonnullae
677 658 833 744 Anglicae
846 679 919 722 cum
931 655 1072 742 Belgicis
1084 657 1118 721 in
1131 681 1227 722 unam
1241 658 1375 722 classem
1388 659 1411 722 8ι
1423 656 1578 741 synodum
1590 654 1777 720 Provincia·

303 751 377 817 lem.
402 749 450 814 De
462 746 1234 814 combinationeextraordinaria&occasionattin
1245 745 1372 830 synodis
1381 767 1436 810 εει]
1451 744 1610 824 Conciliis,
1620 767 1673 822 an,
1683 767 1779 828 quae,

305 840 416 927 quales
437 862 506 904 esse
530 837 677 914 debeant,
697 835 775 902 alibi
794 835 961 900 dicendum
981 839 1039 900 est.
1064 833 1166 900 Nobis
1186 834 1377 919 hicproprie
1391 833 1549 919 agendum
1562 833 1600 897 de
1613 833 1779 898 combina-

305 929 392 994 tione
404 931 488 992 stata
501 925 705 1004 inordinaria,
723 929 819 1010 atque
832 923 910 989 adeo
922 924 960 988 de
973 923 1076 988 forma
1089 924 1255 1009 regiminis
1267 923 1390 988 classici
1403 927 1460 986 aut
1471 921 1622 1006 synodici.

349 1019 378 1101 8.
392 1019 422 1081 2.
447 1015 556 1080 Missis
571 1035 648 1099 ergo
660 1013 875 1079 nominalibus
887 1012 1194 1098 vitilitigationibus,
1207 1035 1274 1078 rem
1286 1011 1390 1096 ipsam
1402 1012 1448 1076 sic
1456 1011 1641 1076 definimus:
1658 1013 1779 1078 Classi-

306 1107 381 1172 colis
394 1127 449 1172 seu
464 1103 625 1189 synodalis
637 1102 910 1187 correspondente
920 1114 964 1167 est
976 1103 1403 1186 staturosutiuutiopturium
1412 1101 1619 1201 Ecclesiurum
1628 1100 1686 1164 rut
1696 1114 1780 1202 certo

305 1187 1781 1366 ttlttttttttlttlttttttttllttt’tltattttlttttlttlt

306 1374 490 1439 uideremus.
514 1372 543 1435 l.
568 1369 745 1434 materiale.
769 1370 799 1432 2.
820 1368 964 1433 fonuale.
987 1370 1017 1433 3.
1037 1368 1304 1433 Fundamentum.
1325 1367 1356 1432 4.
1370 1366 1547 1451 Objectum.
1564 1365 1734 1433 afflinem.
1750 1369 1783 1434 6.

306 1462 476 1546 Adjunota.
492 1460 521 1524 7.
535 1459 727 1544 Comparate
739 1481 795 1523 scu
807 1457 935 1522 similia.
951 1458 983 1522 8.
995 1455 1160 1542 Opposita.

353 1553 382 1615 l.
402 1548 571 1614 Materiale
592 1547 703 1612 classis
725 1549 782 1612 aut
801 1546 913 1630 synodi
932 1549 1057 1611 constat
1069 1548 1211 1630 subjecto
1224 1546 1361 1612 relato&
1376 1545 1544 1610 correlato.
1558 1543 1711 1610 Relatum
1729 1550 1781 1611 est

306 1639 450 1704 Ecclesia
472 1637 674 1721 parochialis.
698 1635 897 1702 (tomolatum
922 1638 971 1700 est
994 1635 1058 1700 alia
1081 1635 1225 1700 Ecclesia
1245 1633 1448 1719 parochialis,
1471 1655 1573 1720 eaque
1593 1656 1667 1711 una,
1686 1634 1782 1714 duae,

306 1733 381 1807 tres,
403 1731 452 1794 bc.
477 1727 633 1803 Breviter,
651 1725 788 1789 relatum
804 1724 1030 1790 &correlatum
1042 1727 1117 1788 sunt
1129 1723 1291 1789 Ecclesiae
1303 1723 1470 1787 institutae
1481 1722 1683 1806 parochiales
1696 1723 1781 1788 iute-

308 1840 385 1904 grae
398 1818 481 1881 inter
493 1837 526 1879 se
538 1815 736 1880 collaterales
749 1815 772 1880 8]
784 1816 943 1897 potestate
954 1812 1179 1878 Ecclesiastico
1191 1812 1351 1899 aequales.
1375 1811 1462 1888 Quae
1475 1811 1561 1876 haud
1574 1812 1670 1876 aliter
1678 1814 1782 1878 oonsi-

309 1906 413 1971 derari
433 1905 550 1969 debent
569 1926 605 1970 ac
623 1904 730 1968 omnia
750 1901 814 1966 alia
833 1902 935 1966 relata
947 1902 1218 1986 aequiparantias,
1232 1924 1259 1967 e.
1272 1922 1321 1986 gr.
1335 1899 1439 1979 amici,
1452 1901 1540 1978 socii,
1553 1901 1784 1980 confoederati,

307 1995 449 2080 collegae
470 1992 493 2057 dt
513 1993 658 2058 membra
680 2013 888 2076 quaecunque
907 1990 1115 2076 collegiorum
1127 1990 1345 2070 Politicorum,
1358 1989 1664 2068 Ecclesiasticorum,
1680 1987 1784 2055 Scho-

310 2084 506 2149 lasticorum.

354 2170 397 2237 ll.
421 2169 568 2236 Formale
592 2174 641 2236 est
664 2173 776 2234 mutua
799 2169 885 2246 unio,
909 2170 1100 2248 communi0,
1124 2167 1419 2252 correspondentia;
1446 2167 1651 2251 &perillam
1668 2172 1787 2233 mutua

311 2259 418 2342 σχέσις
432 2259 597 2339 habitudo,
610 2261 633 2326 8]
644 2258 758 2324 relatio
772 2258 857 2323 adse
870 2257 1019 2322 invicem.
1034 2257 1123 2335 Quae
1135 2261 1243 2323 autem
1255 2255 1517 2342 &qualisillasih
1526 2256 1788 2341 exsequentibus

333 2349 446 2415 atebit.

311 2369 331 2434 p
355 2436 415 2503 Ill.
437 2437 693 2502 Fundamentum
707 2439 756 2502 est
770 2435 945 2521 geminum,
957 2435 1169 2501 institutionis
1182 2435 1248 2502 scil.
1262 2434 1395 2520 primae,
1408 2437 1431 2501 8ι
1447 2435 1610 2501 secundae.
1636 2437 1724 2501 tttu
1738 2440 1789 2501 est

308 2529 362 2610 jus
381 2527 534 2607 divinum,
552 2527 729 2590 revelatum
747 2525 840 2590 nobis
852 2525 884 2588 in
897 2524 1019 2610 regulis
1034 2525 1223 2609 &exemplis
1238 2524 1370 2609 politiae
1383 2523 1625 2589 Ecclesiasticae
1637 2523 1785 2609 Aposto-

312 2616 403 2694 licae,
416 2616 518 2681 Actor.
538 2616 589 2679 15.
616 2616 648 2680 2.
662 2617 731 2682 Cor.
745 2615 775 2678 8.
788 2613 840 2699 (de
857 2635 921 2698 quo
932 2613 1048 2698 mirol:
1062 2616 1151 2680 lstvtd
1164 2618 1222 2692 est,
1236 2635 1407 2679 consensus
1419 2617 1550 2678 mutuus
1562 2613 1784 2680 Ecclesiarum

313 2706 353 2769 ad
372 2706 471 2770 talem
490 2703 800 2789 correspondentiam
820 2701 1172 2780 &confoederationem
1185 2725 1223 2768 ex
1237 2702 1343 2767 debito
1355 2705 1486 2767 mutuae
1498 2701 1660 2766 societatis
1673 2703 1787 2768 colen·

313 2795 381 2872 dae,
394 2817 458 2858 nou
471 2815 509 2857 ex
521 2793 628 2857 debito
639 2791 799 2858 inferioris
811 2791 999 2856 conditionis
1012 2793 1052 2857 ad
1065 2793 1290 2876 praestandum
1301 2791 1502 2874 obsequium.
1514 2791 1670 2870 Breviter,
1679 2791 1786 2857 inter-

314 2883 396 2948 cedit
408 2905 578 2948 conseusus
590 2881 804 2946 Ecclesiarum
814 2879 847 2944 in
856 2880 1069 2964 applicatione
1077 2882 1173 2966 hujus
1181 2880 1476 2965 correspondentiae
1485 2879 1525 2944 ad
1533 2880 1614 2944 tales
1621 2879 1788 2946 Ecclesiae

313 2971 522 3056 parochiales,
542 2973 565 3036 8]
582 2971 623 3036 ad
640 2971 722 3035 tales
744 2991 854 3034 earum
875 2969 1053 3055 delegatos:
1075 2969 1231 3054 quomodo
1250 2970 1288 3034 de
1300 2969 1508 3034 fundamento
1521 2969 1672 3054 conjugii,
1684 2969 1789 3034 mini·

314 3060 403 3125 sterii
415 3059 629 3125 Ecclesiastici
641 3059 675 3123 in
687 3057 843 3144 singulari
856 3080 911 3121 seu
927 3058 961 3122 in
973 3058 1136 3124 individuo
1148 3058 1408 3143 distinguendum
1424 3061 1482 3123 est.
1506 3057 1556 3123 De
1572 3079 1635 3142 quo
1649 3059 1786 3143 Zeppcr.

315 3149 366 3215 lit.
380 3151 410 3213 3.
425 3151 516 3214 Polit.
529 3149 700 3214 Ecclesium.
717 3171 740 3213 c.
760 3148 790 3212 7.
802 3147 825 3212 8]
838 3145 998 3214 Portunus
1015 3149 1065 3213 lib.
1081 3151 1111 3212 3.
1124 3171 1148 3214 o.
1164 3149 1217 3211 22.

359 3237 417 3303 IV.
441 3236 609 3323 Objectum
628 3235 922 3321 comcspoudentiae
935 3240 957 3304 8]
970 3237 1200 3302 communionis
1216 3235 1311 3320 hujus
1327 3239 1375 3301 est
1386 3235 1513 3320 duplex,
1530 3235 1696 3322 negotium
1715 3237 1789 3302 scil.

315 3349 480 3392 commune
507 3327 650 3392 omnium
676 3324 901 3404 Ecclesiarum,
927 3329 950 3394 8ι
976 3327 1143 3412 negotium
1167 3325 1358 3410 particulare
1382 3325 1477 3390 unius
1500 3329 1557 3390 aut
1582 3325 1788 3409 quarundam

316 3416 542 3482 Ecclesiarum.

363 3506 525 3590 Negotium
544 3526 709 3571 conrnune
723 3506 811 3571 omni
822 3505 925 3584 modo,
939 3507 962 3571 a
975 3505 1120 3570 absolute
1131 3504 1280 3588 objicitur
1292 3502 1368 3568 huic
1383 3502 1543 3589 regimini,
1555 3525 1611 3568 seu
1624 3501 1789 3569 Potestati

316 3594 466 3659 classicae
484 3598 540 3660 aut
562 3596 745 3678 synodicae:
771 3593 853 3679 quod
868 3593 953 3660 enim
965 3595 1106 3659 omnium
1120 3593 1374 3659 aedificationem
1385 3592 1595 3658 communiter
1612 3594 1789 3670 concernit,

317 3684 358 3748 ab
373 3683 520 3748 omnibus
534 3683 654 3767 pariter
666 3684 770 3748 curari
782 3707 819 3750 ac
832 3683 963 3750 tractari
979 3684 1084 3748 debet.
1098 3685 1186 3770 [pag.
1204 3683 1283 3764 120]

364 3773 525 3856 Negotium
542 3773 735 3856 particulare
754 3773 794 3837 ab
818 3773 966 3837 omnibus
978 3772 1129 3837 Eccleeiis
1142 3776 1198 3837 aut
1213 3794 1324 3836 earum
1335 3771 1490 3856 delegatis
1503 3771 1715 3836 communiter
1731 3795 1791 3836 cu-

317 3861 382 3926 rari
402 3861 572 3928 &tractari
591 3864 697 3945 potest
716 3861 739 3927 b
756 3863 850 3926 debet
865 3884 927 3927 non
944 3861 1100 3940 absolute,
1114 3861 1168 3926 sed
1181 3861 1328 3940 limitata,
1341 3859 1374 3924 in
1386 3859 1437 3924 his
1450 3859 1518 3924 scil.
1530 3859 1666 3925 casibus.
1693 3861 1726 3926 1.
1760 3860 1791 3925 la

317 3973 391 4015 casu
411 3949 673 4026 insufficientiam
695 3951 821 4034 quando
845 3951 912 4016 scil.
933 3951 1092 4034 impotens
1112 3950 1359 4034 deprehenditur
1378 3949 1522 4014 Ecclesia
1537 3948 1724 4033 parochialis
1760 3951 1792 4014 ul

317 4039 447 4124 negotia
466 4039 595 4123 propria
607 4039 809 4104 absolvenda.
835 4043 865 4104 2.
883 4038 921 4104 In
939 4063 1015 4104 casu
1034 4039 1223 4124 illegitimae
1236 4039 1469 4105 &inordinatae
1482 4037 1724 4103 administratio*
1760 4063 1790 4116 s;

319 4128 374 4192 ubi
396 4127 534 4192 venienti
555 4129 665 4192 morbo
691 4129 731 4193 ab
748 4129 895 4194 omnibus
908 4129 1138 4194 confoederatis
1150 4130 1173 4194 tv
1185 4126 1503 4211 correspondentibus
1514 4127 1665 4192 Ecclesiis
1677 4149 1716 4191 oo
1760 4149 1791 4192 r·

318 4217 451 4281 rendum
470 4221 527 4282 est.
553 4219 583 4280 3.
603 4215 640 4281 In
661 4240 736 4282 casu
756 4221 957 4302 praesumtae
970 4217 1256 4282 administrationis
1268 4217 1382 4294 malae,
1395 4215 1456 4281 hoc
1467 4219 1526 4294 est,
1538 4216 1572 4280 in
1584 4239 1658 4280 casu
1671 4237 1716 4300 pn
1760 4239 1791 4281 a·

319 4305 462 4384 cationis,
476 4307 543 4390 ejus
556 4305 621 4370 sive
633 4329 787 4390 personae
801 4307 867 4372 sive
879 4308 990 4392 partis,
1004 4329 1085 4391 quae
1101 4329 1134 4371 se
1148 4310 1313 4392 gravatam
1327 4305 1541 4389 conqueritur.

361 4393 403 4458 V.
427 4393 517 4458 Finis
536 4394 632 4477 hujus
653 4395 951 4479 correspondentiae
971 4401 1030 4474 est,
1043 4395 1249 4474 conservatio,
1265 4395 1475 4474 confirmatio,
1489 4393 1645 4478 promotio
1657 4395 1681 4460 tv
1692 4415 1716 4456 rr
1759 4391 1792 4458 i·

1703 4487 1719 4540 t
1759 4485 1792 4550 io
