3736 4860
69 4478 115 4488 Α

313 290 379 355 124
705 291 865 356 Potulana
883 291 1134 356 Eocnnsrrsrrrrs
1157 291 1239 356 Pius
1253 266 1281 355 l..
1303 289 1366 354 Lrn.
1380 285 1422 355 ΙΙ.

352 473 411 542 ur.
437 479 559 561 aaut.
583 478 633 544 aa
651 480 672 542 a
691 479 846 544 aiassae
866 479 904 562 a.
927 499 975 562 ‚qa
996 479 1153 558 satana,
1175 459 1387 555 Parianus,
1403 474 1762 554 nausa-maana,

310 568 458 650 Papistis,
481 567 705 652 anabaptistis,
726 567 1033 652 demonstrantibus)
1047 569 1231 652 Baptismus
1245 565 1416 651 peloridum
1434 564 1466 630 a
1477 566 1505 631 si
1515 565 1554 630 at
1567 566 1629 632 iltis
1640 566 1762 631 notatus

265 673 267 680 ·
306 657 411 740 fateat,
428 656 464 720 iu
479 658 597 721 uostris
612 658 753 722 Ecclesiis
769 657 956 722 iterandas?
979 660 1070 742 Hesp.
1095 657 1154 724 Pr.
1178 656 1323 721 absolute
1335 675 1403 738 arcp.
1417 654 1505 721 Post.
1517 655 1590 720 dist.
1614 652 1662 718 De
1674 652 1762 718 dnti-

133 739 137 747 ’
193 809 198 818 ,
306 745 476 810 trinitariis
495 767 559 810 non
579 746 681 810 ausim
701 759 836 830 negare:
854 745 1109 829 quandoquidem
1126 768 1188 811 uon
1208 747 1385 829 agnoscunt
1403 743 1582 807 trinitatem
1603 741 1763 828 (quidquid

307 833 430 898 lusibus
450 833 610 918 ambiguis
631 833 874 899 Christianismo
893 834 1027 898 illudere
1047 835 1213 916 conentur)
1227 837 1250 899 a
1262 835 1491 916 consequenter
1505 853 1570 896 non
1583 833 1762 916 agnoscunt,

307 922 379 1005 quis
390 923 433 986 sit
442 944 534 987 verus
542 922 639 998 Deus,
650 923 682 986 in
692 924 781 1007 cujus
790 923 917 986 nomine
926 922 1110 1006 Baptismus
1119 922 1255 988 conferri
1268 921 1371 986 debet.
1383 919 1521 1004 Ideoque
1533 923 1552 984 a
1563 919 1762 1006 Reformatis,

307 1011 572 1091 protestantibus,
581 1010 879 1076 Pontificiisnomen
889 1011 1060 1080 Christiani
1071 1012 1149 1095 ipsis
1161 1015 1308 1097 negatur.
1322 1011 1415 1088 Beza,
1429 1009 1459 1072 4.
1476 1011 1600 1091 Qrtasst.
1616 1009 1690 1072 135.
1702 1013 1763 1072 sta-

306 1099 370 1164 tuit
381 1099 653 1164 Eunomianorurn
667 1103 689 1166 tt
702 1100 1018 1165 Priscillianistarum
1030 1101 1169 1166 infantes
1182 1122 1245 1164 non
1258 1121 1325 1164 ease
1337 1097 1579 1182 baptizandos&
1591 1097 1763 1181 baptimtos

306 1189 408 1253 denuo
424 1189 464 1252 ab
481 1189 665 1254 orthodoxis
680 1189 905 1274 baptizandos:
922 1188 982 1253 hoc
998 1193 1056 1268 est,
1074 1189 1135 1266 (uti
1151 1188 1306 1273 loquitur)
1321 1187 1436 1252 Christi
1447 1188 1612 1270 Baptistao
1623 1187 1764 1253 nondum

268 1285 273 1294 '
307 1277 487 1361 baptizatos,
508 1277 724 1361 baptizandos,
744 1278 829 1363 quod
847 1276 958 1344 abolito
978 1279 1093 1343 Christi
1114 1279 1277 1361 Baptismo
1297 1277 1366 1362 (qai
1385 1276 1429 1341 sic
1446 1276 1703 1354 administratur,
1723 1275 1764 1340 uti

294 1367 453 1446 ¹Christus
470 1368 613 1446 instituit)
631 1369 801 1451 propriant
820 1367 921 1431 aliatus
941 1368 1143 1444 invaserunt,
1159 1367 1281 1432 mutata
1296 1366 1431 1430 aitialicu
1442 1365 1642 1430 substantiali
1654 1365 1763 1449 [ouria.
1815 1359 1820 1370 '

305 1454 380 1520 Non
399 1456 500 1534 video,
517 1478 572 1520 cur
586 1455 646 1520 hoc
662 1455 816 1539 judicium
837 1454 1211 1520 serni-Muhammedistis
1227 1452 1415 1528 Socinianis,
1432 1454 1455 1518 a
1473 1453 1658 1537 plusquam
1674 1453 1765 1518 sensi·

305 1543 326 1608 J
329 1545 436 1608 udaeis
448 1543 805 1621 Francisco-Davidicia
819 1543 954 1626 aliisque
967 1545 1061 1628 longe
1074 1543 1285 1616 deterioribus
1300 1542 1470 1620 Ebionitis,
1483 1541 1694 1621 Marcionitis,
1706 1539 1765 1606 Va·

306 1634 500 1709 lentinianis,
513 1632 720 1711 Manichacis,
735 1631 1050 1712 Hanno-Nicolaitis,
1063 1631 1206 1699 David-J
1208 1631 1325 1709 cristis,
1335 1630 1557 1716 Weigelianis,
1568 1633 1619 1696 aa.
1634 1631 1765 1714 aliisque

305 1721 453 1787 omnihus
465 1723 583 1786 duecte
596 1721 700 1786 Deum
712 1721 833 1785 trinum
844 1723 868 1786 dt
880 1744 990 1798 unum,
1003 1724 1026 1787 a
1038 1743 1155 1786 novum
1168 1721 1278 1784 foedus
1290 1719 1414 1804 gratiae
1425 1718 1622 1798 tollentibus,
1634 1724 1693 1783 aut
1704 1719 1766 1784 far·

306 1811 427 1874 mulam
447 1810 603 1895 Baptismi
623 1811 646 1876 tt
666 1809 842 1874 doctrinam
861 1810 917 1872 illa
939 1813 1121 1874 contentam
1133 1810 1228 1894 plane
1240 1808 1526 1892 corrumpentibus,
1539 1808 1697 1892 applicari
1708 1831 1767 1874 non

306 1900 437 1977 debeat3
454 1901 610 1984 siquidem
627 1901 664 1964 de
676 1898 854 1963 infantibus
866 1899 1007 1982 ipsorum
1020 1898 1219 1983 baptizandis
1231 1901 1421 1981 quaeratur;
1438 1900 1494 1962 aut
1509 1897 1547 1961 de
1558 1897 1766 1980 baptizandis,

306 1988 434 2067 adultis,
447 1988 474 2052 si
486 1988 569 2052 forte
581 1990 654 2052 ante
666 1988 699 2051 in
712 1992 803 2052 coetu
816 1987 923 2071 aliquo
936 1987 1165 2052 antitrinitario
1177 1986 1332 2070 baptizati
1344 1986 1490 2050 fuissent.
1514 1985 1663 2070 Aspidius
1677 1987 1767 2052 Haa-

305 2077 380 2142 aius
394 2078 484 2161 Disp.
497 2078 548 2140 12.
558 2077 714 2160 supracit.
728 2076 771 2141 a.
784 2074 814 2139 6.
826 2076 850 2140 dr
864 2076 892 2138 7.
907 2075 1077 2160 distinguit
1085 2076 1169 2140 inter
1178 2075 1381 2158 Baptismum
1394 2072 1535 2138 Ministri
1547 2074 1767 2138 antitrinitarii

306 2165 338 2228 in
358 2165 502 2230 Ecclesia
518 2164 756 2242 autitrinitarit,
773 2163 892 2230 &inter
911 2164 1109 2248 Baptismum
1122 2165 1262 2248 ejusdem
1278 2163 1309 2226 in
1326 2162 1469 2227 Ecclesia
1479 2162 1656 2227 orthodoxa
1673 2165 1767 2228 ailla·

305 2257 391 2332 tum:
409 2275 543 2337 quorum
562 2254 654 2318 illum
675 2253 751 2317 dicit
763 2275 831 2317 esse
842 2252 978 2331 nullum,
991 2254 1076 2318 hunc
1088 2253 1243 2336 aliquem:
1269 2251 1297 2316 si
1308 2251 1444 2336 quidam,
1457 2251 1572 2335 inquit,
1586 2253 1769 2336 Baptismus

170 2335 177 2350 ²
306 2341 398 2426 [pag.
412 2341 493 2426 636]
508 2343 625 2408 bouum
637 2353 679 2406 cst
691 2362 757 2407 aaa
769 2343 913 2408 Doctoris
923 2343 1151 2427 principalitar,
1164 2341 1218 2406 scd
1230 2341 1387 2418 meam,
1399 2361 1480 2426 quae
1490 2361 1564 2406 vcra
1574 2352 1618 2405 cst
1629 2343 1769 2406 Maian

305 2431 340 2495 ia
357 2432 449 2496 dotao
464 2432 524 2496 Dei
541 2432 681 2508 viscatis,
698 2432 748 2496 cui
763 2432 877 2505 sarcire
892 2450 958 2495 aaa
969 2431 1130 2496 dominari
1141 2441 1285 2495 teneatur
1301 2430 1449 2495 Ministri.
1474 2429 1518 2493 Et
1530 2429 1575 2493 sic
1589 2430 1770 2496 Balduiaus

305 2522 326 2584 t.
341 2520 370 2582 7.
383 2541 407 2584 c.
421 2520 451 2582 6.
464 2539 526 2584 aas.
541 2519 570 2584 7.
579 2518 667 2583 Haec
680 2519 838 2583 sententia
850 2518 930 2583 mihi
943 2541 1006 2584 non
1018 2518 1175 2602 displicet.
1188 2517 1271 2583 Aliis
1284 2518 1311 2582 si
1324 2518 1418 2583 aliter
1429 2517 1543 2598 usum,
1553 2517 1707 2583 fruantur
1715 2542 1769 2583 suo

301 2608 437 2690 judicio:
450 2609 622 2674 dummodo¹
632 2607 710 2671 mihi
724 2631 830 2672 meum
844 2609 1063 2692 qualecunque
1075 2608 1222 2685 retinere,
1235 2611 1291 2670 aut
1303 2607 1494 2690 suspendere
1506 2607 1611 2672 liceat.
1634 2605 1768 2692 Absque

301 2700 419 2780 magud
439 2696 628 2761 difficultate
649 2695 850 2779 tBaptismo
869 2696 1119 2761 Antitrinitariis
1138 2697 1178 2760 ad
1193 2693 1328 2760 Nostrae
1349 2694 1510 2759 Ecclesiae
1526 2697 1768 2762 transeuntibus

300 2784 489 2852 conferendo
505 2785 668 2862 abstineri,
685 2785 709 2848 da
724 2785 868 2867 quaestio
880 2785 959 2850 haec
971 2786 1129 2869 tantisper
1144 2785 1178 2849 in
1193 2783 1297 2850 medio
1309 2783 1449 2866 relinqui
1461 2789 1584 2867 posset:
1597 2783 1661 2848 uisi
1677 2790 1768 2870 pete·

301 2877 372 2938 rent
384 2879 422 2937 ad
432 2872 570 2938 Coenam
578 2877 719 2937 nostram
728 2873 865 2937 admitti.
875 2871 1055 2938 Tuncenim
1068 2873 1245 2938 necessario
1254 2872 1527 2936 determinandum
1537 2877 1654 2952 essent,
1664 2873 1770 2938 sintne

301 2961 466 3045 baptizati,
479 2984 592 3036 necne;
615 2963 746 3028 maccus
757 2973 839 3046 part.
857 2963 888 3026 4.
902 2965 1051 3047 Isapopac
1062 2963 1114 3028 aa.
1129 2963 1159 3026 5.
1172 2981 1241 3046 cap.
1254 2962 1305 3024 23.
1319 2959 1524 3044 Baptismum
1534 2961 1769 3028 haereticorum
1812 3023 1816 3030 .

301 3054 393 3114 vocat
400 3051 553 3138 fictitium.
562 3049 763 3114 Nominatim
773 3051 950 3118 haereticos
958 3052 1025 3116 illic
1032 3051 1180 3136 designat
1188 3050 1351 3130 Attianos,
1360 3047 1770 3130 Paulianosmanichaaos,

301 3136 486 3218 Prodianos,
504 3138 700 3218 Borboritas,
718 3140 773 3222 qui
789 3139 960 3204 formulam
977 3144 996 3204 a
1011 3139 1138 3204 Christo
1154 3139 1315 3217 traditam,
1333 3140 1356 3205 dt
1371 3138 1547 3204 doctrinam
1559 3139 1673 3204 eadem
1685 3163 1771 3206 com·

185 3313 189 3319 Ι
245 3253 248 3258 ’
300 3227 493 3310 prehensam
506 3249 568 3291 nou
581 3229 728 3307 retinent,
742 3229 796 3292 sed
809 3227 911 3292 forma
924 3228 964 3292 ab
978 3229 1055 3311 ipsis
1068 3227 1363 3293 institutiteundem
1376 3227 1613 3293 administrant.
1627 3227 1771 3304 Quodad

301 3315 505 3399 Baptismum
526 3315 739 3399 Papistarum,
758 3315 1062 3396 Remonstrantium,
1076 3317 1362 3400 Anabaptistarnm
1375 3315 1546 3402 (siquidem
1558 3317 1704 3398 Arriani,
1716 3323 1771 3384 aut

301 3403 487 3469 Photiniani
499 3426 562 3468 non
574 3405 652 3488 siut)
665 3410 837 3490 negantem
850 3405 1034 3489 amplector,
1047 3407 1088 3470 oh
1101 3406 1240 3470 rationes
1252 3405 1293 3469 ab
1307 3403 1530 3490 Antagonistis
1538 3404 1771 3491 Anabaptista-

300 3513 372 3557 rum
385 3515 442 3576 pro
455 3493 593 3558 essentia
608 3492 768 3577 Baptismi
778 3492 994 3577 Papistarum,
1010 3494 1164 3559 hactenus
1177 3493 1302 3573 allatas,
1315 3493 1403 3558 &hic
1414 3515 1477 3557 non
1490 3495 1689 3578 repetendas.
1712 3495 1771 3560 Vi·

301 3582 413 3646 deatur
432 3583 516 3647 inter
531 3582 610 3646 alios
627 3582 759 3648 Danaus
773 3595 856 3668 part.
874 3585 904 3648 4.
918 3585 1065 3669 lsapapac
1076 3583 1127 3648 lit.
1142 3583 1172 3648 5.
1184 3602 1252 3666 cap.
1267 3583 1318 3646 23.
1332 3584 1355 3649 tr
1367 3582 1420 3647 31.
1433 3581 1490 3646 ubi
1502 3582 1677 3669 distinguit
1687 3585 1773 3650 inter

300 3670 503 3754 Baptismum
523 3671 710 3736 haeretiaaa
733 3669 764 3736 a
783 3671 942 3756 fictitiam,
964 3694 1058 3755 quem
1075 3672 1151 3736 dicit
1169 3693 1238 3736 esse
1257 3673 1401 3738 autaut:
1418 3673 1442 3737 a
1461 3670 1545 3736 inter
1565 3671 1771 3757 Baptismum

301 3757 422 3825 Christi
435 3757 491 3824 seu
508 3759 739 3844 euangelicum,
753 3761 808 3844 qui
821 3764 870 3824 est
882 3781 974 3825 verus
991 3760 1183 3844 Baptismus,
1201 3760 1382 3843 &quamvis
1395 3760 1435 3824 ab
1447 3760 1610 3825 haeretico
1622 3762 1772 3839 collatus,

299 3870 362 3913 non
372 3848 489 3912 desinit
501 3851 609 3912 tamen
622 3848 716 3931 plane
729 3871 796 3912 esse
809 3848 1009 3932 Baptismus:
1023 3849 1179 3933 siquidem
1191 3849 1357 3913 hominum
1369 3848 1552 3928 infidelitas,
1565 3851 1652 3914 mala
1663 3851 1771 3916 inten-

299 3937 355 4016 tio,
369 3937 472 4001 malus
485 3937 621 4014 animus,
635 3937 739 4014 fidem,
752 3937 1004 4020 promissionem,
1018 3939 1041 4002 a
1053 3938 1284 4002 ordinationem
1295 3937 1356 4002 Dei
1369 3937 1494 4002 irritam
1506 3959 1571 4002 non
1585 3937 1673 4004 facit.
1689 3941 1772 4006 Con-

300 4037 406 4090 scctar.
419 4023 621 4091 l.Seutentia
629 4024 781 4109 Cypriani
789 4027 812 4092 a
821 4025 1045 4092 Africanorum
1054 4027 1092 4090 de
1101 4027 1266 4111 Baptismo
1275 4025 1509 4091 haereticorum
1517 4027 1772 4112 non-baptismo,

300 4114 368 4177 sine
380 4134 480 4197 grano
493 4115 569 4178 salis
583 4116 606 4179 dt
618 4114 771 4180 adhibitis
781 4115 914 4179 cautelis
924 4137 959 4180 ac
968 4115 1225 4180 distinctionibus
1234 4115 1436 4180 condemnari
1445 4137 1508 4181 non
1517 4116 1623 4180 debet.
1634 4119 1770 4183 fflmect.

300 4204 330 4266 2.
355 4222 418 4266 non
431 4203 534 4266 ausim
547 4203 660 4280 dicere,
680 4205 755 4268 Cau.
772 4204 822 4267 19.
839 4205 952 4269 Cautil.
967 4205 1084 4284 illiceat,
1098 4205 1135 4268 de
1146 4204 1345 4288 baptizandis
1358 4203 1523 4270 Paulianis
1536 4205 1577 4270 ad
1592 4205 1771 4270 Ecclesiam

300 4290 509 4354 orthodoxam
521 4291 738 4371 redeuntibus,
751 4292 899 4357 haeresin
912 4297 969 4358 aut
981 4315 1119 4358 errorem
1131 4293 1303 4359 continere.
1316 4293 1433 4359 Confer
1443 4314 1513 4377 cap.
1531 4315 1677 4378 sequens.

344 4377 402 4443 IV.
429 4379 552 4459 (tuaest.
569 4379 621 4444 Aa
638 4381 823 4464 Baptismus
838 4383 979 4466 inpactis
992 4381 1360 4468 tadcatitasjocatariter
1371 4383 1512 4464 milatus,
1524 4384 1636 4472 atiqrta
1646 4385 1772 4450 radatis

1647 4472 1775 4541 adttritti
