<?xml version="1.0" encoding="UTF-8"?>
<!DOCTYPE html PUBLIC "-//W3C//DTD XHTML 1.0 Transitional//EN"
    "http://www.w3.org/TR/xhtml1/DTD/xhtml1-transitional.dtd">
<html xmlns="http://www.w3.org/1999/xhtml" xml:lang="en" lang="en">
 <head>
  <title>
</title>
<meta http-equiv="Content-Type" content="text/html;charset=utf-8" />
  <meta name='ocr-system' content='tesseract 3.04.00' />
  <meta name='ocr-capabilities' content='ocr_page ocr_carea ocr_par ocr_line ocrx_word'/>
</head>
<body>
  <div class='ocr_page' id='page_1' title='image "./gisbertivoetiit00rutggoog_0275.png"; bbox 0 0 3712 4850; ppageno 0'>
   <div class='ocr_carea' id='block_1_1' title="bbox 298 289 1540 366">
    <p class='ocr_par' dir='ltr' id='par_1_1' title="bbox 298 289 1540 366">
     <span class='ocr_line' id='line_1_1' title="bbox 298 289 1540 366; baseline 0.007 -11"><span class='ocrx_word' id='word_1_1' title='bbox 298 289 414 356; x_wconf 82' lang='lat' dir='ltr'>Taacr.</span> <span class='ocrx_word' id='word_1_2' title='bbox 439 291 497 357; x_wconf 89' lang='grc' dir='ltr'><strong>ΙΙΙ.</strong></span> <span class='ocrx_word' id='word_1_3' title='bbox 523 291 570 356; x_wconf 84' lang='lat' dir='ltr'>Da</span> <span class='ocrx_word' id='word_1_4' title='bbox 594 292 799 358; x_wconf 78' lang='lat' dir='ltr'>Convanrraus</span> <span class='ocrx_word' id='word_1_5' title='bbox 824 317 859 358; x_wconf 86' lang='lat' dir='ltr'>nr</span> <span class='ocrx_word' id='word_1_6' title='bbox 882 295 1027 359; x_wconf 76' lang='lat' dir='ltr'>Ooanssr.</span> <span class='ocrx_word' id='word_1_7' title='bbox 1052 295 1178 360; x_wconf 85' lang='lat' dir='ltr'>Eacnas.</span> <span class='ocrx_word' id='word_1_8' title='bbox 1204 297 1276 362; x_wconf 82' lang='lat' dir='ltr'>Cae.</span> <span class='ocrx_word' id='word_1_9' title='bbox 1300 297 1325 362; x_wconf 93' lang='lat' dir='ltr'>I.</span> <span class='ocrx_word' id='word_1_10' title='bbox 1419 360 1423 366; x_wconf 89' lang='grc'><strong>,</strong></span> <span class='ocrx_word' id='word_1_11' title='bbox 1477 299 1540 364; x_wconf 88' lang='grc'><strong>247</strong></span> 
     </span>
    </p>
   </div>
   <div class='ocr_carea' id='block_1_2' title="bbox 88 475 1539 561">
    <p class='ocr_par' dir='ltr' id='par_1_2' title="bbox 88 475 1539 561">
     <span class='ocr_line' id='line_1_2' title="bbox 88 475 1539 561; baseline 0.008 -23"><span class='ocrx_word' id='word_1_12' title='bbox 88 475 194 542; x_wconf 73' lang='lat' dir='ltr'>aaroni</span> <span class='ocrx_word' id='word_1_13' title='bbox 214 480 407 541; x_wconf 89' lang='lat' dir='ltr'>conventum</span> <span class='ocrx_word' id='word_1_14' title='bbox 427 476 690 561; x_wconf 84' lang='lat' dir='ltr'>presbyterialem</span> <span class='ocrx_word' id='word_1_15' title='bbox 710 476 833 542; x_wconf 89' lang='lat' dir='ltr'>utiliter</span> <span class='ocrx_word' id='word_1_16' title='bbox 855 480 877 544; x_wconf 82' lang='lat' dir='ltr'>a</span> <span class='ocrx_word' id='word_1_17' title='bbox 897 479 1008 544; x_wconf 89' lang='lat' dir='ltr'>decore</span> <span class='ocrx_word' id='word_1_18' title='bbox 1027 480 1233 561; x_wconf 72' lang='lat' dir='ltr'>constituant,</span> <span class='ocrx_word' id='word_1_19' title='bbox 1250 483 1300 546; x_wconf 85' lang='lat' dir='ltr'>ad&#39;</span> <span class='ocrx_word' id='word_1_20' title='bbox 1314 483 1539 549; x_wconf 83' lang='lat' dir='ltr'>absolvendam</span> 
     </span>
    </p>
   </div>
   <div class='ocr_carea' id='block_1_3' title="bbox 87 564 1687 656">
    <p class='ocr_par' dir='ltr' id='par_1_3' title="bbox 87 564 1687 656">
     <span class='ocr_line' id='line_1_3' title="bbox 87 564 1687 656; baseline 0.008 -30"><span class='ocrx_word' id='word_1_21' title='bbox 87 564 258 630; x_wconf 75' lang='lat' dir='ltr'>electionem</span> <span class='ocrx_word' id='word_1_22' title='bbox 270 589 328 630; x_wconf 89' lang='lat' dir='ltr'>sen</span> <span class='ocrx_word' id='word_1_23' title='bbox 342 565 538 631; x_wconf 86' lang='lat' dir='ltr'>vocationem</span> <span class='ocrx_word' id='word_1_24' title='bbox 549 565 815 647; x_wconf 71' lang='lat' dir='ltr'>concionatorum,</span> <span class='ocrx_word' id='word_1_25' title='bbox 824 567 995 648; x_wconf 87' lang='lat' dir='ltr'>seniorum,</span> <span class='ocrx_word' id='word_1_26' title='bbox 1005 568 1321 656; x_wconf 90' lang='lat' dir='ltr'>diaconorum,supra</span> <span class='ocrx_word' id='word_1_27' title='bbox 1330 572 1539 638; x_wconf 82' lang='lat' dir='ltr'>indicavimus</span> <span class='ocrx_word' id='word_1_28' title='bbox 1670 609 1687 625; x_wconf 76' lang='lat'><strong>·</strong></span> 
     </span>
    </p>
   </div>
   <div class='ocr_carea' id='block_1_4' title="bbox 86 655 769 829">
    <p class='ocr_par' dir='ltr' id='par_1_4' title="bbox 86 655 769 829">
     <span class='ocr_line' id='line_1_4' title="bbox 86 655 769 741; baseline 0.003 -24"><span class='ocrx_word' id='word_1_29' title='bbox 86 665 159 738; x_wconf 68' lang='lat' dir='ltr'>part.</span> <span class='ocrx_word' id='word_1_30' title='bbox 174 656 203 718; x_wconf 87' lang='lat'>2.</span> <span class='ocrx_word' id='word_1_31' title='bbox 217 655 271 719; x_wconf 84' lang='lat' dir='ltr'>lib.</span> <span class='ocrx_word' id='word_1_32' title='bbox 285 656 315 718; x_wconf 94' lang='grc'>2.</span> <span class='ocrx_word' id='word_1_33' title='bbox 331 656 466 720; x_wconf 71' lang='lat' dir='ltr'>tracta.</span> <span class='ocrx_word' id='word_1_34' title='bbox 480 676 546 740; x_wconf 86' lang='lat' dir='ltr'>cap.</span> <span class='ocrx_word' id='word_1_35' title='bbox 561 656 591 719; x_wconf 83' lang='lat'>8.</span> <span class='ocrx_word' id='word_1_36' title='bbox 603 675 676 741; x_wconf 79' lang='lat' dir='ltr'>pap.</span> <span class='ocrx_word' id='word_1_37' title='bbox 694 655 769 720; x_wconf 81' lang='lat'>506.</span> 
     </span>
     <span class='ocr_line' id='line_1_5' title="bbox 123 741 675 829; baseline 0.002 -22"><span class='ocrx_word' id='word_1_38' title='bbox 123 741 328 818; x_wconf 79' lang='lat' dir='ltr'>Quaestiones</span> <span class='ocrx_word' id='word_1_39' title='bbox 340 744 463 829; x_wconf 87' lang='lat' dir='ltr'>aliquot</span> <span class='ocrx_word' id='word_1_40' title='bbox 478 744 675 828; x_wconf 88' lang='lat' dir='ltr'>subjicimus.</span> 
     </span>
    </p>
   </div>
   <div class='ocr_carea' id='block_1_5' title="bbox 124 831 1641 926">
    <p class='ocr_par' dir='ltr' id='par_1_5' title="bbox 124 831 1641 926">
     <span class='ocr_line' id='line_1_6' title="bbox 124 831 1641 926; baseline 0.006 -30"><span class='ocrx_word' id='word_1_41' title='bbox 124 833 150 916; x_wconf 62' lang='lat' dir='ltr'>a.</span> <span class='ocrx_word' id='word_1_42' title='bbox 163 833 191 895; x_wconf 85' lang='lat'>2.</span> <span class='ocrx_word' id='word_1_43' title='bbox 214 831 240 897; x_wconf 92' lang='lat' dir='ltr'>l.</span> <span class='ocrx_word' id='word_1_44' title='bbox 261 833 388 916; x_wconf 76' lang='lat' dir='ltr'>Quaeat.</span> <span class='ocrx_word' id='word_1_45' title='bbox 417 833 473 898; x_wconf 85' lang='lat' dir='ltr'>Ubi</span> <span class='ocrx_word' id='word_1_46' title='bbox 491 853 557 898; x_wconf 87' lang='lat' dir='ltr'>nen</span> <span class='ocrx_word' id='word_1_47' title='bbox 574 845 649 899; x_wconf 83' lang='lat' dir='ltr'>aaut</span> <span class='ocrx_word' id='word_1_48' title='bbox 665 835 800 900; x_wconf 83' lang='lat' dir='ltr'>seniores</span> <span class='ocrx_word' id='word_1_49' title='bbox 818 835 1037 920; x_wconf 78' lang='lat' dir='ltr'>puteananles,</span> <span class='ocrx_word' id='word_1_50' title='bbox 1057 838 1190 922; x_wconf 86' lang='lat' dir='ltr'>quinam</span> <span class='ocrx_word' id='word_1_51' title='bbox 1210 839 1470 926; x_wconf 68' lang='lat' dir='ltr'>presbyteralem,</span> <span class='ocrx_word' id='word_1_52' title='bbox 1486 851 1541 906; x_wconf 85' lang='lat' dir='ltr'>out</span> <span class='ocrx_word' id='word_1_53' title='bbox 1627 902 1641 916; x_wconf 79' lang='grc'><em>,</em></span> 
     </span>
    </p>
   </div>
   <div class='ocr_carea' id='block_1_6' title="bbox 18 922 1543 4569">
    <p class='ocr_par' dir='ltr' id='par_1_6' title="bbox 86 922 726 988">
     <span class='ocr_line' id='line_1_7' title="bbox 86 922 726 988; baseline 0.006 -4"><span class='ocrx_word' id='word_1_54' title='bbox 86 922 318 988; x_wconf 72' lang='lat' dir='ltr'>canister-ialam</span> <span class='ocrx_word' id='word_1_55' title='bbox 330 934 515 988; x_wconf 71' lang='lat' dir='ltr'>concoctum</span> <span class='ocrx_word' id='word_1_56' title='bbox 527 924 726 988; x_wconf 81' lang='lat' dir='ltr'>constituant.</span> 
     </span>
    </p>

    <p class='ocr_par' dir='ltr' id='par_1_7' title="bbox 85 1009 1539 1274">
     <span class='ocr_line' id='line_1_8' title="bbox 123 1009 1537 1099; baseline 0.004 -23"><span class='ocrx_word' id='word_1_57' title='bbox 123 1011 206 1094; x_wconf 81' lang='lat' dir='ltr'>desp.</span> <span class='ocrx_word' id='word_1_58' title='bbox 221 1013 251 1076; x_wconf 96' lang='grc'>1.</span> <span class='ocrx_word' id='word_1_59' title='bbox 276 1009 315 1075; x_wconf 90' lang='lat' dir='ltr'>In</span> <span class='ocrx_word' id='word_1_60' title='bbox 328 1011 453 1096; x_wconf 84' lang='lat' dir='ltr'>magnis</span> <span class='ocrx_word' id='word_1_61' title='bbox 469 1011 600 1076; x_wconf 86' lang='lat' dir='ltr'>urbibus</span> <span class='ocrx_word' id='word_1_62' title='bbox 613 1012 869 1096; x_wconf 79' lang='lat' dir='ltr'>&amp;frequentibus</span> <span class='ocrx_word' id='word_1_63' title='bbox 883 1013 1046 1093; x_wconf 89' lang='lat' dir='ltr'>Ecclesiis,</span> <span class='ocrx_word' id='word_1_64' title='bbox 1059 1015 1114 1080; x_wconf 91' lang='lat' dir='ltr'>ubi</span> <span class='ocrx_word' id='word_1_65' title='bbox 1126 1015 1233 1099; x_wconf 88' lang='lat' dir='ltr'>plures</span> <span class='ocrx_word' id='word_1_66' title='bbox 1250 1019 1324 1081; x_wconf 89' lang='lat' dir='ltr'>sunt</span> <span class='ocrx_word' id='word_1_67' title='bbox 1336 1017 1537 1082; x_wconf 88' lang='lat' dir='ltr'>concionato-</span> 
     </span>
     <span class='ocr_line' id='line_1_9' title="bbox 85 1099 1539 1189; baseline 0.005 -27"><span class='ocrx_word' id='word_1_68' title='bbox 85 1121 137 1176; x_wconf 86' lang='lat' dir='ltr'>res,</span> <span class='ocrx_word' id='word_1_69' title='bbox 151 1121 258 1164; x_wconf 92' lang='lat' dir='ltr'>omnes</span> <span class='ocrx_word' id='word_1_70' title='bbox 275 1099 370 1164; x_wconf 86' lang='lat' dir='ltr'>istius</span> <span class='ocrx_word' id='word_1_71' title='bbox 387 1099 474 1164; x_wconf 90' lang='lat' dir='ltr'>urbis</span> <span class='ocrx_word' id='word_1_72' title='bbox 488 1101 724 1166; x_wconf 84' lang='lat' dir='ltr'>concionatores</span> <span class='ocrx_word' id='word_1_73' title='bbox 736 1103 802 1165; x_wconf 82' lang='lat' dir='ltr'>sive</span> <span class='ocrx_word' id='word_1_74' title='bbox 813 1102 862 1166; x_wconf 94' lang='lat' dir='ltr'>illi</span> <span class='ocrx_word' id='word_1_75' title='bbox 874 1103 1051 1186; x_wconf 82' lang='lat' dir='ltr'>promiscua</span> <span class='ocrx_word' id='word_1_76' title='bbox 1067 1103 1101 1167; x_wconf 91' lang='lat' dir='ltr'>ia</span> <span class='ocrx_word' id='word_1_77' title='bbox 1114 1105 1261 1170; x_wconf 92' lang='lat' dir='ltr'>omnibus</span> <span class='ocrx_word' id='word_1_78' title='bbox 1273 1103 1402 1189; x_wconf 89' lang='lat' dir='ltr'>templis</span> <span class='ocrx_word' id='word_1_79' title='bbox 1416 1106 1539 1173; x_wconf 86' lang='lat' dir='ltr'>concio-</span> 
     </span>
     <span class='ocr_line' id='line_1_10' title="bbox 85 1189 1179 1274; baseline 0.005 -23"><span class='ocrx_word' id='word_1_80' title='bbox 85 1189 199 1267; x_wconf 86' lang='lat' dir='ltr'>nentur,</span> <span class='ocrx_word' id='word_1_81' title='bbox 215 1189 284 1252; x_wconf 82' lang='lat' dir='ltr'>sive</span> <span class='ocrx_word' id='word_1_82' title='bbox 297 1209 355 1252; x_wconf 88' lang='lat' dir='ltr'>suo</span> <span class='ocrx_word' id='word_1_83' title='bbox 368 1189 485 1273; x_wconf 90' lang='lat' dir='ltr'>quique</span> <span class='ocrx_word' id='word_1_84' title='bbox 496 1189 615 1273; x_wconf 91' lang='lat' dir='ltr'>templo</span> <span class='ocrx_word' id='word_1_85' title='bbox 629 1193 684 1254; x_wconf 90' lang='lat' dir='ltr'>aut</span> <span class='ocrx_word' id='word_1_86' title='bbox 700 1213 776 1254; x_wconf 89' lang='lat' dir='ltr'>suae</span> <span class='ocrx_word' id='word_1_87' title='bbox 788 1191 956 1274; x_wconf 90' lang='lat' dir='ltr'>parochiae</span> <span class='ocrx_word' id='word_1_88' title='bbox 970 1192 1093 1256; x_wconf 90' lang='lat' dir='ltr'>astricti</span> <span class='ocrx_word' id='word_1_89' title='bbox 1105 1192 1179 1257; x_wconf 89' lang='lat' dir='ltr'>sint.</span> 
     </span>
    </p>

    <p class='ocr_par' dir='ltr' id='par_1_8' title="bbox 18 1275 1542 2250">
     <span class='ocr_line' id='line_1_11' title="bbox 123 1275 1541 1362; baseline 0.004 -19"><span class='ocrx_word' id='word_1_90' title='bbox 123 1278 207 1362; x_wconf 75' lang='lat' dir='ltr'>neap.</span> <span class='ocrx_word' id='word_1_91' title='bbox 221 1279 254 1342; x_wconf 88' lang='lat'>2.</span> <span class='ocrx_word' id='word_1_92' title='bbox 280 1275 343 1342; x_wconf 81' lang='lat' dir='ltr'>Sed</span> <span class='ocrx_word' id='word_1_93' title='bbox 354 1277 388 1342; x_wconf 92' lang='lat' dir='ltr'>in</span> <span class='ocrx_word' id='word_1_94' title='bbox 400 1277 524 1362; x_wconf 84' lang='lat' dir='ltr'>oppidis</span> <span class='ocrx_word' id='word_1_95' title='bbox 538 1281 593 1342; x_wconf 91' lang='lat' dir='ltr'>aut</span> <span class='ocrx_word' id='word_1_96' title='bbox 605 1277 693 1358; x_wconf 87' lang='lat' dir='ltr'>vicis,</span> <span class='ocrx_word' id='word_1_97' title='bbox 702 1279 756 1343; x_wconf 92' lang='lat' dir='ltr'>ubi</span> <span class='ocrx_word' id='word_1_98' title='bbox 766 1303 848 1344; x_wconf 87' lang='lat' dir='ltr'>unus</span> <span class='ocrx_word' id='word_1_99' title='bbox 857 1283 982 1344; x_wconf 90' lang='lat' dir='ltr'>tantum</span> <span class='ocrx_word' id='word_1_100' title='bbox 991 1282 1258 1359; x_wconf 90' lang='lat' dir='ltr'>estconcionator,</span> <span class='ocrx_word' id='word_1_101' title='bbox 1267 1305 1325 1348; x_wconf 91' lang='lat' dir='ltr'>nec</span> <span class='ocrx_word' id='word_1_102' title='bbox 1334 1283 1392 1348; x_wconf 92' lang='lat' dir='ltr'>ulli</span> <span class='ocrx_word' id='word_1_103' title='bbox 1402 1283 1541 1350; x_wconf 87' lang='lat' dir='ltr'>seniores</span> 
     </span>
     <span class='ocr_line' id='line_1_12' title="bbox 85 1365 1539 1456; baseline 0.004 -26"><span class='ocrx_word' id='word_1_104' title='bbox 85 1365 302 1450; x_wconf 79' lang='lat' dir='ltr'>gubernantes,</span> <span class='ocrx_word' id='word_1_105' title='bbox 323 1365 421 1431; x_wconf 84' lang='lat' dir='ltr'>vicini</span> <span class='ocrx_word' id='word_1_106' title='bbox 440 1366 562 1451; x_wconf 90' lang='lat' dir='ltr'>aliquot</span> <span class='ocrx_word' id='word_1_107' title='bbox 578 1367 822 1444; x_wconf 88' lang='lat' dir='ltr'>concionatores,</span> <span class='ocrx_word' id='word_1_108' title='bbox 845 1369 978 1434; x_wconf 88' lang='lat' dir='ltr'>subinde</span> <span class='ocrx_word' id='word_1_109' title='bbox 999 1374 1055 1434; x_wconf 87' lang='lat' dir='ltr'>aut</span> <span class='ocrx_word' id='word_1_110' title='bbox 1074 1372 1166 1435; x_wconf 88' lang='lat' dir='ltr'>statis</span> <span class='ocrx_word' id='word_1_111' title='bbox 1182 1372 1379 1456; x_wconf 88' lang='lat' dir='ltr'>temporibus</span> <span class='ocrx_word' id='word_1_112' title='bbox 1392 1395 1464 1437; x_wconf 92' lang='lat' dir='ltr'>cum</span> <span class='ocrx_word' id='word_1_113' title='bbox 1480 1373 1539 1438; x_wconf 91' lang='lat' dir='ltr'>loci</span> 
     </span>
     <span class='ocr_line' id='line_1_13' title="bbox 84 1454 1542 1545; baseline 0.006 -28"><span class='ocrx_word' id='word_1_114' title='bbox 84 1454 161 1518; x_wconf 87' lang='lat' dir='ltr'>illius</span> <span class='ocrx_word' id='word_1_115' title='bbox 175 1455 579 1520; x_wconf 86' lang='lat' dir='ltr'>concionatore&#39;convenire</span> <span class='ocrx_word' id='word_1_116' title='bbox 595 1459 754 1540; x_wconf 89' lang='lat' dir='ltr'>poterant,</span> <span class='ocrx_word' id='word_1_117' title='bbox 772 1459 795 1524; x_wconf 78' lang='lat' dir='ltr'>a</span> <span class='ocrx_word' id='word_1_118' title='bbox 810 1457 1034 1523; x_wconf 86' lang='lat' dir='ltr'>Ecclesiastica</span> <span class='ocrx_word' id='word_1_119' title='bbox 1049 1459 1106 1523; x_wconf 90' lang='lat' dir='ltr'>illa</span> <span class='ocrx_word' id='word_1_120' title='bbox 1117 1461 1247 1545; x_wconf 85' lang='lat' dir='ltr'>negotia</span> <span class='ocrx_word' id='word_1_121' title='bbox 1259 1465 1407 1540; x_wconf 89' lang='lat' dir='ltr'>tractare,</span> <span class='ocrx_word' id='word_1_122' title='bbox 1424 1483 1505 1545; x_wconf 88' lang='lat' dir='ltr'>quae</span> <span class='ocrx_word' id='word_1_123' title='bbox 1522 1465 1542 1526; x_wconf 80' lang='lat' dir='ltr'>a</span> 
     </span>
     <span class='ocr_line' id='line_1_14' title="bbox 84 1543 1540 1634; baseline 0.004 -26"><span class='ocrx_word' id='word_1_124' title='bbox 84 1543 219 1628; x_wconf 79' lang='lat' dir='ltr'>synedrio</span> <span class='ocrx_word' id='word_1_125' title='bbox 238 1567 297 1608; x_wconf 90' lang='lat' dir='ltr'>seu</span> <span class='ocrx_word' id='word_1_126' title='bbox 316 1544 452 1629; x_wconf 83' lang='lat' dir='ltr'>collegio</span> <span class='ocrx_word' id='word_1_127' title='bbox 470 1545 703 1630; x_wconf 87' lang='lat' dir='ltr'>presbyteriali,</span> <span class='ocrx_word' id='word_1_128' title='bbox 720 1546 878 1629; x_wconf 91' lang='lat' dir='ltr'>siquidem</span> <span class='ocrx_word' id='word_1_129' title='bbox 890 1547 962 1612; x_wconf 88' lang='lat' dir='ltr'>istic</span> <span class='ocrx_word' id='word_1_130' title='bbox 973 1552 1068 1627; x_wconf 90' lang='lat' dir='ltr'>esset,</span> <span class='ocrx_word' id='word_1_131' title='bbox 1080 1552 1303 1614; x_wconf 87' lang='lat' dir='ltr'>tractarentur.</span> <span class='ocrx_word' id='word_1_132' title='bbox 1327 1549 1441 1634; x_wconf 90' lang='lat' dir='ltr'>Neque</span> <span class='ocrx_word' id='word_1_133' title='bbox 1455 1550 1540 1614; x_wconf 83' lang='lat' dir='ltr'>eninr</span> 
     </span>
     <span class='ocr_line' id='line_1_15' title="bbox 85 1633 1542 1722; baseline 0.004 -25"><span class='ocrx_word' id='word_1_134' title='bbox 85 1635 180 1697; x_wconf 89' lang='lat' dir='ltr'>tntum</span> <span class='ocrx_word' id='word_1_135' title='bbox 200 1637 262 1712; x_wconf 91' lang='lat' dir='ltr'>est,</span> <span class='ocrx_word' id='word_1_136' title='bbox 282 1655 340 1698; x_wconf 89' lang='lat' dir='ltr'>nec</span> <span class='ocrx_word' id='word_1_137' title='bbox 355 1633 512 1712; x_wconf 91' lang='lat' dir='ltr'>decorum,</span> <span class='ocrx_word' id='word_1_138' title='bbox 532 1638 570 1698; x_wconf 87' lang='lat' dir='ltr'>ut</span> <span class='ocrx_word' id='word_1_139' title='bbox 581 1635 687 1698; x_wconf 89' lang='lat' dir='ltr'>omnia</span> <span class='ocrx_word' id='word_1_140' title='bbox 699 1635 756 1699; x_wconf 90' lang='lat' dir='ltr'>illa</span> <span class='ocrx_word' id='word_1_141' title='bbox 768 1639 907 1720; x_wconf 86' lang='lat' dir='ltr'>agantur</span> <span class='ocrx_word' id='word_1_142' title='bbox 918 1636 958 1700; x_wconf 91' lang='lat' dir='ltr'>ab</span> <span class='ocrx_word' id='word_1_143' title='bbox 975 1657 1038 1700; x_wconf 90' lang='lat' dir='ltr'>uno</span> <span class='ocrx_word' id='word_1_144' title='bbox 1050 1637 1286 1703; x_wconf 88' lang='lat' dir='ltr'>concionatore:</span> <span class='ocrx_word' id='word_1_145' title='bbox 1304 1638 1461 1722; x_wconf 89' lang='lat' dir='ltr'>imprimis</span> <span class='ocrx_word' id='word_1_146' title='bbox 1474 1639 1501 1702; x_wconf 91' lang='lat' dir='ltr'>si</span> <span class='ocrx_word' id='word_1_147' title='bbox 1514 1662 1542 1704; x_wconf 93' lang='lat' dir='ltr'>e.</span> 
     </span>
     <span class='ocr_line' id='line_1_16' title="bbox 84 1721 1541 1812; baseline 0.003 -26"><span class='ocrx_word' id='word_1_148' title='bbox 84 1742 126 1804; x_wconf 82' lang='lat' dir='ltr'>gr.</span> <span class='ocrx_word' id='word_1_149' title='bbox 144 1721 339 1787; x_wconf 86' lang='lat' dir='ltr'>decernenda</span> <span class='ocrx_word' id='word_1_150' title='bbox 357 1726 441 1788; x_wconf 89' lang='lat' dir='ltr'>esset</span> <span class='ocrx_word' id='word_1_151' title='bbox 452 1722 585 1807; x_wconf 87' lang='lat' dir='ltr'>alicujus</span> <span class='ocrx_word' id='word_1_152' title='bbox 597 1723 763 1807; x_wconf 89' lang='lat' dir='ltr'>suspensio</span> <span class='ocrx_word' id='word_1_153' title='bbox 779 1729 907 1789; x_wconf 84' lang='lat' dir='ltr'>acoena</span> <span class='ocrx_word' id='word_1_154' title='bbox 924 1725 1053 1804; x_wconf 90' lang='lat' dir='ltr'>domini,</span> <span class='ocrx_word' id='word_1_155' title='bbox 1067 1727 1280 1810; x_wconf 87' lang='lat' dir='ltr'>ejusdemque,</span> <span class='ocrx_word' id='word_1_156' title='bbox 1293 1727 1406 1811; x_wconf 91' lang='lat' dir='ltr'>positis</span> <span class='ocrx_word' id='word_1_157' title='bbox 1417 1749 1541 1812; x_wconf 90' lang='lat' dir='ltr'>ponen-</span> 
     </span>
     <span class='ocr_line' id='line_1_17' title="bbox 84 1811 1538 1900; baseline 0.003 -25"><span class='ocrx_word' id='word_1_158' title='bbox 84 1811 133 1885; x_wconf 81' lang='lat' dir='ltr'>dis,</span> <span class='ocrx_word' id='word_1_159' title='bbox 151 1811 367 1876; x_wconf 85' lang='lat' dir='ltr'>reconciliatio</span> <span class='ocrx_word' id='word_1_160' title='bbox 387 1811 576 1878; x_wconf 82' lang='lat' dir='ltr'>&amp;admissio</span> <span class='ocrx_word' id='word_1_161' title='bbox 596 1812 636 1878; x_wconf 90' lang='lat' dir='ltr'>ad</span> <span class='ocrx_word' id='word_1_162' title='bbox 654 1833 793 1877; x_wconf 89' lang='lat' dir='ltr'>coenam.</span> <span class='ocrx_word' id='word_1_163' title='bbox 817 1812 902 1877; x_wconf 89' lang='lat' dir='ltr'>Illud</span> <span class='ocrx_word' id='word_1_164' title='bbox 923 1813 1014 1898; x_wconf 88' lang='lat' dir='ltr'>quasi</span> <span class='ocrx_word' id='word_1_165' title='bbox 1034 1815 1271 1880; x_wconf 89' lang='lat' dir='ltr'>monarchicum</span> <span class='ocrx_word' id='word_1_166' title='bbox 1286 1816 1430 1900; x_wconf 80' lang='lat' dir='ltr'>regimen</span> <span class='ocrx_word' id='word_1_167' title='bbox 1444 1815 1538 1880; x_wconf 91' lang='lat' dir='ltr'>unius</span> 
     </span>
     <span class='ocr_line' id='line_1_18' title="bbox 85 1900 1537 1986; baseline 0.005 -23"><span class='ocrx_word' id='word_1_168' title='bbox 85 1901 316 1978; x_wconf 87' lang='lat' dir='ltr'>concionatoris,</span> <span class='ocrx_word' id='word_1_169' title='bbox 336 1905 403 1965; x_wconf 89' lang='lat' dir='ltr'>tam</span> <span class='ocrx_word' id='word_1_170' title='bbox 422 1900 530 1984; x_wconf 91' lang='lat' dir='ltr'>procul</span> <span class='ocrx_word' id='word_1_171' title='bbox 543 1901 663 1966; x_wconf 91' lang='lat' dir='ltr'>habent</span> <span class='ocrx_word' id='word_1_172' title='bbox 678 1901 840 1966; x_wconf 85' lang='lat' dir='ltr'>Ecclesiae</span> <span class='ocrx_word' id='word_1_173' title='bbox 853 1901 1064 1986; x_wconf 80' lang='lat' dir='ltr'>Belgicae,&#39;ut</span> <span class='ocrx_word' id='word_1_174' title='bbox 1075 1903 1108 1967; x_wconf 92' lang='lat' dir='ltr'>in</span> <span class='ocrx_word' id='word_1_175' title='bbox 1121 1904 1229 1968; x_wconf 91' lang='lat' dir='ltr'>ordine</span> <span class='ocrx_word' id='word_1_176' title='bbox 1242 1926 1298 1969; x_wconf 92' lang='lat' dir='ltr'>suo</span> <span class='ocrx_word' id='word_1_177' title='bbox 1314 1905 1537 1970; x_wconf 87' lang='lat' dir='ltr'>Ecclesiastico</span> 
     </span>
     <span class='ocr_line' id='line_1_19' title="bbox 18 1989 1542 2080; baseline 0.005 -28"><span class='ocrx_word' id='word_1_178' title='bbox 18 2049 27 2067; x_wconf 88' lang='grc'>,</span> <span class='ocrx_word' id='word_1_179' title='bbox 85 2011 158 2052; x_wconf 87' lang='lat' dir='ltr'>anno</span> <span class='ocrx_word' id='word_1_180' title='bbox 180 1989 277 2053; x_wconf 83' lang='grc'><strong>1619.</strong></span> <span class='ocrx_word' id='word_1_181' title='bbox 300 1989 390 2053; x_wconf 86' lang='lat' dir='ltr'>artic.</span> <span class='ocrx_word' id='word_1_182' title='bbox 408 1990 459 2053; x_wconf 88' lang='grc'>39.</span> <span class='ocrx_word' id='word_1_183' title='bbox 477 1990 664 2054; x_wconf 85' lang='lat' dir='ltr'>statuerint:</span> <span class='ocrx_word' id='word_1_184' title='bbox 678 1991 717 2056; x_wconf 89' lang='lat' dir='ltr'>Iu</span> <span class='ocrx_word' id='word_1_185' title='bbox 733 1991 806 2056; x_wconf 85' lang='lat' dir='ltr'>locis</span> <span class='ocrx_word' id='word_1_186' title='bbox 818 1991 872 2056; x_wconf 84' lang='lat' dir='ltr'>rati</span> <span class='ocrx_word' id='word_1_187' title='bbox 883 1993 1029 2056; x_wconf 73' lang='lat' dir='ltr'>madiam</span> <span class='ocrx_word' id='word_1_188' title='bbox 1041 1991 1171 2058; x_wconf 71' lang='lat' dir='ltr'>liubana·</span> <span class='ocrx_word' id='word_1_189' title='bbox 1182 1993 1378 2080; x_wconf 73' lang='lat' dir='ltr'>synedria-m,</span> <span class='ocrx_word' id='word_1_190' title='bbox 1390 1995 1542 2059; x_wconf 80' lang='lat' dir='ltr'>intereat</span> 
     </span>
     <span class='ocr_line' id='line_1_20' title="bbox 83 2079 1541 2167; baseline 0.003 -24"><span class='ocrx_word' id='word_1_191' title='bbox 83 2079 170 2143; x_wconf 72' lang='lat' dir='ltr'>darae</span> <span class='ocrx_word' id='word_1_192' title='bbox 186 2091 332 2166; x_wconf 67' lang='lat' dir='ltr'>merctur,</span> <span class='ocrx_word' id='word_1_193' title='bbox 352 2099 432 2164; x_wconf 88' lang='lat' dir='ltr'>quae</span> <span class='ocrx_word' id='word_1_194' title='bbox 449 2079 568 2166; x_wconf 84' lang='lat' dir='ltr'>alioqui</span> <span class='ocrx_word' id='word_1_195' title='bbox 586 2080 732 2167; x_wconf 80' lang='lat' dir='ltr'>synedrio</span> <span class='ocrx_word' id='word_1_196' title='bbox 748 2081 869 2165; x_wconf 77' lang='lat' dir='ltr'>upmdu</span> <span class='ocrx_word' id='word_1_197' title='bbox 881 2081 1053 2146; x_wconf 78' lang='lat' dir='ltr'>secundare</span> <span class='ocrx_word' id='word_1_198' title='bbox 1065 2083 1208 2148; x_wconf 80' lang='lat' dir='ltr'>ordinem</span> <span class='ocrx_word' id='word_1_199' title='bbox 1219 2083 1466 2149; x_wconf 82' lang='lat' dir='ltr'>Ecclesiasticum</span> <span class='ocrx_word' id='word_1_200' title='bbox 1480 2083 1541 2148; x_wconf 86' lang='lat' dir='ltr'>im·</span> 
     </span>
     <span class='ocr_line' id='line_1_21' title="bbox 84 2179 250 2250; baseline -0.012 -16"><span class='ocrx_word' id='word_1_201' title='bbox 84 2179 250 2250; x_wconf 71' lang='lat' dir='ltr'>moueatur.</span> 
     </span>
    </p>

    <p class='ocr_par' dir='ltr' id='par_1_9' title="bbox 123 2254 1079 2345">
     <span class='ocr_line' id='line_1_22' title="bbox 123 2254 1079 2345; baseline 0.006 -25"><span class='ocrx_word' id='word_1_202' title='bbox 123 2254 161 2320; x_wconf 82' lang='lat' dir='ltr'>ll.</span> <span class='ocrx_word' id='word_1_203' title='bbox 178 2259 305 2340; x_wconf 79' lang='lat' dir='ltr'>Quaest.</span> <span class='ocrx_word' id='word_1_204' title='bbox 326 2257 391 2324; x_wconf 84' lang='lat' dir='ltr'>‘Uti</span> <span class='ocrx_word' id='word_1_205' title='bbox 405 2255 564 2343; x_wconf 69' lang='lat' dir='ltr'>aquatica</span> <span class='ocrx_word' id='word_1_206' title='bbox 576 2257 760 2345; x_wconf 75' lang='lat' dir='ltr'>synedrium</span> <span class='ocrx_word' id='word_1_207' title='bbox 773 2271 1000 2326; x_wconf 79' lang='lat' dir='ltr'>conuenturum</span> <span class='ocrx_word' id='word_1_208' title='bbox 1011 2263 1079 2326; x_wconf 81' lang='lat' dir='ltr'>est?</span> 
     </span>
    </p>

    <p class='ocr_par' dir='ltr' id='par_1_10' title="bbox 85 2343 1540 2610">
     <span class='ocr_line' id='line_1_23' title="bbox 123 2343 1540 2433; baseline 0.004 -21"><span class='ocrx_word' id='word_1_209' title='bbox 123 2347 210 2430; x_wconf 70' lang='lat' dir='ltr'>lamp.</span> <span class='ocrx_word' id='word_1_210' title='bbox 232 2347 263 2410; x_wconf 93' lang='lat'>1.</span> <span class='ocrx_word' id='word_1_211' title='bbox 286 2343 326 2410; x_wconf 90' lang='lat' dir='ltr'>In</span> <span class='ocrx_word' id='word_1_212' title='bbox 345 2346 487 2411; x_wconf 81' lang='lat' dir='ltr'>conclavi</span> <span class='ocrx_word' id='word_1_213' title='bbox 499 2346 741 2430; x_wconf 90' lang='lat' dir='ltr'>Ecclesiastico;</span> <span class='ocrx_word' id='word_1_214' title='bbox 753 2347 815 2412; x_wconf 91' lang='lat' dir='ltr'>nisi</span> <span class='ocrx_word' id='word_1_215' title='bbox 828 2347 861 2412; x_wconf 90' lang='lat' dir='ltr'>in</span> <span class='ocrx_word' id='word_1_216' title='bbox 873 2348 981 2433; x_wconf 88' lang='lat' dir='ltr'>aliquo</span> <span class='ocrx_word' id='word_1_217' title='bbox 992 2350 1121 2414; x_wconf 86' lang='lat' dir='ltr'>turbato</span> <span class='ocrx_word' id='word_1_218' title='bbox 1134 2353 1220 2414; x_wconf 88' lang='lat' dir='ltr'>statu</span> <span class='ocrx_word' id='word_1_219' title='bbox 1234 2371 1351 2429; x_wconf 91' lang='lat' dir='ltr'>rerum,</span> <span class='ocrx_word' id='word_1_220' title='bbox 1365 2353 1540 2418; x_wconf 87' lang='lat' dir='ltr'>consultius</span> 
     </span>
     <span class='ocr_line' id='line_1_24' title="bbox 85 2433 1540 2524; baseline 0.006 -26"><span class='ocrx_word' id='word_1_221' title='bbox 85 2439 251 2499; x_wconf 84' lang='lat' dir='ltr'>censeatur.</span> <span class='ocrx_word' id='word_1_222' title='bbox 276 2433 367 2510; x_wconf 84' lang='lat' dir='ltr'>Quod</span> <span class='ocrx_word' id='word_1_223' title='bbox 390 2435 417 2500; x_wconf 93' lang='lat' dir='ltr'>si</span> <span class='ocrx_word' id='word_1_224' title='bbox 437 2435 562 2500; x_wconf 89' lang='lat' dir='ltr'>nullum</span> <span class='ocrx_word' id='word_1_225' title='bbox 582 2435 625 2500; x_wconf 92' lang='lat' dir='ltr'>sit</span> <span class='ocrx_word' id='word_1_226' title='bbox 637 2437 784 2502; x_wconf 86' lang='lat' dir='ltr'>conclave</span> <span class='ocrx_word' id='word_1_227' title='bbox 796 2435 1056 2503; x_wconf 89' lang='lat' dir='ltr'>Ecclesiasticum</span> <span class='ocrx_word' id='word_1_228' title='bbox 1068 2441 1242 2504; x_wconf 88' lang='lat' dir='ltr'>conventus</span> <span class='ocrx_word' id='word_1_229' title='bbox 1253 2439 1365 2504; x_wconf 88' lang='lat' dir='ltr'>haberi</span> <span class='ocrx_word' id='word_1_230' title='bbox 1378 2441 1495 2524; x_wconf 90' lang='lat' dir='ltr'>poterit</span> <span class='ocrx_word' id='word_1_231' title='bbox 1506 2443 1540 2507; x_wconf 91' lang='lat' dir='ltr'>ia</span> 
     </span>
     <span class='ocr_line' id='line_1_25' title="bbox 85 2522 626 2610; baseline 0.002 -22"><span class='ocrx_word' id='word_1_232' title='bbox 85 2522 171 2588; x_wconf 84' lang='lat' dir='ltr'>choro</span> <span class='ocrx_word' id='word_1_233' title='bbox 183 2524 223 2603; x_wconf 89' lang='lat' dir='ltr'>(si</span> <span class='ocrx_word' id='word_1_234' title='bbox 235 2525 292 2604; x_wconf 89' lang='lat' dir='ltr'>sit)</span> <span class='ocrx_word' id='word_1_235' title='bbox 304 2528 361 2588; x_wconf 90' lang='lat' dir='ltr'>aut</span> <span class='ocrx_word' id='word_1_236' title='bbox 373 2524 406 2589; x_wconf 95' lang='lat' dir='ltr'>in</span> <span class='ocrx_word' id='word_1_237' title='bbox 419 2525 493 2589; x_wconf 87' lang='lat' dir='ltr'>navi</span> <span class='ocrx_word' id='word_1_238' title='bbox 504 2526 626 2610; x_wconf 86' lang='lat' dir='ltr'>templi.</span> 
     </span>
    </p>

    <p class='ocr_par' dir='ltr' id='par_1_11' title="bbox 85 2612 1541 3323">
     <span class='ocr_line' id='line_1_26' title="bbox 123 2612 1539 2700; baseline 0.004 -22"><span class='ocrx_word' id='word_1_239' title='bbox 123 2613 208 2697; x_wconf 77' lang='lat' dir='ltr'>desp.</span> <span class='ocrx_word' id='word_1_240' title='bbox 222 2615 253 2677; x_wconf 84' lang='lat'>2.</span> <span class='ocrx_word' id='word_1_241' title='bbox 280 2612 330 2678; x_wconf 92' lang='lat' dir='ltr'>De</span> <span class='ocrx_word' id='word_1_242' title='bbox 341 2613 466 2698; x_wconf 91' lang='lat' dir='ltr'>quoties</span> <span class='ocrx_word' id='word_1_243' title='bbox 478 2613 625 2678; x_wconf 89' lang='lat' dir='ltr'>habendo</span> <span class='ocrx_word' id='word_1_244' title='bbox 637 2619 803 2690; x_wconf 87' lang='lat' dir='ltr'>conventu,</span> <span class='ocrx_word' id='word_1_245' title='bbox 817 2615 1041 2682; x_wconf 87' lang='lat' dir='ltr'>universaliter</span> <span class='ocrx_word' id='word_1_246' title='bbox 1056 2617 1108 2682; x_wconf 83' lang='lat' dir='ltr'>vix</span> <span class='ocrx_word' id='word_1_247' title='bbox 1122 2616 1325 2682; x_wconf 90' lang='lat' dir='ltr'>determinari</span> <span class='ocrx_word' id='word_1_248' title='bbox 1338 2622 1452 2700; x_wconf 91' lang='lat' dir='ltr'>potest.</span> <span class='ocrx_word' id='word_1_249' title='bbox 1470 2619 1539 2684; x_wconf 90' lang='lat' dir='ltr'>No-</span> 
     </span>
     <span class='ocr_line' id='line_1_27' title="bbox 86 2702 1540 2783; baseline 0.006 -19"><span class='ocrx_word' id='word_1_250' title='bbox 86 2705 142 2764; x_wconf 84' lang='lat' dir='ltr'>ster</span> <span class='ocrx_word' id='word_1_251' title='bbox 152 2704 226 2766; x_wconf 91' lang='lat' dir='ltr'>erdo</span> <span class='ocrx_word' id='word_1_252' title='bbox 238 2702 480 2770; x_wconf 82' lang='lat' dir='ltr'>Ecclesiasticus</span> <span class='ocrx_word' id='word_1_253' title='bbox 492 2705 578 2768; x_wconf 87' lang='lat' dir='ltr'>artic.</span> <span class='ocrx_word' id='word_1_254' title='bbox 593 2703 645 2767; x_wconf 84' lang='lat'>37.</span> <span class='ocrx_word' id='word_1_255' title='bbox 659 2704 783 2783; x_wconf 88' lang='lat' dir='ltr'>statuit,</span> <span class='ocrx_word' id='word_1_256' title='bbox 796 2705 836 2768; x_wconf 91' lang='lat' dir='ltr'>ad</span> <span class='ocrx_word' id='word_1_257' title='bbox 848 2705 1016 2769; x_wconf 89' lang='lat' dir='ltr'>minimum</span> <span class='ocrx_word' id='word_1_258' title='bbox 1030 2707 1127 2771; x_wconf 90' lang='lat' dir='ltr'>semel</span> <span class='ocrx_word' id='word_1_259' title='bbox 1136 2705 1393 2771; x_wconf 88' lang='lat' dir='ltr'>hebdomadatim</span> <span class='ocrx_word' id='word_1_260' title='bbox 1404 2731 1540 2773; x_wconf 86' lang='lat' dir='ltr'>conven-</span> 
     </span>
     <span class='ocr_line' id='line_1_28' title="bbox 85 2790 1538 2877; baseline 0.007 -25"><span class='ocrx_word' id='word_1_261' title='bbox 85 2793 145 2854; x_wconf 88' lang='lat' dir='ltr'>tum</span> <span class='ocrx_word' id='word_1_262' title='bbox 163 2790 357 2857; x_wconf 90' lang='lat' dir='ltr'>habendum.</span> <span class='ocrx_word' id='word_1_263' title='bbox 380 2791 471 2868; x_wconf 80' lang='lat' dir='ltr'>Quod</span> <span class='ocrx_word' id='word_1_264' title='bbox 492 2791 525 2856; x_wconf 92' lang='lat' dir='ltr'>in</span> <span class='ocrx_word' id='word_1_265' title='bbox 544 2792 718 2877; x_wconf 88' lang='lat' dir='ltr'>majoribus</span> <span class='ocrx_word' id='word_1_266' title='bbox 741 2793 1052 2877; x_wconf 77' lang='lat' dir='ltr'>&amp;frequentioribus</span> <span class='ocrx_word' id='word_1_267' title='bbox 1071 2794 1222 2860; x_wconf 85' lang='lat' dir='ltr'>Ecclesiis</span> <span class='ocrx_word' id='word_1_268' title='bbox 1247 2795 1375 2859; x_wconf 89' lang='lat' dir='ltr'>omnino</span> <span class='ocrx_word' id='word_1_269' title='bbox 1396 2819 1538 2862; x_wconf 89' lang='lat' dir='ltr'>necessa·</span> 
     </span>
     <span class='ocr_line' id='line_1_29' title="bbox 88 2877 1541 2970; baseline 0.008 -30"><span class='ocrx_word' id='word_1_270' title='bbox 88 2877 158 2944; x_wconf 87' lang='lat' dir='ltr'>rium</span> <span class='ocrx_word' id='word_1_271' title='bbox 176 2880 337 2956; x_wconf 86' lang='lat' dir='ltr'>ducimus;</span> <span class='ocrx_word' id='word_1_272' title='bbox 352 2880 396 2945; x_wconf 92' lang='lat' dir='ltr'>sic</span> <span class='ocrx_word' id='word_1_273' title='bbox 412 2885 521 2945; x_wconf 91' lang='lat' dir='ltr'>tamen</span> <span class='ocrx_word' id='word_1_274' title='bbox 533 2884 569 2944; x_wconf 91' lang='lat' dir='ltr'>ut</span> <span class='ocrx_word' id='word_1_275' title='bbox 581 2882 782 2966; x_wconf 88' lang='lat' dir='ltr'>negotiorum</span> <span class='ocrx_word' id='word_1_276' title='bbox 794 2882 1010 2963; x_wconf 86' lang='lat' dir='ltr'>multitudine,</span> <span class='ocrx_word' id='word_1_277' title='bbox 1025 2885 1048 2950; x_wconf 83' lang='grc'>81</span> <span class='ocrx_word' id='word_1_278' title='bbox 1061 2884 1214 2968; x_wconf 88' lang='lat' dir='ltr'>peculiari</span> <span class='ocrx_word' id='word_1_279' title='bbox 1229 2883 1391 2953; x_wconf 87' lang='lat' dir='ltr'>occasione</span> <span class='ocrx_word' id='word_1_280' title='bbox 1405 2889 1541 2970; x_wconf 85' lang='lat' dir='ltr'>urgente</span> 
     </span>
     <span class='ocr_line' id='line_1_30' title="bbox 87 2969 1540 3057; baseline 0.004 -25"><span class='ocrx_word' id='word_1_281' title='bbox 87 2969 320 3034; x_wconf 78' lang='lat' dir='ltr'>extraordinarii</span> <span class='ocrx_word' id='word_1_282' title='bbox 340 2973 511 3034; x_wconf 84' lang='lat' dir='ltr'>conventus</span> <span class='ocrx_word' id='word_1_283' title='bbox 532 2993 626 3054; x_wconf 87' lang='lat' dir='ltr'>saepe</span> <span class='ocrx_word' id='word_1_284' title='bbox 642 2971 831 3036; x_wconf 89' lang='lat' dir='ltr'>indicentur.</span> <span class='ocrx_word' id='word_1_285' title='bbox 854 2971 891 3036; x_wconf 92' lang='lat' dir='ltr'>In</span> <span class='ocrx_word' id='word_1_286' title='bbox 907 2972 1014 3056; x_wconf 89' lang='lat' dir='ltr'>parvis</span> <span class='ocrx_word' id='word_1_287' title='bbox 1027 2973 1050 3036; x_wconf 79' lang='lat' dir='ltr'>a</span> <span class='ocrx_word' id='word_1_288' title='bbox 1062 2972 1365 3057; x_wconf 82' lang='lat' dir='ltr'>infrequentioribus</span> <span class='ocrx_word' id='word_1_289' title='bbox 1378 2973 1540 3054; x_wconf 88' lang='lat' dir='ltr'>Ecclesiis,</span> 
     </span>
     <span class='ocr_line' id='line_1_31' title="bbox 88 3057 1541 3148; baseline 0.007 -30"><span class='ocrx_word' id='word_1_290' title='bbox 88 3057 237 3124; x_wconf 85' lang='lat' dir='ltr'>sufficeret</span> <span class='ocrx_word' id='word_1_291' title='bbox 248 3059 331 3123; x_wconf 83' lang='lat' dir='ltr'>forte</span> <span class='ocrx_word' id='word_1_292' title='bbox 344 3063 381 3122; x_wconf 89' lang='lat' dir='ltr'>ut</span> <span class='ocrx_word' id='word_1_293' title='bbox 393 3057 523 3123; x_wconf 90' lang='lat' dir='ltr'>alternis</span> <span class='ocrx_word' id='word_1_294' title='bbox 535 3059 786 3125; x_wconf 88' lang='lat' dir='ltr'>hebdomadibus</span> <span class='ocrx_word' id='word_1_295' title='bbox 799 3065 971 3126; x_wconf 89' lang='lat' dir='ltr'>conventus</span> <span class='ocrx_word' id='word_1_296' title='bbox 985 3063 1135 3146; x_wconf 77' lang='lat' dir='ltr'>agatur&amp;</span> <span class='ocrx_word' id='word_1_297' title='bbox 1148 3063 1175 3126; x_wconf 92' lang='lat' dir='ltr'>si</span> <span class='ocrx_word' id='word_1_298' title='bbox 1188 3062 1323 3144; x_wconf 90' lang='lat' dir='ltr'>paucula</span> <span class='ocrx_word' id='word_1_299' title='bbox 1334 3061 1407 3128; x_wconf 88' lang='lat' dir='ltr'>istic</span> <span class='ocrx_word' id='word_1_300' title='bbox 1417 3064 1541 3148; x_wconf 85' lang='lat' dir='ltr'>agenda</span> 
     </span>
     <span class='ocr_line' id='line_1_32' title="bbox 88 3147 1540 3236; baseline 0.005 -26"><span class='ocrx_word' id='word_1_301' title='bbox 88 3151 251 3225; x_wconf 75' lang='lat' dir='ltr'>mannent,</span> <span class='ocrx_word' id='word_1_302' title='bbox 271 3147 431 3232; x_wconf 90' lang='lat' dir='ltr'>reliquum</span> <span class='ocrx_word' id='word_1_303' title='bbox 443 3148 595 3231; x_wconf 88' lang='lat' dir='ltr'>temporis</span> <span class='ocrx_word' id='word_1_304' title='bbox 607 3148 808 3233; x_wconf 89' lang='lat' dir='ltr'>impendatur</span> <span class='ocrx_word' id='word_1_305' title='bbox 819 3149 853 3213; x_wconf 91' lang='lat' dir='ltr'>in</span> <span class='ocrx_word' id='word_1_306' title='bbox 865 3149 1067 3216; x_wconf 90' lang='lat' dir='ltr'>collationem</span> <span class='ocrx_word' id='word_1_307' title='bbox 1079 3173 1174 3234; x_wconf 89' lang='lat' dir='ltr'>super</span> <span class='ocrx_word' id='word_1_308' title='bbox 1186 3151 1235 3227; x_wconf 91' lang='lat' dir='ltr'>iis,</span> <span class='ocrx_word' id='word_1_309' title='bbox 1249 3172 1330 3234; x_wconf 88' lang='lat' dir='ltr'>quae</span> <span class='ocrx_word' id='word_1_310' title='bbox 1343 3152 1382 3216; x_wconf 86' lang='lat' dir='ltr'>ad</span> <span class='ocrx_word' id='word_1_311' title='bbox 1396 3153 1540 3236; x_wconf 80' lang='lat' dir='ltr'>regimen</span> 
     </span>
     <span class='ocr_line' id='line_1_33' title="bbox 88 3233 1127 3323; baseline 0.003 -21"><span class='ocrx_word' id='word_1_312' title='bbox 88 3233 248 3314; x_wconf 72' lang='lat' dir='ltr'>aeclesiae,</span> <span class='ocrx_word' id='word_1_313' title='bbox 258 3237 352 3320; x_wconf 83' lang='lat' dir='ltr'>juxta</span> <span class='ocrx_word' id='word_1_314' title='bbox 366 3237 509 3302; x_wconf 90' lang='lat' dir='ltr'>ordinem</span> <span class='ocrx_word' id='word_1_315' title='bbox 522 3242 665 3302; x_wconf 90' lang='lat' dir='ltr'>nostrum</span> <span class='ocrx_word' id='word_1_316' title='bbox 681 3237 941 3304; x_wconf 89' lang='lat' dir='ltr'>Ecclesiasticum</span> <span class='ocrx_word' id='word_1_317' title='bbox 957 3239 1127 3323; x_wconf 88' lang='lat' dir='ltr'>pertinent.</span> 
     </span>
    </p>

    <p class='ocr_par' dir='ltr' id='par_1_12' title="bbox 90 3321 1539 3501">
     <span class='ocr_line' id='line_1_34' title="bbox 127 3321 1539 3418; baseline 0.006 -30"><span class='ocrx_word' id='word_1_318' title='bbox 127 3321 180 3390; x_wconf 87' lang='lat' dir='ltr'>lll.</span> <span class='ocrx_word' id='word_1_319' title='bbox 199 3327 323 3408; x_wconf 78' lang='lat' dir='ltr'>Qrcoest.</span> <span class='ocrx_word' id='word_1_320' title='bbox 350 3327 511 3408; x_wconf 80' lang='lat' dir='ltr'>Qcmrraodo</span> <span class='ocrx_word' id='word_1_321' title='bbox 520 3326 651 3409; x_wconf 75' lang='lat' dir='ltr'>probari</span> <span class='ocrx_word' id='word_1_322' title='bbox 659 3329 759 3411; x_wconf 81' lang='lat' dir='ltr'>possit</span> <span class='ocrx_word' id='word_1_323' title='bbox 771 3329 956 3414; x_wconf 76' lang='lat' dir='ltr'>syrmdrium</span> <span class='ocrx_word' id='word_1_324' title='bbox 968 3329 1094 3415; x_wconf 84' lang='lat' dir='ltr'>ejusque</span> <span class='ocrx_word' id='word_1_325' title='bbox 1104 3341 1272 3394; x_wconf 83' lang='lat' dir='ltr'>concentus</span> <span class='ocrx_word' id='word_1_326' title='bbox 1284 3331 1319 3395; x_wconf 87' lang='lat' dir='ltr'>ia</span> <span class='ocrx_word' id='word_1_327' title='bbox 1330 3333 1453 3418; x_wconf 83' lang='lat' dir='ltr'>quaque</span> <span class='ocrx_word' id='word_1_328' title='bbox 1461 3351 1539 3415; x_wconf 84' lang='lat' dir='ltr'>pur-</span> 
     </span>
     <span class='ocr_line' id='line_1_35' title="bbox 90 3413 683 3501; baseline 0.01 -29"><span class='ocrx_word' id='word_1_329' title='bbox 90 3413 202 3478; x_wconf 86' lang='lat' dir='ltr'>a&#39;culari</span> <span class='ocrx_word' id='word_1_330' title='bbox 215 3415 315 3498; x_wconf 83' lang='lat' dir='ltr'>topica</span> <span class='ocrx_word' id='word_1_331' title='bbox 326 3415 483 3480; x_wconf 81' lang='lat' dir='ltr'>Ecclesia?</span> <span class='ocrx_word' id='word_1_332' title='bbox 496 3416 587 3501; x_wconf 83' lang='lat' dir='ltr'>[pag.</span> <span class='ocrx_word' id='word_1_333' title='bbox 602 3415 683 3501; x_wconf 89' lang='grc'><strong>116]</strong></span> 
     </span>
    </p>

    <p class='ocr_par' dir='ltr' id='par_1_13' title="bbox 88 3502 1543 4481">
     <span class='ocr_line' id='line_1_36' title="bbox 127 3502 1541 3592; baseline 0.004 -25"><span class='ocrx_word' id='word_1_334' title='bbox 127 3502 211 3587; x_wconf 80' lang='lat' dir='ltr'>drap.</span> <span class='ocrx_word' id='word_1_335' title='bbox 238 3505 268 3566; x_wconf 91' lang='grc'>1.</span> <span class='ocrx_word' id='word_1_336' title='bbox 297 3503 345 3568; x_wconf 79' lang='lat' dir='ltr'>En</span> <span class='ocrx_word' id='word_1_337' title='bbox 364 3503 569 3588; x_wconf 85' lang='lat' dir='ltr'>presbyteris,</span> <span class='ocrx_word' id='word_1_338' title='bbox 589 3505 852 3585; x_wconf 87' lang='lat' dir='ltr'>antecessoribus,</span> <span class='ocrx_word' id='word_1_339' title='bbox 868 3506 1049 3590; x_wconf 82' lang='lat' dir='ltr'>praefectis,</span> <span class='ocrx_word' id='word_1_340' title='bbox 1062 3507 1249 3586; x_wconf 87' lang='lat' dir='ltr'>rectoribus,</span> <span class='ocrx_word' id='word_1_341' title='bbox 1262 3509 1495 3592; x_wconf 88' lang='lat' dir='ltr'>inspectoribus</span> <span class='ocrx_word' id='word_1_342' title='bbox 1508 3509 1541 3574; x_wconf 91' lang='lat' dir='ltr'>in</span> 
     </span>
     <span class='ocr_line' id='line_1_37' title="bbox 88 3591 1541 3681; baseline 0.008 -30"><span class='ocrx_word' id='word_1_343' title='bbox 88 3595 203 3676; x_wconf 77' lang='lat' dir='ltr'>qualus</span> <span class='ocrx_word' id='word_1_344' title='bbox 214 3591 359 3656; x_wconf 77' lang='lat' dir='ltr'>Ecclesia</span> <span class='ocrx_word' id='word_1_345' title='bbox 370 3593 596 3658; x_wconf 87' lang='lat' dir='ltr'>constituendis</span> <span class='ocrx_word' id='word_1_346' title='bbox 611 3595 633 3660; x_wconf 78' lang='lat' dir='ltr'>a</span> <span class='ocrx_word' id='word_1_347' title='bbox 649 3615 705 3677; x_wconf 92' lang='lat' dir='ltr'>per</span> <span class='ocrx_word' id='word_1_348' title='bbox 717 3594 922 3660; x_wconf 87' lang='lat' dir='ltr'>directionem</span> <span class='ocrx_word' id='word_1_349' title='bbox 935 3595 1152 3678; x_wconf 77' lang='lat' dir='ltr'>apostolicam</span> <span class='ocrx_word' id='word_1_350' title='bbox 1164 3600 1240 3661; x_wconf 87' lang='lat' dir='ltr'>tunc</span> <span class='ocrx_word' id='word_1_351' title='bbox 1255 3597 1407 3681; x_wconf 90' lang='lat' dir='ltr'>temporis</span> <span class='ocrx_word' id='word_1_352' title='bbox 1423 3598 1541 3662; x_wconf 89' lang='lat' dir='ltr'>consti-</span> 
     </span>
     <span class='ocr_line' id='line_1_38' title="bbox 88 3678 1543 3769; baseline 0.005 -29"><span class='ocrx_word' id='word_1_353' title='bbox 88 3678 158 3744; x_wconf 84' lang='lat' dir='ltr'>tutis</span> <span class='ocrx_word' id='word_1_354' title='bbox 178 3680 211 3744; x_wconf 93' lang='lat' dir='ltr'>in</span> <span class='ocrx_word' id='word_1_355' title='bbox 231 3679 396 3764; x_wconf 82' lang='lat' dir='ltr'>Ephesiae</span> <span class='ocrx_word' id='word_1_356' title='bbox 415 3681 557 3748; x_wconf 74' lang='lat' dir='ltr'>Ecclesia</span> <span class='ocrx_word' id='word_1_357' title='bbox 577 3685 676 3747; x_wconf 81' lang='lat' dir='ltr'>Actor.</span> <span class='ocrx_word' id='word_1_358' title='bbox 697 3683 749 3745; x_wconf 83' lang='lat'>20.</span> <span class='ocrx_word' id='word_1_359' title='bbox 769 3705 797 3748; x_wconf 91' lang='lat' dir='ltr'>u.</span> <span class='ocrx_word' id='word_1_360' title='bbox 822 3685 873 3748; x_wconf 84' lang='lat'>17.</span> <span class='ocrx_word' id='word_1_361' title='bbox 889 3707 961 3748; x_wconf 90' lang='lat' dir='ltr'>cum</span> <span class='ocrx_word' id='word_1_362' title='bbox 981 3685 1035 3749; x_wconf 89' lang='grc'>28.</span> <span class='ocrx_word' id='word_1_363' title='bbox 1048 3685 1081 3749; x_wconf 91' lang='lat' dir='ltr'>in</span> <span class='ocrx_word' id='word_1_364' title='bbox 1097 3685 1239 3749; x_wconf 76' lang='lat' dir='ltr'>Ecclesia</span> <span class='ocrx_word' id='word_1_365' title='bbox 1251 3685 1543 3769; x_wconf 86' lang='lat' dir='ltr'>Hierosolymitana</span> 
     </span>
     <span class='ocr_line' id='line_1_39' title="bbox 90 3763 1541 3858; baseline 0.005 -27"><span class='ocrx_word' id='word_1_366' title='bbox 90 3769 177 3834; x_wconf 78' lang='lat' dir='ltr'>dator.</span> <span class='ocrx_word' id='word_1_367' title='bbox 187 3771 242 3834; x_wconf 89' lang='grc'>21.</span> <span class='ocrx_word' id='word_1_368' title='bbox 252 3791 279 3834; x_wconf 89' lang='lat' dir='ltr'>v.</span> <span class='ocrx_word' id='word_1_369' title='bbox 296 3771 347 3834; x_wconf 84' lang='lat'>18.</span> <span class='ocrx_word' id='word_1_370' title='bbox 363 3763 552 3836; x_wconf 86' lang='lat' dir='ltr'>inEcclesia</span> <span class='ocrx_word' id='word_1_371' title='bbox 563 3771 817 3854; x_wconf 90' lang='lat' dir='ltr'>Philippensium</span> <span class='ocrx_word' id='word_1_372' title='bbox 832 3772 951 3858; x_wconf 78' lang='lat' dir='ltr'>Philip.</span> <span class='ocrx_word' id='word_1_373' title='bbox 968 3775 995 3836; x_wconf 94' lang='grc'>1.</span> <span class='ocrx_word' id='word_1_374' title='bbox 1009 3795 1037 3838; x_wconf 90' lang='lat' dir='ltr'>v.</span> <span class='ocrx_word' id='word_1_375' title='bbox 1057 3775 1085 3836; x_wconf 86' lang='lat'>1.</span> <span class='ocrx_word' id='word_1_376' title='bbox 1101 3774 1261 3858; x_wconf 90' lang='lat' dir='ltr'>(omnibus</span> <span class='ocrx_word' id='word_1_377' title='bbox 1274 3775 1390 3838; x_wconf 86' lang='lat' dir='ltr'>sanctis</span> <span class='ocrx_word' id='word_1_378' title='bbox 1403 3774 1435 3838; x_wconf 93' lang='lat' dir='ltr'>in</span> <span class='ocrx_word' id='word_1_379' title='bbox 1449 3773 1541 3839; x_wconf 81' lang='lat' dir='ltr'>Chri-</span> 
     </span>
     <span class='ocr_line' id='line_1_40' title="bbox 89 3857 1542 3948; baseline 0.007 -30"><span class='ocrx_word' id='word_1_380' title='bbox 89 3877 99 3918; x_wconf 85' lang='grc'>1</span> <span class='ocrx_word' id='word_1_381' title='bbox 151 3857 234 3938; x_wconf 87' lang='lat' dir='ltr'>lesu,</span> <span class='ocrx_word' id='word_1_382' title='bbox 246 3858 301 3941; x_wconf 90' lang='lat' dir='ltr'>qui</span> <span class='ocrx_word' id='word_1_383' title='bbox 316 3863 391 3924; x_wconf 87' lang='lat' dir='ltr'>sunt</span> <span class='ocrx_word' id='word_1_384' title='bbox 401 3859 572 3945; x_wconf 89' lang='lat' dir='ltr'>Philippis,</span> <span class='ocrx_word' id='word_1_385' title='bbox 584 3881 651 3924; x_wconf 90' lang='lat' dir='ltr'>uua</span> <span class='ocrx_word' id='word_1_386' title='bbox 662 3881 733 3925; x_wconf 87' lang='lat' dir='ltr'>cum</span> <span class='ocrx_word' id='word_1_387' title='bbox 749 3862 898 3945; x_wconf 84' lang='lat' dir='ltr'>episcopis</span> <span class='ocrx_word' id='word_1_388' title='bbox 909 3883 945 3926; x_wconf 89' lang='lat' dir='ltr'>ac</span> <span class='ocrx_word' id='word_1_389' title='bbox 956 3863 1118 3948; x_wconf 80' lang='lat' dir='ltr'>diacouis).</span> <span class='ocrx_word' id='word_1_390' title='bbox 1131 3861 1169 3926; x_wconf 90' lang='lat' dir='ltr'>In</span> <span class='ocrx_word' id='word_1_391' title='bbox 1182 3863 1326 3928; x_wconf 84' lang='lat' dir='ltr'>Ecclesia</span> <span class='ocrx_word' id='word_1_392' title='bbox 1339 3863 1542 3928; x_wconf 83' lang='lat' dir='ltr'>Corinthiaca</span> 
     </span>
     <span class='ocr_line' id='line_1_41' title="bbox 90 3943 1542 4037; baseline 0.007 -31"><span class='ocrx_word' id='word_1_393' title='bbox 90 3943 99 4006; x_wconf 75' lang='lat' dir='ltr'>t</span> <span class='ocrx_word' id='word_1_394' title='bbox 151 3969 182 4012; x_wconf 71' lang='lat' dir='ltr'>r.</span> <span class='ocrx_word' id='word_1_395' title='bbox 196 3948 228 4011; x_wconf 88' lang='lat'>2.</span> <span class='ocrx_word' id='word_1_396' title='bbox 241 3969 270 4012; x_wconf 91' lang='lat' dir='ltr'>u.</span> <span class='ocrx_word' id='word_1_397' title='bbox 283 3949 314 4027; x_wconf 87' lang='lat'>6,</span> <span class='ocrx_word' id='word_1_398' title='bbox 327 3947 460 4030; x_wconf 82' lang='lat' dir='ltr'>(sufficit</span> <span class='ocrx_word' id='word_1_399' title='bbox 471 3947 651 4013; x_wconf 89' lang='lat' dir='ltr'>istiusmodi</span> <span class='ocrx_word' id='word_1_400' title='bbox 662 3949 785 4014; x_wconf 91' lang='lat' dir='ltr'>homini</span> <span class='ocrx_word' id='word_1_401' title='bbox 796 3950 858 4014; x_wconf 87' lang='lat' dir='ltr'>ista</span> <span class='ocrx_word' id='word_1_402' title='bbox 870 3951 1044 4034; x_wconf 87' lang='lat' dir='ltr'>increpatio</span> <span class='ocrx_word' id='word_1_403' title='bbox 1055 3952 1233 4036; x_wconf 66' lang='lat' dir='ltr'>aptioribus</span> <span class='ocrx_word' id='word_1_404' title='bbox 1245 3953 1318 4030; x_wconf 86' lang='lat' dir='ltr'>ill-is,</span> <span class='ocrx_word' id='word_1_405' title='bbox 1330 3951 1389 4021; x_wconf 90' lang='lat' dir='ltr'>hoc</span> <span class='ocrx_word' id='word_1_406' title='bbox 1402 3956 1460 4028; x_wconf 90' lang='lat' dir='ltr'>est,</span> <span class='ocrx_word' id='word_1_407' title='bbox 1474 3953 1542 4037; x_wconf 91' lang='lat' dir='ltr'>epi-</span> 
     </span>
     <span class='ocr_line' id='line_1_42' title="bbox 89 4035 1542 4126; baseline 0.008 -31"><span class='ocrx_word' id='word_1_408' title='bbox 89 4055 99 4094; x_wconf 87' lang='lat' dir='ltr'>s</span> <span class='ocrx_word' id='word_1_409' title='bbox 163 4037 474 4121; x_wconf 82' lang='lat' dir='ltr'>sseupresbyteris).</span> <span class='ocrx_word' id='word_1_410' title='bbox 488 4035 524 4102; x_wconf 94' lang='lat' dir='ltr'>ln</span> <span class='ocrx_word' id='word_1_411' title='bbox 537 4037 681 4102; x_wconf 87' lang='lat' dir='ltr'>Ecclesia</span> <span class='ocrx_word' id='word_1_412' title='bbox 693 4035 1021 4104; x_wconf 80' lang='lat' dir='ltr'>Thessalonicensium</span> <span class='ocrx_word' id='word_1_413' title='bbox 1035 4042 1049 4105; x_wconf 92' lang='grc'>1</span> <span class='ocrx_word' id='word_1_414' title='bbox 1067 4042 1153 4106; x_wconf 80' lang='lat' dir='ltr'>Thea.</span> <span class='ocrx_word' id='word_1_415' title='bbox 1163 4041 1194 4105; x_wconf 88' lang='lat'>5.</span> <span class='ocrx_word' id='word_1_416' title='bbox 1203 4063 1231 4105; x_wconf 89' lang='lat' dir='ltr'>u.</span> <span class='ocrx_word' id='word_1_417' title='bbox 1245 4043 1294 4107; x_wconf 86' lang='lat'>12.</span> <span class='ocrx_word' id='word_1_418' title='bbox 1305 4041 1542 4126; x_wconf 74' lang='lat' dir='ltr'>(utagnoscatis</span> 
     </span>
     <span class='ocr_line' id='line_1_43' title="bbox 89 4125 1542 4214; baseline 0.008 -30"><span class='ocrx_word' id='word_1_419' title='bbox 89 4145 99 4184; x_wconf 86' lang='grc'>1</span> <span class='ocrx_word' id='word_1_420' title='bbox 159 4125 204 4208; x_wconf 82' lang='lat' dir='ltr'>pri</span> <span class='ocrx_word' id='word_1_421' title='bbox 222 4125 364 4190; x_wconf 85' lang='lat' dir='ltr'>latera-ut</span> <span class='ocrx_word' id='word_1_422' title='bbox 378 4126 459 4191; x_wconf 80' lang='lat' dir='ltr'>inter</span> <span class='ocrx_word' id='word_1_423' title='bbox 469 4147 532 4205; x_wconf 85' lang='lat' dir='ltr'>uos,</span> <span class='ocrx_word' id='word_1_424' title='bbox 548 4126 740 4210; x_wconf 63' lang='lat' dir='ltr'>&amp;praesunt</span> <span class='ocrx_word' id='word_1_425' title='bbox 752 4127 836 4193; x_wconf 86' lang='lat' dir='ltr'>vobis</span> <span class='ocrx_word' id='word_1_426' title='bbox 848 4129 883 4191; x_wconf 89' lang='lat' dir='ltr'>in</span> <span class='ocrx_word' id='word_1_427' title='bbox 894 4128 1021 4192; x_wconf 89' lang='lat' dir='ltr'>domino</span> <span class='ocrx_word' id='word_1_428' title='bbox 1033 4130 1055 4193; x_wconf 80' lang='grc'><strong>81</strong></span> <span class='ocrx_word' id='word_1_429' title='bbox 1068 4131 1238 4196; x_wconf 90' lang='lat' dir='ltr'>admonent</span> <span class='ocrx_word' id='word_1_430' title='bbox 1249 4131 1328 4214; x_wconf 85' lang='lat' dir='ltr'>vos).</span> <span class='ocrx_word' id='word_1_431' title='bbox 1342 4128 1380 4194; x_wconf 92' lang='lat' dir='ltr'>In</span> <span class='ocrx_word' id='word_1_432' title='bbox 1391 4129 1542 4195; x_wconf 88' lang='lat' dir='ltr'>Ecclesiis</span> 
     </span>
     <span class='ocr_line' id='line_1_44' title="bbox 89 4207 1542 4304; baseline 0.008 -32"><span class='ocrx_word' id='word_1_433' title='bbox 89 4207 100 4272; x_wconf 94' lang='lat' dir='ltr'>l</span> <span class='ocrx_word' id='word_1_434' title='bbox 167 4235 299 4278; x_wconf 88' lang='lat' dir='ltr'>aeorum</span> <span class='ocrx_word' id='word_1_435' title='bbox 311 4213 412 4278; x_wconf 89' lang='lat' dir='ltr'>Hebr.</span> <span class='ocrx_word' id='word_1_436' title='bbox 428 4216 478 4278; x_wconf 87' lang='lat'>13.</span> <span class='ocrx_word' id='word_1_437' title='bbox 493 4216 544 4281; x_wconf 92' lang='grc'>17.</span> <span class='ocrx_word' id='word_1_438' title='bbox 559 4219 669 4282; x_wconf 77' lang='lat' dir='ltr'>Parere</span> <span class='ocrx_word' id='word_1_439' title='bbox 679 4216 859 4283; x_wconf 79' lang='lat' dir='ltr'>ducto-ritus</span> <span class='ocrx_word' id='word_1_440' title='bbox 872 4219 991 4296; x_wconf 81' lang='lat' dir='ltr'>uestris,</span> <span class='ocrx_word' id='word_1_441' title='bbox 1007 4220 1056 4284; x_wconf 83' lang='lat' dir='ltr'>ac.</span> <span class='ocrx_word' id='word_1_442' title='bbox 1069 4219 1220 4283; x_wconf 79' lang='lat' dir='ltr'>cacabant</span> <span class='ocrx_word' id='word_1_443' title='bbox 1232 4221 1315 4284; x_wconf 72' lang='lat' dir='ltr'>aeliu</span> <span class='ocrx_word' id='word_1_444' title='bbox 1328 4219 1390 4304; x_wconf 86' lang='lat' dir='ltr'>ipsi</span> <span class='ocrx_word' id='word_1_445' title='bbox 1399 4240 1458 4302; x_wconf 78' lang='lat' dir='ltr'>pro</span> <span class='ocrx_word' id='word_1_446' title='bbox 1470 4220 1542 4284; x_wconf 86' lang='lat' dir='ltr'>nni·</span> 
     </span>
     <span class='ocr_line' id='line_1_45' title="bbox 90 4302 1542 4392; baseline 0.007 -30"><span class='ocrx_word' id='word_1_447' title='bbox 90 4321 99 4362; x_wconf 84' lang='grc'>1</span> <span class='ocrx_word' id='word_1_448' title='bbox 171 4323 191 4367; x_wconf 68' lang='lat' dir='ltr'>&#39;a</span> <span class='ocrx_word' id='word_1_449' title='bbox 211 4303 328 4378; x_wconf 76' lang='lat' dir='ltr'>rastris,</span> <span class='ocrx_word' id='word_1_450' title='bbox 352 4305 404 4369; x_wconf 81' lang='lat' dir='ltr'>ac.</span> <span class='ocrx_word' id='word_1_451' title='bbox 416 4302 499 4368; x_wconf 85' lang='lat' dir='ltr'>Addi</span> <span class='ocrx_word' id='word_1_452' title='bbox 512 4308 617 4390; x_wconf 86' lang='lat' dir='ltr'>potest</span> <span class='ocrx_word' id='word_1_453' title='bbox 629 4305 731 4369; x_wconf 85' lang='lat' dir='ltr'>Actor.</span> <span class='ocrx_word' id='word_1_454' title='bbox 748 4307 797 4370; x_wconf 84' lang='grc'>14.</span> <span class='ocrx_word' id='word_1_455' title='bbox 812 4327 839 4371; x_wconf 91' lang='lat' dir='ltr'>u.</span> <span class='ocrx_word' id='word_1_456' title='bbox 853 4308 905 4370; x_wconf 88' lang='grc'>23.</span> <span class='ocrx_word' id='word_1_457' title='bbox 928 4308 985 4372; x_wconf 80' lang='lat' dir='ltr'>Til.</span> <span class='ocrx_word' id='word_1_458' title='bbox 1001 4308 1030 4370; x_wconf 93' lang='grc'>1.</span> <span class='ocrx_word' id='word_1_459' title='bbox 1044 4329 1072 4371; x_wconf 89' lang='lat' dir='ltr'>v.</span> <span class='ocrx_word' id='word_1_460' title='bbox 1086 4307 1116 4371; x_wconf 87' lang='lat'>5.</span> <span class='ocrx_word' id='word_1_461' title='bbox 1131 4307 1185 4371; x_wconf 92' lang='lat' dir='ltr'>ubi</span> <span class='ocrx_word' id='word_1_462' title='bbox 1197 4307 1230 4370; x_wconf 90' lang='lat' dir='ltr'>in</span> <span class='ocrx_word' id='word_1_463' title='bbox 1243 4308 1378 4392; x_wconf 85' lang='lat' dir='ltr'>singulis</span> <span class='ocrx_word' id='word_1_464' title='bbox 1390 4307 1542 4372; x_wconf 87' lang='lat' dir='ltr'>Ecclesiis</span> 
     </span>
     <span class='ocr_line' id='line_1_46' title="bbox 89 4391 1543 4481; baseline 0.005 -29"><span class='ocrx_word' id='word_1_465' title='bbox 89 4409 99 4452; x_wconf 87' lang='grc'>1</span> <span class='ocrx_word' id='word_1_466' title='bbox 180 4391 242 4448; x_wconf 63' lang='lat' dir='ltr'>L“ti</span> <span class='ocrx_word' id='word_1_467' title='bbox 260 4393 283 4457; x_wconf 80' lang='lat' dir='ltr'>a</span> <span class='ocrx_word' id='word_1_468' title='bbox 299 4392 510 4458; x_wconf 88' lang='lat' dir='ltr'>constituendi</span> <span class='ocrx_word' id='word_1_469' title='bbox 525 4394 673 4459; x_wconf 87' lang='lat' dir='ltr'>dicuntur</span> <span class='ocrx_word' id='word_1_470' title='bbox 685 4395 872 4480; x_wconf 80' lang='lat' dir='ltr'>presbyteri.</span> <span class='ocrx_word' id='word_1_471' title='bbox 897 4395 987 4470; x_wconf 81' lang='lat' dir='ltr'>Quod</span> <span class='ocrx_word' id='word_1_472' title='bbox 999 4397 1036 4460; x_wconf 90' lang='lat' dir='ltr'>de</span> <span class='ocrx_word' id='word_1_473' title='bbox 1049 4395 1195 4479; x_wconf 90' lang='lat' dir='ltr'>pluribus</span> <span class='ocrx_word' id='word_1_474' title='bbox 1208 4395 1401 4481; x_wconf 84' lang='lat' dir='ltr'>presbyteris</span> <span class='ocrx_word' id='word_1_475' title='bbox 1417 4397 1451 4460; x_wconf 92' lang='lat' dir='ltr'>in</span> <span class='ocrx_word' id='word_1_476' title='bbox 1463 4418 1543 4481; x_wconf 91' lang='lat' dir='ltr'>qua-</span> 
     </span>
    </p>

    <p class='ocr_par' dir='ltr' id='par_1_14' title="bbox 1480 4507 1541 4569">
     <span class='ocr_line' id='line_1_47' title="bbox 1480 4507 1541 4569; baseline 0.016 -22"><span class='ocrx_word' id='word_1_477' title='bbox 1480 4507 1541 4569; x_wconf 89' lang='lat' dir='ltr'>que</span> 
     </span>
    </p>
   </div>
   <div class='ocr_carea' id='block_1_7' title="bbox 0 0 1861 4850">
    <p class='ocr_par' dir='ltr' id='par_1_15' title="bbox 0 0 1861 4850">
     <span class='ocr_line' id='line_1_48' title="bbox 0 0 1861 4850; baseline 0 0"><span class='ocrx_word' id='word_1_478' title='bbox 0 0 1861 4850; x_wconf 95' lang='lat' dir='ltr'> </span> 
     </span>
    </p>
   </div>
  </div>
 </body>
</html>
