<?xml version="1.0" encoding="UTF-8"?>
<!DOCTYPE html PUBLIC "-//W3C//DTD XHTML 1.0 Transitional//EN"
    "http://www.w3.org/TR/xhtml1/DTD/xhtml1-transitional.dtd">
<html xmlns="http://www.w3.org/1999/xhtml" xml:lang="en" lang="en">
 <head>
  <title>
</title>
<meta http-equiv="Content-Type" content="text/html;charset=utf-8" />
  <meta name='ocr-system' content='tesseract 3.04.00' />
  <meta name='ocr-capabilities' content='ocr_page ocr_carea ocr_par ocr_line ocrx_word'/>
</head>
<body>
  <div class='ocr_page' id='page_1' title='image "./gisbertivoetiit00rutggoog_0177.png"; bbox 0 0 3732 4840; ppageno 0'>
   <div class='ocr_carea' id='block_1_1' title="bbox 285 327 1532 414">
    <p class='ocr_par' dir='ltr' id='par_1_1' title="bbox 285 327 1532 414">
     <span class='ocr_line' id='line_1_1' title="bbox 285 327 1532 414; baseline 0.008 -22"><span class='ocrx_word' id='word_1_1' title='bbox 285 327 392 396; x_wconf 79' lang='lat' dir='ltr'><strong><em>Trnor.</em></strong></span> <span class='ocrx_word' id='word_1_2' title='bbox 416 327 460 395; x_wconf 91' lang='lat' dir='ltr'><strong><em>II.</em></strong></span> <span class='ocrx_word' id='word_1_3' title='bbox 485 329 534 394; x_wconf 85' lang='lat' dir='ltr'><strong><em>Da</em></strong></span> <span class='ocrx_word' id='word_1_4' title='bbox 558 329 693 412; x_wconf 76' lang='lat' dir='ltr'><strong><em>Porsen,</em></strong></span> <span class='ocrx_word' id='word_1_5' title='bbox 716 335 786 399; x_wconf 80' lang='lat' dir='ltr'><strong><em>Pon.</em></strong></span> <span class='ocrx_word' id='word_1_6' title='bbox 812 356 847 414; x_wconf 78' lang='lat' dir='ltr'><strong><em>nr</em></strong></span> <span class='ocrx_word' id='word_1_7' title='bbox 872 332 982 399; x_wconf 78' lang='lat' dir='ltr'><strong><em>Cruor.</em></strong></span> <span class='ocrx_word' id='word_1_8' title='bbox 1007 335 1134 402; x_wconf 83' lang='lat' dir='ltr'><strong><em>Euenus.</em></strong></span> <span class='ocrx_word' id='word_1_9' title='bbox 1160 334 1231 400; x_wconf 82' lang='lat' dir='ltr'><strong><em>Cir.</em></strong></span> <span class='ocrx_word' id='word_1_10' title='bbox 1256 334 1314 402; x_wconf 91' lang='lat' dir='ltr'><strong><em>HI.</em></strong></span> <span class='ocrx_word' id='word_1_11' title='bbox 1470 337 1532 402; x_wconf 88' lang='grc'><strong><em>147</em></strong></span> 
     </span>
    </p>
   </div>
   <div class='ocr_carea' id='block_1_2' title="bbox 60 515 1530 4607">
    <p class='ocr_par' dir='ltr' id='par_1_2' title="bbox 81 515 1530 1232">
     <span class='ocr_line' id='line_1_2' title="bbox 89 515 1527 609; baseline 0.006 -30"><span class='ocrx_word' id='word_1_12' title='bbox 89 515 122 579; x_wconf 85' lang='lat' dir='ltr'><strong><em>la</em></strong></span> <span class='ocrx_word' id='word_1_13' title='bbox 142 517 192 582; x_wconf 81' lang='lat' dir='ltr'><strong><em>liis</em></strong></span> <span class='ocrx_word' id='word_1_14' title='bbox 205 521 286 584; x_wconf 85' lang='lat' dir='ltr'><strong><em>etiarn</em></strong></span> <span class='ocrx_word' id='word_1_15' title='bbox 305 517 483 604; x_wconf 77' lang='lat' dir='ltr'><strong><em>replenitur</em></strong></span> <span class='ocrx_word' id='word_1_16' title='bbox 500 519 637 584; x_wconf 85' lang='lat' dir='ltr'><strong><em>airrriura</em></strong></span> <span class='ocrx_word' id='word_1_17' title='bbox 658 534 833 606; x_wconf 85' lang='lat' dir='ltr'><strong><em>prassatur.</em></strong></span> <span class='ocrx_word' id='word_1_18' title='bbox 858 523 897 588; x_wconf 79' lang='lat' dir='ltr'><strong><em>Et</em></strong></span> <span class='ocrx_word' id='word_1_19' title='bbox 917 524 1173 588; x_wconf 78' lang='lat' dir='ltr'><strong><em>autumationes</em></strong></span> <span class='ocrx_word' id='word_1_20' title='bbox 1196 524 1303 609; x_wconf 77' lang='lat' dir='ltr'><strong><em>petales</em></strong></span> <span class='ocrx_word' id='word_1_21' title='bbox 1316 525 1439 608; x_wconf 76' lang='lat' dir='ltr'><strong><em>fruct-us</em></strong></span> <span class='ocrx_word' id='word_1_22' title='bbox 1452 545 1527 589; x_wconf 88' lang='lat' dir='ltr'><strong><em>aas·</em></strong></span> 
     </span>
     <span class='ocr_line' id='line_1_3' title="bbox 86 608 1530 698; baseline 0.008 -30"><span class='ocrx_word' id='word_1_23' title='bbox 86 619 195 671; x_wconf 74' lang='lat' dir='ltr'><strong><em>aarum</em></strong></span> <span class='ocrx_word' id='word_1_24' title='bbox 212 629 245 674; x_wconf 85' lang='lat' dir='ltr'><strong><em>cr</em></strong></span> <span class='ocrx_word' id='word_1_25' title='bbox 259 610 310 672; x_wconf 82' lang='lat' dir='ltr'><strong><em>illd</em></strong></span> <span class='ocrx_word' id='word_1_26' title='bbox 333 608 446 688; x_wconf 87' lang='lat' dir='ltr'><strong><em>radice,</em></strong></span> <span class='ocrx_word' id='word_1_27' title='bbox 468 609 551 694; x_wconf 75' lang='lat' dir='ltr'><strong><em>quood</em></strong></span> <span class='ocrx_word' id='word_1_28' title='bbox 573 610 637 672; x_wconf 84' lang='lat' dir='ltr'><strong><em>scil.</em></strong></span> <span class='ocrx_word' id='word_1_29' title='bbox 663 612 834 695; x_wconf 69' lang='lat' dir='ltr'><strong><em>l’rirtcipes,</em></strong></span> <span class='ocrx_word' id='word_1_30' title='bbox 852 611 882 677; x_wconf 83' lang='lat' dir='ltr'><strong><em>ll·</em></strong></span> <span class='ocrx_word' id='word_1_31' title='bbox 893 613 1070 698; x_wconf 82' lang='lat' dir='ltr'><strong><em>quieta-aquo</em></strong></span> <span class='ocrx_word' id='word_1_32' title='bbox 1079 613 1247 697; x_wconf 85' lang='lat' dir='ltr'><strong><em>polluatur</em></strong></span> <span class='ocrx_word' id='word_1_33' title='bbox 1260 614 1402 696; x_wconf 72' lang='lat' dir='ltr'><strong><em>laturario,</em></strong></span> <span class='ocrx_word' id='word_1_34' title='bbox 1412 626 1530 698; x_wconf 86' lang='lat' dir='ltr'><strong><em>puteat</em></strong></span> 
     </span>
     <span class='ocr_line' id='line_1_4' title="bbox 85 697 1529 786; baseline 0.008 -29"><span class='ocrx_word' id='word_1_35' title='bbox 85 717 115 757; x_wconf 84' lang='lat' dir='ltr'><strong><em>se</em></strong></span> <span class='ocrx_word' id='word_1_36' title='bbox 129 697 171 760; x_wconf 89' lang='lat' dir='ltr'><strong><em>ita</em></strong></span> <span class='ocrx_word' id='word_1_37' title='bbox 191 699 357 782; x_wconf 66' lang='lat' dir='ltr'><strong><em>spirituales</em></strong></span> <span class='ocrx_word' id='word_1_38' title='bbox 366 719 446 774; x_wconf 82' lang='lat' dir='ltr'><strong><em>-esso,</em></strong></span> <span class='ocrx_word' id='word_1_39' title='bbox 459 708 501 770; x_wconf 85' lang='lat' dir='ltr'><strong><em>ut,</em></strong></span> <span class='ocrx_word' id='word_1_40' title='bbox 511 699 637 762; x_wconf 77' lang='lat' dir='ltr'><strong><em>utillum</em></strong></span> <span class='ocrx_word' id='word_1_41' title='bbox 649 701 688 764; x_wconf 85' lang='lat' dir='ltr'><strong><em>sit</em></strong></span> <span class='ocrx_word' id='word_1_42' title='bbox 700 702 839 784; x_wconf 85' lang='lat' dir='ltr'><strong><em>amplius</em></strong></span> <span class='ocrx_word' id='word_1_43' title='bbox 852 701 1097 766; x_wconf 81' lang='lat' dir='ltr'><strong><em>Ecclesiastiauar</em></strong></span> <span class='ocrx_word' id='word_1_44' title='bbox 1112 703 1259 786; x_wconf 78' lang='lat' dir='ltr'><strong><em>rapiareu.</em></strong></span> <span class='ocrx_word' id='word_1_45' title='bbox 1284 705 1322 768; x_wconf 79' lang='lat' dir='ltr'><strong><em>tu</em></strong></span> <span class='ocrx_word' id='word_1_46' title='bbox 1335 703 1391 767; x_wconf 83' lang='lat' dir='ltr'><strong><em>lroc</em></strong></span> <span class='ocrx_word' id='word_1_47' title='bbox 1403 704 1529 768; x_wconf 77' lang='lat' dir='ltr'><strong><em>sautu-</em></strong></span> 
     </span>
     <span class='ocr_line' id='line_1_5' title="bbox 83 785 1528 879; baseline 0.007 -33"><span class='ocrx_word' id='word_1_48' title='bbox 83 785 167 867; x_wconf 79' lang='lat' dir='ltr'><strong><em>piurrr</em></strong></span> <span class='ocrx_word' id='word_1_49' title='bbox 183 789 261 871; x_wconf 85' lang='lat' dir='ltr'><strong><em>apud</em></strong></span> <span class='ocrx_word' id='word_1_50' title='bbox 274 809 331 852; x_wconf 85' lang='lat' dir='ltr'><strong><em>uos</em></strong></span> <span class='ocrx_word' id='word_1_51' title='bbox 345 798 520 872; x_wconf 77' lang='lat' dir='ltr'><strong><em>praecatur,</em></strong></span> <span class='ocrx_word' id='word_1_52' title='bbox 533 788 607 873; x_wconf 81' lang='lat' dir='ltr'><strong><em>prtia</em></strong></span> <span class='ocrx_word' id='word_1_53' title='bbox 623 809 686 852; x_wconf 80' lang='lat' dir='ltr'><strong><em>ruri</em></strong></span> <span class='ocrx_word' id='word_1_54' title='bbox 703 802 834 873; x_wconf 75' lang='lat' dir='ltr'><strong><em>posuerat</em></strong></span> <span class='ocrx_word' id='word_1_55' title='bbox 850 791 952 855; x_wconf 74' lang='lat' dir='ltr'><strong><em>aurat</em></strong></span> <span class='ocrx_word' id='word_1_56' title='bbox 968 811 1063 856; x_wconf 79' lang='lat' dir='ltr'><strong><em>staura</em></strong></span> <span class='ocrx_word' id='word_1_57' title='bbox 1079 792 1215 879; x_wconf 79' lang='lat' dir='ltr'><strong><em>officium</em></strong></span> <span class='ocrx_word' id='word_1_58' title='bbox 1231 792 1319 856; x_wconf 84' lang='lat' dir='ltr'><strong><em>certis</em></strong></span> <span class='ocrx_word' id='word_1_59' title='bbox 1336 791 1367 858; x_wconf 87' lang='lat' dir='ltr'><strong><em>a·</em></strong></span> <span class='ocrx_word' id='word_1_60' title='bbox 1378 794 1528 877; x_wconf 86' lang='lat' dir='ltr'><strong><em>lepitiruis</em></strong></span> 
     </span>
     <span class='ocr_line' id='line_1_6' title="bbox 82 874 1529 967; baseline 0.007 -31"><span class='ocrx_word' id='word_1_61' title='bbox 82 874 210 956; x_wconf 62' lang='lat' dir='ltr'><strong><em>inibitur</em></strong></span> <span class='ocrx_word' id='word_1_62' title='bbox 220 878 270 941; x_wconf 84' lang='lat' dir='ltr'><strong><em>sed</em></strong></span> <span class='ocrx_word' id='word_1_63' title='bbox 280 898 346 964; x_wconf 77' lang='lat' dir='ltr'><strong><em>riou</em></strong></span> <span class='ocrx_word' id='word_1_64' title='bbox 356 888 470 960; x_wconf 79' lang='lat' dir='ltr'><strong><em>putarat</em></strong></span> <span class='ocrx_word' id='word_1_65' title='bbox 482 898 514 940; x_wconf 88' lang='lat' dir='ltr'><strong><em>se</em></strong></span> <span class='ocrx_word' id='word_1_66' title='bbox 522 897 612 960; x_wconf 86' lang='lat' dir='ltr'><strong><em>prosse</em></strong></span> <span class='ocrx_word' id='word_1_67' title='bbox 624 897 764 962; x_wconf 80' lang='lat' dir='ltr'><strong><em>rapuere,</em></strong></span> <span class='ocrx_word' id='word_1_68' title='bbox 781 880 844 944; x_wconf 88' lang='lat' dir='ltr'><strong><em>uisi</em></strong></span> <span class='ocrx_word' id='word_1_69' title='bbox 856 880 997 944; x_wconf 73' lang='lat' dir='ltr'><em>aboleant</em></span> <span class='ocrx_word' id='word_1_70' title='bbox 1009 901 1132 944; x_wconf 82' lang='lat' dir='ltr'><strong><em>oraaeur</em></strong></span> <span class='ocrx_word' id='word_1_71' title='bbox 1149 881 1297 967; x_wconf 65' lang='lat' dir='ltr'><strong><em>Eretriae</em></strong></span> <span class='ocrx_word' id='word_1_72' title='bbox 1312 883 1529 961; x_wconf 71' lang='lat' dir='ltr'><strong><em>autoritatem,</em></strong></span> 
     </span>
     <span class='ocr_line' id='line_1_7' title="bbox 82 961 1526 1054; baseline 0.007 -28"><span class='ocrx_word' id='word_1_73' title='bbox 82 961 110 1027; x_wconf 84' lang='lat' dir='ltr'><strong><em>a</em></strong></span> <span class='ocrx_word' id='word_1_74' title='bbox 127 965 187 1028; x_wconf 84' lang='lat' dir='ltr'><strong><em>siat</em></strong></span> <span class='ocrx_word' id='word_1_75' title='bbox 197 966 437 1049; x_wconf 82' lang='lat' dir='ltr'><strong><em>ruarruijrulr&#39;ces</em></strong></span> <span class='ocrx_word' id='word_1_76' title='bbox 450 977 514 1030; x_wconf 84' lang='lat' dir='ltr'><strong><em>tara</em></strong></span> <span class='ocrx_word' id='word_1_77' title='bbox 526 966 561 1032; x_wconf 86' lang='lat' dir='ltr'><strong><em>iu</em></strong></span> <span class='ocrx_word' id='word_1_78' title='bbox 575 968 728 1048; x_wconf 79' lang='lat' dir='ltr'><strong><em>doctriua,</em></strong></span> <span class='ocrx_word' id='word_1_79' title='bbox 741 989 837 1053; x_wconf 82' lang='lat' dir='ltr'><strong><em>quam</em></strong></span> <span class='ocrx_word' id='word_1_80' title='bbox 848 970 884 1034; x_wconf 88' lang='lat' dir='ltr'><strong><em>ia</em></strong></span> <span class='ocrx_word' id='word_1_81' title='bbox 896 980 956 1033; x_wconf 91' lang='lat' dir='ltr'><strong><em>toto</em></strong></span> <span class='ocrx_word' id='word_1_82' title='bbox 967 969 1127 1053; x_wconf 71' lang='lat' dir='ltr'><strong><em>spirituali</em></strong></span> <span class='ocrx_word' id='word_1_83' title='bbox 1139 971 1299 1054; x_wconf 77' lang='lat' dir='ltr'><strong><em>copiastae.</em></strong></span> <span class='ocrx_word' id='word_1_84' title='bbox 1324 971 1440 1036; x_wconf 84' lang='lat' dir='ltr'><strong><em>ltitleru</em></strong></span> <span class='ocrx_word' id='word_1_85' title='bbox 1455 972 1526 1036; x_wconf 85' lang='lat' dir='ltr'><strong><em>Cal·</em></strong></span> 
     </span>
     <span class='ocr_line' id='line_1_8' title="bbox 81 1052 1526 1143; baseline 0.006 -27"><span class='ocrx_word' id='word_1_86' title='bbox 81 1052 171 1117; x_wconf 81' lang='lat' dir='ltr'><strong><em>tinus</em></strong></span> <span class='ocrx_word' id='word_1_87' title='bbox 178 1055 267 1138; x_wconf 89' lang='lat' dir='ltr'><strong><em>paulo</em></strong></span> <span class='ocrx_word' id='word_1_88' title='bbox 278 1059 353 1118; x_wconf 87' lang='lat' dir='ltr'><strong><em>ante</em></strong></span> <span class='ocrx_word' id='word_1_89' title='bbox 365 1055 506 1140; x_wconf 83' lang='lat' dir='ltr'><strong><em>graviter</em></strong></span> <span class='ocrx_word' id='word_1_90' title='bbox 518 1055 746 1138; x_wconf 77' lang='lat' dir='ltr'><strong><em>perstrinxerat</em></strong></span> <span class='ocrx_word' id='word_1_91' title='bbox 759 1057 1025 1122; x_wconf 85' lang='lat' dir='ltr'><strong><em>inconsideratum</em></strong></span> <span class='ocrx_word' id='word_1_92' title='bbox 1038 1057 1139 1122; x_wconf 88' lang='lat' dir='ltr'><strong><em>zelum</em></strong></span> <span class='ocrx_word' id='word_1_93' title='bbox 1153 1081 1273 1138; x_wconf 90' lang='lat' dir='ltr'><strong><em>eorum,</em></strong></span> <span class='ocrx_word' id='word_1_94' title='bbox 1281 1059 1337 1143; x_wconf 90' lang='lat' dir='ltr'><strong><em>qui</em></strong></span> <span class='ocrx_word' id='word_1_95' title='bbox 1345 1059 1526 1125; x_wconf 85' lang='lat' dir='ltr'><strong><em>Hearicum</em></strong></span> 
     </span>
     <span class='ocr_line' id='line_1_9' title="bbox 83 1139 1433 1232; baseline 0.01 -32"><span class='ocrx_word' id='word_1_96' title='bbox 83 1139 166 1206; x_wconf 85' lang='lat' dir='ltr'><strong>VIII.</strong></span> <span class='ocrx_word' id='word_1_97' title='bbox 176 1144 204 1207; x_wconf 90' lang='lat' dir='ltr'><strong><em>in</em></strong></span> <span class='ocrx_word' id='word_1_98' title='bbox 217 1143 335 1230; x_wconf 77' lang='lat' dir='ltr'><strong><em>anglia</em></strong></span> <span class='ocrx_word' id='word_1_99' title='bbox 348 1144 528 1208; x_wconf 74' lang='lat' dir='ltr'><strong><em>extulerant</em></strong></span> <span class='ocrx_word' id='word_1_100' title='bbox 538 1143 707 1210; x_wconf 88' lang='lat' dir='ltr'><strong><em>tribuendo</em></strong></span> <span class='ocrx_word' id='word_1_101' title='bbox 718 1145 768 1210; x_wconf 92' lang='lat' dir='ltr'><strong><em>illi</em></strong></span> <span class='ocrx_word' id='word_1_102' title='bbox 779 1146 911 1212; x_wconf 90' lang='lat' dir='ltr'><strong><em>titulum</em></strong></span> <span class='ocrx_word' id='word_1_103' title='bbox 924 1147 1036 1232; x_wconf 89' lang='lat' dir='ltr'><strong><em>capitis</em></strong></span> <span class='ocrx_word' id='word_1_104' title='bbox 1047 1147 1208 1212; x_wconf 81' lang='lat' dir='ltr'>Ecclesiae</span> <span class='ocrx_word' id='word_1_105' title='bbox 1222 1148 1280 1212; x_wconf 90' lang='lat' dir='ltr'><strong><em>sub</em></strong></span> <span class='ocrx_word' id='word_1_106' title='bbox 1297 1148 1433 1214; x_wconf 79' lang='lat' dir='ltr'><strong><em>Christo.</em></strong></span> 
     </span>
    </p>

    <p class='ocr_par' dir='ltr' id='par_1_3' title="bbox 60 1231 1527 4530">
     <span class='ocr_line' id='line_1_10' title="bbox 120 1231 1525 1320; baseline 0.006 -27"><span class='ocrx_word' id='word_1_107' title='bbox 120 1231 151 1294; x_wconf 88' lang='lat'><strong><em>8.</em></strong></span> <span class='ocrx_word' id='word_1_108' title='bbox 171 1234 355 1318; x_wconf 69' lang='lat' dir='ltr'><strong><em>Respondete,</em></strong></span> <span class='ocrx_word' id='word_1_109' title='bbox 380 1233 408 1296; x_wconf 91' lang='lat' dir='ltr'><strong><em>si</em></strong></span> <span class='ocrx_word' id='word_1_110' title='bbox 429 1232 540 1316; x_wconf 85' lang='lat' dir='ltr'><strong><em>praxiu</em></strong></span> <span class='ocrx_word' id='word_1_111' title='bbox 565 1235 588 1299; x_wconf 81' lang='lat' dir='ltr'><strong><em>lt</em></strong></span> <span class='ocrx_word' id='word_1_112' title='bbox 613 1257 718 1299; x_wconf 88' lang='lat' dir='ltr'><strong><em>mores</em></strong></span> <span class='ocrx_word' id='word_1_113' title='bbox 741 1235 861 1319; x_wconf 88' lang='lat' dir='ltr'><strong><em>passim</em></strong></span> <span class='ocrx_word' id='word_1_114' title='bbox 886 1236 919 1299; x_wconf 88' lang='lat' dir='ltr'><strong><em>in</em></strong></span> <span class='ocrx_word' id='word_1_115' title='bbox 943 1235 1286 1320; x_wconf 74' lang='lat' dir='ltr'><strong><em>Germaniareceptos,</em></strong></span> <span class='ocrx_word' id='word_1_116' title='bbox 1307 1237 1525 1304; x_wconf 77' lang='lat' dir='ltr'><strong><em>&amp;Doctorum</em></strong></span> 
     </span>
     <span class='ocr_line' id='line_1_11' title="bbox 78 1322 1525 1410; baseline 0.006 -27"><span class='ocrx_word' id='word_1_117' title='bbox 78 1323 263 1403; x_wconf 83' lang='lat' dir='ltr'><strong><em>quorundam</em></strong></span> <span class='ocrx_word' id='word_1_118' title='bbox 285 1322 381 1386; x_wconf 86' lang='lat' dir='ltr'><strong><em>rerba</em></strong></span> <span class='ocrx_word' id='word_1_119' title='bbox 406 1322 493 1387; x_wconf 87' lang='lat' dir='ltr'><strong><em>citet.</em></strong></span> <span class='ocrx_word' id='word_1_120' title='bbox 516 1322 658 1388; x_wconf 85' lang='lat' dir='ltr'><strong><em>conferas</em></strong></span> <span class='ocrx_word' id='word_1_121' title='bbox 679 1346 751 1388; x_wconf 89' lang='lat' dir='ltr'><strong><em>cum</em></strong></span> <span class='ocrx_word' id='word_1_122' title='bbox 767 1325 929 1390; x_wconf 80' lang='lat' dir='ltr'>desideriis</span> <span class='ocrx_word' id='word_1_123' title='bbox 946 1347 982 1390; x_wconf 88' lang='lat' dir='ltr'><strong><em>ac</em></strong></span> <span class='ocrx_word' id='word_1_124' title='bbox 993 1325 1087 1404; x_wconf 85' lang='lat' dir='ltr'><strong><em>rotis,</em></strong></span> <span class='ocrx_word' id='word_1_125' title='bbox 1101 1329 1318 1410; x_wconf 76' lang='lat' dir='ltr'><strong><em>perpetuaque</em></strong></span> <span class='ocrx_word' id='word_1_126' title='bbox 1331 1329 1354 1392; x_wconf 84' lang='lat' dir='ltr'><strong><em>la</em></strong></span> <span class='ocrx_word' id='word_1_127' title='bbox 1367 1329 1525 1393; x_wconf 85' lang='lat' dir='ltr'><strong><em>constanti</em></strong></span> 
     </span>
     <span class='ocr_line' id='line_1_12' title="bbox 77 1409 1524 1501; baseline 0.006 -30"><span class='ocrx_word' id='word_1_128' title='bbox 77 1409 210 1476; x_wconf 72' lang='lat' dir='ltr'><strong><em>doctrina</em></strong></span> <span class='ocrx_word' id='word_1_129' title='bbox 231 1411 447 1477; x_wconf 89' lang='lat' dir='ltr'><strong><em>Ecclesiarum</em></strong></span> <span class='ocrx_word' id='word_1_130' title='bbox 468 1433 504 1476; x_wconf 89' lang='lat' dir='ltr'><strong><em>ac</em></strong></span> <span class='ocrx_word' id='word_1_131' title='bbox 521 1411 699 1477; x_wconf 79' lang='lat' dir='ltr'><strong><em>Doctorum</em></strong></span> <span class='ocrx_word' id='word_1_132' title='bbox 718 1413 751 1476; x_wconf 93' lang='lat' dir='ltr'><strong><em>in</em></strong></span> <span class='ocrx_word' id='word_1_133' title='bbox 770 1413 950 1495; x_wconf 80' lang='lat' dir='ltr'><strong><em>Germania,</em></strong></span> <span class='ocrx_word' id='word_1_134' title='bbox 972 1415 1069 1480; x_wconf 88' lang='lat' dir='ltr'><strong><em>etiam</em></strong></span> <span class='ocrx_word' id='word_1_135' title='bbox 1089 1434 1161 1479; x_wconf 89' lang='lat' dir='ltr'><strong><em>cum</em></strong></span> <span class='ocrx_word' id='word_1_136' title='bbox 1185 1414 1289 1480; x_wconf 84' lang='lat' dir='ltr'><strong><em>verbis</em></strong></span> <span class='ocrx_word' id='word_1_137' title='bbox 1310 1416 1524 1501; x_wconf 86' lang='lat' dir='ltr'><strong><em>allegatorunl</em></strong></span> 
     </span>
     <span class='ocr_line' id='line_1_13' title="bbox 77 1495 1523 1590; baseline 0.006 -29"><span class='ocrx_word' id='word_1_138' title='bbox 77 1495 250 1580; x_wconf 83' lang='lat' dir='ltr'><strong><em>Doctorum,</em></strong></span> <span class='ocrx_word' id='word_1_139' title='bbox 266 1501 323 1585; x_wconf 91' lang='lat' dir='ltr'><strong><em>qui</em></strong></span> <span class='ocrx_word' id='word_1_140' title='bbox 335 1505 391 1564; x_wconf 87' lang='lat' dir='ltr'><strong><em>eut</em></strong></span> <span class='ocrx_word' id='word_1_141' title='bbox 402 1501 520 1565; x_wconf 80' lang='lat' dir='ltr'>ibidem</span> <span class='ocrx_word' id='word_1_142' title='bbox 532 1505 588 1565; x_wconf 86' lang='lat' dir='ltr'><strong><em>aut</em></strong></span> <span class='ocrx_word' id='word_1_143' title='bbox 599 1500 677 1566; x_wconf 90' lang='lat' dir='ltr'><strong><em>alibi</em></strong></span> <span class='ocrx_word' id='word_1_144' title='bbox 692 1501 726 1566; x_wconf 91' lang='lat' dir='ltr'><strong><em>in</em></strong></span> <span class='ocrx_word' id='word_1_145' title='bbox 742 1503 867 1588; x_wconf 89' lang='lat' dir='ltr'><strong><em>scriptis</em></strong></span> <span class='ocrx_word' id='word_1_146' title='bbox 881 1503 946 1568; x_wconf 90' lang='lat' dir='ltr'><strong><em>suis</em></strong></span> <span class='ocrx_word' id='word_1_147' title='bbox 958 1508 1098 1568; x_wconf 87' lang='lat' dir='ltr'><strong><em>mentem</em></strong></span> <span class='ocrx_word' id='word_1_148' title='bbox 1111 1525 1202 1573; x_wconf 86' lang='lat' dir='ltr'><strong><em>suam</em></strong></span> <span class='ocrx_word' id='word_1_149' title='bbox 1214 1503 1406 1570; x_wconf 88' lang='lat' dir='ltr'><strong><em>luculentius</em></strong></span> <span class='ocrx_word' id='word_1_150' title='bbox 1420 1507 1523 1590; x_wconf 84' lang='lat' dir='ltr'><strong><em>expli-</em></strong></span> 
     </span>
     <span class='ocr_line' id='line_1_14' title="bbox 77 1590 1527 1678; baseline 0.005 -26"><span class='ocrx_word' id='word_1_151' title='bbox 77 1593 160 1666; x_wconf 65' lang='lat' dir='ltr'><strong><em>ane</em></strong></span> <span class='ocrx_word' id='word_1_152' title='bbox 171 1591 278 1674; x_wconf 90' lang='lat' dir='ltr'><strong><em>ntique</em></strong></span> <span class='ocrx_word' id='word_1_153' title='bbox 291 1612 355 1654; x_wconf 90' lang='lat' dir='ltr'><strong><em>non</em></strong></span> <span class='ocrx_word' id='word_1_154' title='bbox 366 1590 470 1675; x_wconf 85' lang='lat' dir='ltr'><strong><em>magis</em></strong></span> <span class='ocrx_word' id='word_1_155' title='bbox 482 1612 669 1655; x_wconf 89' lang='lat' dir='ltr'><strong><em>consensum</em></strong></span> <span class='ocrx_word' id='word_1_156' title='bbox 681 1590 911 1657; x_wconf 83' lang='lat' dir='ltr'><strong><em>Germanorum</em></strong></span> <span class='ocrx_word' id='word_1_157' title='bbox 924 1591 983 1657; x_wconf 75' lang='lat' dir='ltr'><strong><em>hate</em></strong></span> <span class='ocrx_word' id='word_1_158' title='bbox 995 1593 1028 1657; x_wconf 91' lang='lat' dir='ltr'><strong><em>in</em></strong></span> <span class='ocrx_word' id='word_1_159' title='bbox 1041 1597 1132 1678; x_wconf 89' lang='lat' dir='ltr'><strong><em>parte</em></strong></span> <span class='ocrx_word' id='word_1_160' title='bbox 1141 1593 1233 1657; x_wconf 91' lang='lat' dir='ltr'><strong><em>nobis</em></strong></span> <span class='ocrx_word' id='word_1_161' title='bbox 1243 1593 1364 1678; x_wconf 90' lang='lat' dir='ltr'><strong><em>eripere</em></strong></span> <span class='ocrx_word' id='word_1_162' title='bbox 1372 1599 1527 1678; x_wconf 87' lang='lat' dir='ltr'><strong><em>poterunt</em></strong></span> 
     </span>
     <span class='ocr_line' id='line_1_15' title="bbox 76 1677 1524 1765; baseline 0.006 -25"><span class='ocrx_word' id='word_1_163' title='bbox 76 1677 246 1759; x_wconf 70' lang='lat' dir='ltr'><strong><em>sdrasami,</em></strong></span> <span class='ocrx_word' id='word_1_164' title='bbox 267 1701 365 1764; x_wconf 89' lang='lat' dir='ltr'><strong><em>quam</em></strong></span> <span class='ocrx_word' id='word_1_165' title='bbox 384 1678 543 1743; x_wconf 89' lang='lat' dir='ltr'><strong><em>Pontificii</em></strong></span> <span class='ocrx_word' id='word_1_166' title='bbox 562 1679 744 1746; x_wconf 88' lang='lat' dir='ltr'><strong><em>reformatis</em></strong></span> <span class='ocrx_word' id='word_1_167' title='bbox 764 1703 951 1746; x_wconf 89' lang='lat' dir='ltr'><strong><em>consensum</em></strong></span> <span class='ocrx_word' id='word_1_168' title='bbox 971 1682 1172 1765; x_wconf 83' lang='lat' dir='ltr'><strong><em>antiquitatis</em></strong></span> <span class='ocrx_word' id='word_1_169' title='bbox 1194 1681 1227 1745; x_wconf 92' lang='lat' dir='ltr'><strong><em>in</em></strong></span> <span class='ocrx_word' id='word_1_170' title='bbox 1249 1683 1471 1748; x_wconf 88' lang='lat' dir='ltr'><strong><em>controversiis</em></strong></span> <span class='ocrx_word' id='word_1_171' title='bbox 1487 1685 1524 1749; x_wconf 89' lang='lat' dir='ltr'><strong><em>de</em></strong></span> 
     </span>
     <span class='ocr_line' id='line_1_16' title="bbox 77 1763 1525 1850; baseline 0.007 -22"><span class='ocrx_word' id='word_1_172' title='bbox 77 1763 165 1850; x_wconf 77' lang='lat' dir='ltr'><strong><em>Papa,</em></strong></span> <span class='ocrx_word' id='word_1_173' title='bbox 180 1769 217 1834; x_wconf 88' lang='lat' dir='ltr'><strong><em>de</em></strong></span> <span class='ocrx_word' id='word_1_174' title='bbox 233 1767 344 1847; x_wconf 76' lang='lat' dir='ltr'><strong><em>Missa,</em></strong></span> <span class='ocrx_word' id='word_1_175' title='bbox 359 1769 396 1834; x_wconf 91' lang='lat' dir='ltr'><strong><em>de</em></strong></span> <span class='ocrx_word' id='word_1_176' title='bbox 408 1766 533 1833; x_wconf 85' lang='lat' dir='ltr'><strong><em>Meritis</em></strong></span> <span class='ocrx_word' id='word_1_177' title='bbox 546 1769 595 1834; x_wconf 80' lang='lat' dir='ltr'><strong><em>&amp;a</em></strong></span> <span class='ocrx_word' id='word_1_178' title='bbox 619 1767 788 1834; x_wconf 81' lang='lat' dir='ltr'><strong><em>Meliorem</em></strong></span> <span class='ocrx_word' id='word_1_179' title='bbox 801 1770 956 1835; x_wconf 87' lang='lat' dir='ltr'><strong><em>desideria</em></strong></span> <span class='ocrx_word' id='word_1_180' title='bbox 969 1770 1135 1836; x_wconf 80' lang='lat' dir='ltr'><strong><em>Germanis</em></strong></span> <span class='ocrx_word' id='word_1_181' title='bbox 1147 1793 1210 1835; x_wconf 92' lang='lat' dir='ltr'><strong><em>non</em></strong></span> <span class='ocrx_word' id='word_1_182' title='bbox 1222 1770 1360 1836; x_wconf 86' lang='lat' dir='ltr'><strong><em>defuisse</em></strong></span> <span class='ocrx_word' id='word_1_183' title='bbox 1372 1772 1464 1837; x_wconf 86' lang='lat' dir='ltr'><strong><em>testis</em></strong></span> <span class='ocrx_word' id='word_1_184' title='bbox 1478 1778 1525 1838; x_wconf 90' lang='lat' dir='ltr'><strong><em>est</em></strong></span> 
     </span>
     <span class='ocr_line' id='line_1_17' title="bbox 76 1853 1525 1943; baseline 0.006 -23"><span class='ocrx_word' id='word_1_185' title='bbox 76 1853 150 1920; x_wconf 78' lang='lat' dir='ltr'><strong><em>Item</em></strong></span> <span class='ocrx_word' id='word_1_186' title='bbox 167 1859 199 1922; x_wconf 91' lang='lat' dir='ltr'><strong><em>iu</em></strong></span> <span class='ocrx_word' id='word_1_187' title='bbox 220 1858 370 1922; x_wconf 77' lang='lat' dir='ltr'><strong><em>tract-de</em></strong></span> <span class='ocrx_word' id='word_1_188' title='bbox 392 1857 631 1923; x_wconf 83' lang='lat' dir='ltr'><strong><em>Exoommunic.</em></strong></span> <span class='ocrx_word' id='word_1_189' title='bbox 653 1860 676 1924; x_wconf 82' lang='lat' dir='ltr'><strong><em>la</em></strong></span> <span class='ocrx_word' id='word_1_190' title='bbox 696 1857 898 1943; x_wconf 86' lang='lat' dir='ltr'><strong><em>Presbyterio</em></strong></span> <span class='ocrx_word' id='word_1_191' title='bbox 918 1883 943 1924; x_wconf 86' lang='lat' dir='ltr'><strong><em>o.</em></strong></span> <span class='ocrx_word' id='word_1_192' title='bbox 961 1860 1121 1924; x_wconf 90' lang='lat' dir='ltr'><strong><em>Erastum.</em></strong></span> <span class='ocrx_word' id='word_1_193' title='bbox 1136 1883 1165 1926; x_wconf 93' lang='lat' dir='ltr'><strong><em>a.</em></strong></span> <span class='ocrx_word' id='word_1_194' title='bbox 1181 1861 1273 1924; x_wconf 86' lang='lat'><strong><em>1590.</em></strong></span> <span class='ocrx_word' id='word_1_195' title='bbox 1290 1860 1323 1924; x_wconf 91' lang='lat' dir='ltr'><strong><em>in</em></strong></span> <span class='ocrx_word' id='word_1_196' title='bbox 1336 1861 1415 1925; x_wconf 88' lang='lat' dir='ltr'><strong><em>fine:</em></strong></span> <span class='ocrx_word' id='word_1_197' title='bbox 1432 1863 1525 1942; x_wconf 83' lang='lat' dir='ltr'><strong><em>Ccrtl,</em></strong></span> 
     </span>
     <span class='ocr_line' id='line_1_18' title="bbox 74 1942 1526 2037; baseline 0.006 -29"><span class='ocrx_word' id='word_1_198' title='bbox 74 1942 178 2029; x_wconf 86' lang='lat' dir='ltr'><strong><em>iuquit,</em></strong></span> <span class='ocrx_word' id='word_1_199' title='bbox 203 1949 238 2013; x_wconf 87' lang='lat' dir='ltr'><strong><em>ia</em></strong></span> <span class='ocrx_word' id='word_1_200' title='bbox 264 1947 458 2012; x_wconf 78' lang='lat' dir='ltr'><strong><em>Germanicia</em></strong></span> <span class='ocrx_word' id='word_1_201' title='bbox 477 1948 641 2012; x_wconf 87' lang='lat' dir='ltr'><strong><em>uoaaullis</em></strong></span> <span class='ocrx_word' id='word_1_202' title='bbox 661 1949 811 2028; x_wconf 66' lang='lat' dir='ltr'><strong><em>Eretriis,</em></strong></span> <span class='ocrx_word' id='word_1_203' title='bbox 831 1949 908 2034; x_wconf 79' lang='lat' dir='ltr'><strong><em>arsid</em></strong></span> <span class='ocrx_word' id='word_1_204' title='bbox 927 1951 1038 2034; x_wconf 76' lang='lat' dir='ltr'><strong><em>aptiori</em></strong></span> <span class='ocrx_word' id='word_1_205' title='bbox 1056 1946 1269 2015; x_wconf 85' lang='lat' dir='ltr'><strong><em>lltdoctissirai</em></strong></span> <span class='ocrx_word' id='word_1_206' title='bbox 1280 1951 1394 2037; x_wconf 66' lang='lat' dir='ltr'><strong><em>pumera</em></strong></span> <span class='ocrx_word' id='word_1_207' title='bbox 1406 1972 1526 2036; x_wconf 76' lang='lat' dir='ltr'><strong><em>scrupea·</em></strong></span> 
     </span>
     <span class='ocr_line' id='line_1_19' title="bbox 74 2033 1524 2126; baseline 0.006 -29"><span class='ocrx_word' id='word_1_208' title='bbox 74 2033 271 2102; x_wconf 81' lang='lat' dir='ltr'><strong><em>desiderarint</em></strong></span> <span class='ocrx_word' id='word_1_209' title='bbox 287 2057 323 2101; x_wconf 88' lang='lat' dir='ltr'><strong><em>ao</em></strong></span> <span class='ocrx_word' id='word_1_210' title='bbox 341 2037 514 2101; x_wconf 84' lang='lat' dir='ltr'><strong><em>etia-rurr-uru</em></strong></span> <span class='ocrx_word' id='word_1_211' title='bbox 533 2037 711 2120; x_wconf 85' lang='lat' dir='ltr'><strong><em>superstites</em></strong></span> <span class='ocrx_word' id='word_1_212' title='bbox 723 2038 904 2117; x_wconf 78' lang='lat' dir='ltr'><strong><em>desiderent,</em></strong></span> <span class='ocrx_word' id='word_1_213' title='bbox 917 2039 1165 2124; x_wconf 83' lang='lat' dir='ltr'><strong><em>otecrrruruaoa</em></strong></span> <span class='ocrx_word' id='word_1_214' title='bbox 1177 2050 1219 2104; x_wconf 86' lang='lat' dir='ltr'><strong><em>ost</em></strong></span> <span class='ocrx_word' id='word_1_215' title='bbox 1231 2061 1268 2103; x_wconf 81' lang='lat' dir='ltr'><strong><em>ca</em></strong></span> <span class='ocrx_word' id='word_1_216' title='bbox 1280 2061 1388 2104; x_wconf 86' lang='lat' dir='ltr'><strong><em>eorura</em></strong></span> <span class='ocrx_word' id='word_1_217' title='bbox 1401 2041 1524 2126; x_wconf 82' lang='lat' dir='ltr'><strong><em>scriptis</em></strong></span> 
     </span>
     <span class='ocr_line' id='line_1_20' title="bbox 74 2121 1525 2218; baseline 0.007 -32"><span class='ocrx_word' id='word_1_218' title='bbox 74 2121 240 2210; x_wconf 69' lang='lat' dir='ltr'><strong><em>irradiasse,</em></strong></span> <span class='ocrx_word' id='word_1_219' title='bbox 266 2137 334 2190; x_wconf 81' lang='lat' dir='ltr'><strong><em>trias</em></strong></span> <span class='ocrx_word' id='word_1_220' title='bbox 356 2125 506 2190; x_wconf 42' lang='lat' dir='ltr'><strong><em>*tetaldus</em></strong></span> <span class='ocrx_word' id='word_1_221' title='bbox 521 2137 556 2190; x_wconf 89' lang='lat' dir='ltr'><strong><em>ut</em></strong></span> <span class='ocrx_word' id='word_1_222' title='bbox 572 2125 612 2190; x_wconf 89' lang='lat' dir='ltr'><strong><em>D.</em></strong></span> <span class='ocrx_word' id='word_1_223' title='bbox 627 2128 748 2206; x_wconf 80' lang='lat' dir='ltr'><strong><em>Bucari,</em></strong></span> <span class='ocrx_word' id='word_1_224' title='bbox 764 2128 981 2207; x_wconf 84' lang='lat' dir='ltr'><strong><em>Meloutltoais,</em></strong></span> <span class='ocrx_word' id='word_1_225' title='bbox 997 2128 1140 2207; x_wconf 87' lang='lat' dir='ltr'><strong><em>Sareerii,</em></strong></span> <span class='ocrx_word' id='word_1_226' title='bbox 1155 2127 1186 2193; x_wconf 80' lang='lat' dir='ltr'><strong><em>ll·</em></strong></span> <span class='ocrx_word' id='word_1_227' title='bbox 1200 2129 1265 2212; x_wconf 81' lang='lat' dir='ltr'><strong><em>sere</em></strong></span> <span class='ocrx_word' id='word_1_228' title='bbox 1280 2130 1434 2208; x_wconf 79' lang='lat' dir='ltr'><strong><em>saraiam,</em></strong></span> <span class='ocrx_word' id='word_1_229' title='bbox 1448 2152 1525 2218; x_wconf 85' lang='lat' dir='ltr'><strong><em>quos</em></strong></span> 
     </span>
     <span class='ocr_line' id='line_1_21' title="bbox 74 2212 1525 2304; baseline 0.008 -31"><span class='ocrx_word' id='word_1_230' title='bbox 74 2212 214 2298; x_wconf 77' lang='lat' dir='ltr'><strong><em>inspicere</em></strong></span> <span class='ocrx_word' id='word_1_231' title='bbox 232 2217 335 2279; x_wconf 85' lang='lat' dir='ltr'><strong><em>licuit:</em></strong></span> <span class='ocrx_word' id='word_1_232' title='bbox 355 2227 422 2279; x_wconf 87' lang='lat' dir='ltr'><strong><em>tura</em></strong></span> <span class='ocrx_word' id='word_1_233' title='bbox 444 2215 671 2295; x_wconf 79' lang='lat' dir='ltr'><strong><em>recentioribus,</em></strong></span> <span class='ocrx_word' id='word_1_234' title='bbox 688 2228 723 2281; x_wconf 86' lang='lat' dir='ltr'><strong><em>ut</em></strong></span> <span class='ocrx_word' id='word_1_235' title='bbox 743 2217 784 2280; x_wconf 90' lang='lat' dir='ltr'><strong><em>D.</em></strong></span> <span class='ocrx_word' id='word_1_236' title='bbox 808 2217 951 2302; x_wconf 70' lang='lat' dir='ltr'><strong><em>Qutltraoi</em></strong></span> <span class='ocrx_word' id='word_1_237' title='bbox 970 2216 1000 2282; x_wconf 83' lang='lat' dir='ltr'><strong><em>ll·</em></strong></span> <span class='ocrx_word' id='word_1_238' title='bbox 1019 2218 1221 2304; x_wconf 82' lang='lat' dir='ltr'><strong><em>lleruruiupii,</em></strong></span> <span class='ocrx_word' id='word_1_239' title='bbox 1234 2218 1419 2303; x_wconf 79' lang='lat' dir='ltr'><strong><em>quibuscum</em></strong></span> <span class='ocrx_word' id='word_1_240' title='bbox 1431 2219 1525 2284; x_wconf 87' lang='lat' dir='ltr'><strong><em>ctiam</em></strong></span> 
     </span>
     <span class='ocr_line' id='line_1_22' title="bbox 71 2302 1523 2390; baseline 0.004 -24"><span class='ocrx_word' id='word_1_241' title='bbox 71 2302 225 2390; x_wconf 63' lang='lat' dir='ltr'><strong><em>deresque</em></strong></span> <span class='ocrx_word' id='word_1_242' title='bbox 244 2305 358 2368; x_wconf 81' lang='lat' dir='ltr'><strong><em>sentire</em></strong></span> <span class='ocrx_word' id='word_1_243' title='bbox 378 2323 442 2367; x_wconf 79' lang='lat' dir='ltr'><strong><em>riou</em></strong></span> <span class='ocrx_word' id='word_1_244' title='bbox 459 2303 575 2368; x_wconf 79' lang='lat' dir='ltr'><strong><em>arrttu.</em></strong></span> <span class='ocrx_word' id='word_1_245' title='bbox 599 2302 634 2368; x_wconf 86' lang='lat' dir='ltr'><strong><em>Si</em></strong></span> <span class='ocrx_word' id='word_1_246' title='bbox 648 2303 878 2384; x_wconf 75' lang='lat' dir='ltr'><strong><em>ConfessioneS,</em></strong></span> <span class='ocrx_word' id='word_1_247' title='bbox 893 2311 928 2370; x_wconf 90' lang='lat' dir='ltr'><strong><em>ut</em></strong></span> <span class='ocrx_word' id='word_1_248' title='bbox 944 2305 1178 2390; x_wconf 71' lang='lat' dir='ltr'><strong><em>Augusteum,</em></strong></span> <span class='ocrx_word' id='word_1_249' title='bbox 1192 2304 1391 2386; x_wconf 85' lang='lat' dir='ltr'><strong><em>Saxonicum,</em></strong></span> <span class='ocrx_word' id='word_1_250' title='bbox 1405 2306 1523 2372; x_wconf 81' lang='lat' dir='ltr'><strong><em>Helve-</em></strong></span> 
     </span>
     <span class='ocr_line' id='line_1_23' title="bbox 72 2390 1523 2480; baseline 0.003 -26"><span class='ocrx_word' id='word_1_251' title='bbox 72 2390 170 2474; x_wconf 83' lang='lat' dir='ltr'><strong><em>ticam,</em></strong></span> <span class='ocrx_word' id='word_1_252' title='bbox 186 2393 214 2458; x_wconf 91' lang='lat' dir='ltr'><strong><em>si</em></strong></span> <span class='ocrx_word' id='word_1_253' title='bbox 227 2392 427 2472; x_wconf 72' lang='lat' dir='ltr'><strong><em>catecheses,</em></strong></span> <span class='ocrx_word' id='word_1_254' title='bbox 440 2397 476 2457; x_wconf 89' lang='lat' dir='ltr'><strong><em>ut</em></strong></span> <span class='ocrx_word' id='word_1_255' title='bbox 487 2391 628 2472; x_wconf 82' lang='lat' dir='ltr'><strong><em>Liitheri,</em></strong></span> <span class='ocrx_word' id='word_1_256' title='bbox 642 2391 755 2474; x_wconf 79' lang='lat' dir='ltr'><strong><em>Iassii,</em></strong></span> <span class='ocrx_word' id='word_1_257' title='bbox 768 2393 929 2480; x_wconf 77' lang='lat' dir='ltr'><strong><em>Cythraei,</em></strong></span> <span class='ocrx_word' id='word_1_258' title='bbox 943 2393 1076 2473; x_wconf 90' lang='lat' dir='ltr'><strong><em>Brentii,</em></strong></span> <span class='ocrx_word' id='word_1_259' title='bbox 1091 2394 1272 2460; x_wconf 89' lang='lat' dir='ltr'><strong><em>Palatinam</em></strong></span> <span class='ocrx_word' id='word_1_260' title='bbox 1284 2398 1334 2462; x_wconf 82' lang='lat' dir='ltr'><strong><em>tac.</em></strong></span> <span class='ocrx_word' id='word_1_261' title='bbox 1351 2394 1386 2460; x_wconf 86' lang='lat' dir='ltr'><strong><em>Si</em></strong></span> <span class='ocrx_word' id='word_1_262' title='bbox 1398 2395 1523 2460; x_wconf 85' lang='lat' dir='ltr'><strong><em>Consti·</em></strong></span> 
     </span>
     <span class='ocr_line' id='line_1_24' title="bbox 71 2481 1522 2568; baseline 0.004 -24"><span class='ocrx_word' id='word_1_263' title='bbox 71 2482 201 2547; x_wconf 83' lang='lat' dir='ltr'><strong><em>tutiones</em></strong></span> <span class='ocrx_word' id='word_1_264' title='bbox 223 2481 476 2561; x_wconf 79' lang='lat' dir='ltr'><strong><em>Ecclesiasticus,</em></strong></span> <span class='ocrx_word' id='word_1_265' title='bbox 500 2482 527 2546; x_wconf 92' lang='lat' dir='ltr'><strong><em>si</em></strong></span> <span class='ocrx_word' id='word_1_266' title='bbox 551 2482 686 2566; x_wconf 91' lang='lat' dir='ltr'><strong><em>denique</em></strong></span> <span class='ocrx_word' id='word_1_267' title='bbox 706 2481 805 2548; x_wconf 82' lang='lat' dir='ltr'><strong><em>Locos</em></strong></span> <span class='ocrx_word' id='word_1_268' title='bbox 825 2506 1019 2564; x_wconf 88' lang='lat' dir='ltr'><strong><em>communes,</em></strong></span> <span class='ocrx_word' id='word_1_269' title='bbox 1043 2482 1286 2568; x_wconf 85' lang='lat' dir='ltr'><strong><em>Disputationes</em></strong></span> <span class='ocrx_word' id='word_1_270' title='bbox 1306 2485 1522 2562; x_wconf 83' lang='lat' dir='ltr'><strong><em>Academicus,</em></strong></span> 
     </span>
     <span class='ocr_line' id='line_1_25' title="bbox 70 2567 1524 2660; baseline 0.006 -27"><span class='ocrx_word' id='word_1_271' title='bbox 70 2567 213 2651; x_wconf 62' lang='lat' dir='ltr'><strong><em>sensilia,</em></strong></span> <span class='ocrx_word' id='word_1_272' title='bbox 233 2569 407 2656; x_wconf 82' lang='lat' dir='ltr'><strong><em>Epistulas,</em></strong></span> <span class='ocrx_word' id='word_1_273' title='bbox 426 2570 670 2650; x_wconf 72' lang='lat' dir='ltr'><strong><em>commentaria,</em></strong></span> <span class='ocrx_word' id='word_1_274' title='bbox 688 2572 814 2655; x_wconf 89' lang='lat' dir='ltr'><strong><em>aliaque</em></strong></span> <span class='ocrx_word' id='word_1_275' title='bbox 835 2571 1010 2637; x_wconf 86' lang='lat' dir='ltr'><strong><em>Doctorum</em></strong></span> <span class='ocrx_word' id='word_1_276' title='bbox 1027 2575 1143 2658; x_wconf 82' lang='lat' dir='ltr'><strong><em>scripta</em></strong></span> <span class='ocrx_word' id='word_1_277' title='bbox 1168 2574 1202 2638; x_wconf 89' lang='lat' dir='ltr'><strong><em>ia</em></strong></span> <span class='ocrx_word' id='word_1_278' title='bbox 1223 2573 1315 2660; x_wconf 85' lang='lat' dir='ltr'><strong><em>[pag.</em></strong></span> <span class='ocrx_word' id='word_1_279' title='bbox 1335 2574 1414 2659; x_wconf 83' lang='lat'>174]</span> <span class='ocrx_word' id='word_1_280' title='bbox 1429 2576 1473 2640; x_wconf 88' lang='lat' dir='ltr'><strong><em>tit.</em></strong></span> <span class='ocrx_word' id='word_1_281' title='bbox 1487 2575 1524 2640; x_wconf 88' lang='lat' dir='ltr'><strong><em>de</em></strong></span> 
     </span>
     <span class='ocr_line' id='line_1_26' title="bbox 68 2659 1522 2746; baseline 0.001 -20"><span class='ocrx_word' id='word_1_282' title='bbox 68 2659 206 2739; x_wconf 66' lang='lat' dir='ltr'><strong><em>letrae</em></strong></span> <span class='ocrx_word' id='word_1_283' title='bbox 226 2661 265 2725; x_wconf 90' lang='lat' dir='ltr'><strong><em>de</em></strong></span> <span class='ocrx_word' id='word_1_284' title='bbox 283 2659 434 2724; x_wconf 77' lang='lat' dir='ltr'><strong><em>clavibus</em></strong></span> <span class='ocrx_word' id='word_1_285' title='bbox 454 2663 503 2726; x_wconf 84' lang='lat' dir='ltr'><strong><em>tac.</em></strong></span> <span class='ocrx_word' id='word_1_286' title='bbox 525 2659 551 2724; x_wconf 91' lang='lat' dir='ltr'><strong><em>si</em></strong></span> <span class='ocrx_word' id='word_1_287' title='bbox 570 2664 672 2725; x_wconf 87' lang='lat' dir='ltr'><strong><em>totam</em></strong></span> <span class='ocrx_word' id='word_1_288' title='bbox 693 2659 896 2726; x_wconf 80' lang='lat' dir='ltr'><strong><em>Germaniam</em></strong></span> <span class='ocrx_word' id='word_1_289' title='bbox 908 2662 1170 2746; x_wconf 87' lang='lat' dir='ltr'><strong><em>protestanticam</em></strong></span> <span class='ocrx_word' id='word_1_290' title='bbox 1183 2663 1351 2746; x_wconf 89' lang='lat' dir='ltr'><strong><em>inspicias:</em></strong></span> <span class='ocrx_word' id='word_1_291' title='bbox 1369 2663 1522 2746; x_wconf 86' lang='lat' dir='ltr'><strong><em>quianon</em></strong></span> 
     </span>
     <span class='ocr_line' id='line_1_27' title="bbox 64 2747 1520 2834; baseline 0.003 -22"><span class='ocrx_word' id='word_1_292' title='bbox 64 2747 214 2830; x_wconf 84' lang='lat' dir='ltr'><strong><em>judicabit</em></strong></span> <span class='ocrx_word' id='word_1_293' title='bbox 231 2748 386 2834; x_wconf 88' lang='lat' dir='ltr'><strong><em>quidquid</em></strong></span> <span class='ocrx_word' id='word_1_294' title='bbox 404 2748 447 2813; x_wconf 82' lang='lat' dir='ltr'><strong><em>stt</em></strong></span> <span class='ocrx_word' id='word_1_295' title='bbox 458 2750 496 2815; x_wconf 91' lang='lat' dir='ltr'><strong><em>de</em></strong></span> <span class='ocrx_word' id='word_1_296' title='bbox 508 2747 632 2814; x_wconf 84' lang='lat' dir='ltr'><strong><em>defectu</em></strong></span> <span class='ocrx_word' id='word_1_297' title='bbox 643 2750 780 2833; x_wconf 77' lang='lat' dir='ltr'><strong><em>praxioS,</em></strong></span> <span class='ocrx_word' id='word_1_298' title='bbox 796 2773 863 2815; x_wconf 89' lang='lat' dir='ltr'><strong><em>esse</em></strong></span> <span class='ocrx_word' id='word_1_299' title='bbox 880 2749 1196 2831; x_wconf 83' lang='lat' dir='ltr'><strong><em>Anti-Erastianam,</em></strong></span> <span class='ocrx_word' id='word_1_300' title='bbox 1209 2774 1272 2815; x_wconf 91' lang='lat' dir='ltr'><strong><em>non</em></strong></span> <span class='ocrx_word' id='word_1_301' title='bbox 1285 2752 1390 2816; x_wconf 88' lang='lat' dir='ltr'><strong><em>minus</em></strong></span> <span class='ocrx_word' id='word_1_302' title='bbox 1402 2774 1439 2816; x_wconf 90' lang='lat' dir='ltr'><strong><em>ac</em></strong></span> <span class='ocrx_word' id='word_1_303' title='bbox 1456 2750 1520 2816; x_wconf 87' lang='lat' dir='ltr'><strong><em>Pa-</em></strong></span> 
     </span>
     <span class='ocr_line' id='line_1_28' title="bbox 67 2837 1520 2923; baseline 0.002 -22"><span class='ocrx_word' id='word_1_304' title='bbox 67 2837 242 2918; x_wconf 81' lang='lat' dir='ltr'><strong><em>latinatum,</em></strong></span> <span class='ocrx_word' id='word_1_305' title='bbox 257 2839 312 2902; x_wconf 91' lang='lat' dir='ltr'><strong><em>ubi</em></strong></span> <span class='ocrx_word' id='word_1_306' title='bbox 323 2837 431 2902; x_wconf 88' lang='lat' dir='ltr'><strong><em>Erasti</em></strong></span> <span class='ocrx_word' id='word_1_307' title='bbox 442 2839 586 2903; x_wconf 86' lang='lat' dir='ltr'><strong><em>doctrina</em></strong></span> <span class='ocrx_word' id='word_1_308' title='bbox 598 2839 728 2903; x_wconf 89' lang='lat' dir='ltr'><strong><em>honeste</em></strong></span> <span class='ocrx_word' id='word_1_309' title='bbox 741 2861 910 2923; x_wconf 88' lang='lat' dir='ltr'><strong><em>suppressa</em></strong></span> <span class='ocrx_word' id='word_1_310' title='bbox 922 2840 998 2915; x_wconf 70' lang='lat' dir='ltr'><strong><em>futu</em></strong></span> <span class='ocrx_word' id='word_1_311' title='bbox 1013 2863 1051 2904; x_wconf 90' lang='lat' dir='ltr'><strong><em>ne</em></strong></span> <span class='ocrx_word' id='word_1_312' title='bbox 1061 2841 1173 2917; x_wconf 89' lang='lat' dir='ltr'><strong><em>dicam,</em></strong></span> <span class='ocrx_word' id='word_1_313' title='bbox 1183 2841 1222 2904; x_wconf 89' lang='lat' dir='ltr'><strong><em>ab</em></strong></span> <span class='ocrx_word' id='word_1_314' title='bbox 1231 2840 1301 2923; x_wconf 88' lang='lat' dir='ltr'><strong><em>ipso</em></strong></span> <span class='ocrx_word' id='word_1_315' title='bbox 1310 2843 1383 2905; x_wconf 90' lang='lat' dir='ltr'><strong><em>ante</em></strong></span> <span class='ocrx_word' id='word_1_316' title='bbox 1395 2840 1520 2904; x_wconf 89' lang='lat' dir='ltr'><strong><em>obitum</em></strong></span> 
     </span>
     <span class='ocr_line' id='line_1_29' title="bbox 66 2925 1521 3013; baseline 0.001 -21"><span class='ocrx_word' id='word_1_317' title='bbox 66 2925 141 2992; x_wconf 83' lang='lat' dir='ltr'><strong><em>haut</em></strong></span> <span class='ocrx_word' id='word_1_318' title='bbox 161 2928 294 2993; x_wconf 79' lang='lat' dir='ltr'><strong><em>obscure</em></strong></span> <span class='ocrx_word' id='word_1_319' title='bbox 317 2949 519 3011; x_wconf 86' lang='lat' dir='ltr'><strong><em>suppressam</em></strong></span> <span class='ocrx_word' id='word_1_320' title='bbox 542 2926 649 2992; x_wconf 81' lang='lat' dir='ltr'><strong><em>irrisae.</em></strong></span> <span class='ocrx_word' id='word_1_321' title='bbox 675 2928 723 2992; x_wconf 91' lang='lat' dir='ltr'><strong><em>De</em></strong></span> <span class='ocrx_word' id='word_1_322' title='bbox 747 2951 809 3012; x_wconf 89' lang='lat' dir='ltr'><strong><em>quo</em></strong></span> <span class='ocrx_word' id='word_1_323' title='bbox 828 2929 898 2992; x_wconf 89' lang='lat' dir='ltr'><strong><em>vide</em></strong></span> <span class='ocrx_word' id='word_1_324' title='bbox 918 2929 1134 2994; x_wconf 85' lang='lat' dir='ltr'><strong><em>narrationem</em></strong></span> <span class='ocrx_word' id='word_1_325' title='bbox 1147 2931 1247 2994; x_wconf 79' lang='lat' dir='ltr'><strong><em>Beroe</em></strong></span> <span class='ocrx_word' id='word_1_326' title='bbox 1262 2931 1297 2994; x_wconf 87' lang='lat' dir='ltr'><strong><em>lu</em></strong></span> <span class='ocrx_word' id='word_1_327' title='bbox 1311 2930 1446 3013; x_wconf 70' lang='lat' dir='ltr'><strong><em>praelat.</em></strong></span> <span class='ocrx_word' id='word_1_328' title='bbox 1471 2929 1521 2995; x_wconf 88' lang='lat' dir='ltr'><strong><em>Ex</em></strong></span> 
     </span>
     <span class='ocr_line' id='line_1_30' title="bbox 65 3016 1521 3103; baseline 0.001 -22"><span class='ocrx_word' id='word_1_329' title='bbox 65 3016 196 3082; x_wconf 86' lang='lat' dir='ltr'><strong><em>infinitis</em></strong></span> <span class='ocrx_word' id='word_1_330' title='bbox 218 3016 422 3093; x_wconf 83' lang='lat' dir='ltr'><strong><em>testimoniis,</em></strong></span> <span class='ocrx_word' id='word_1_331' title='bbox 446 3039 527 3102; x_wconf 89' lang='lat' dir='ltr'><strong><em>quae</em></strong></span> <span class='ocrx_word' id='word_1_332' title='bbox 547 3017 673 3080; x_wconf 90' lang='lat' dir='ltr'><strong><em>lectoris</em></strong></span> <span class='ocrx_word' id='word_1_333' title='bbox 686 3017 886 3101; x_wconf 88' lang='lat' dir='ltr'><strong><em>inquisitioni</em></strong></span> <span class='ocrx_word' id='word_1_334' title='bbox 906 3016 1061 3101; x_wconf 90' lang='lat' dir='ltr'><strong><em>relinquo,</em></strong></span> <span class='ocrx_word' id='word_1_335' title='bbox 1078 3017 1157 3082; x_wconf 90' lang='lat' dir='ltr'><strong><em>haec</em></strong></span> <span class='ocrx_word' id='word_1_336' title='bbox 1171 3019 1308 3102; x_wconf 87' lang='lat' dir='ltr'><strong><em>paucula</em></strong></span> <span class='ocrx_word' id='word_1_337' title='bbox 1324 3018 1425 3103; x_wconf 85' lang='lat' dir='ltr'><strong><em>digito</em></strong></span> <span class='ocrx_word' id='word_1_338' title='bbox 1438 3019 1521 3083; x_wconf 90' lang='lat' dir='ltr'><strong><em>indi-</em></strong></span> 
     </span>
     <span class='ocr_line' id='line_1_31' title="bbox 64 3103 1521 3192; baseline 0.002 -23"><span class='ocrx_word' id='word_1_339' title='bbox 64 3107 149 3172; x_wconf 76' lang='lat' dir='ltr'><strong><em>cabo.</em></strong></span> <span class='ocrx_word' id='word_1_340' title='bbox 173 3107 329 3172; x_wconf 78' lang='lat' dir='ltr'><strong><em>Lutlterus</em></strong></span> <span class='ocrx_word' id='word_1_341' title='bbox 346 3105 379 3169; x_wconf 92' lang='lat' dir='ltr'><strong><em>in</em></strong></span> <span class='ocrx_word' id='word_1_342' title='bbox 401 3103 562 3190; x_wconf 84' lang='lat' dir='ltr'><strong><em>Responsa</em></strong></span> <span class='ocrx_word' id='word_1_343' title='bbox 578 3107 621 3170; x_wconf 88' lang='lat' dir='ltr'><strong><em>ad</em></strong></span> <span class='ocrx_word' id='word_1_344' title='bbox 637 3107 865 3172; x_wconf 84' lang='lat' dir='ltr'><strong><em>Melautltoaeru</em></strong></span> <span class='ocrx_word' id='word_1_345' title='bbox 878 3108 915 3171; x_wconf 88' lang='lat' dir='ltr'><strong><em>de</em></strong></span> <span class='ocrx_word' id='word_1_346' title='bbox 934 3109 1121 3172; x_wconf 54' lang='lat' dir='ltr'><strong><em>werstanus</em></strong></span> <span class='ocrx_word' id='word_1_347' title='bbox 1135 3111 1253 3192; x_wconf 83' lang='lat' dir='ltr'><strong><em>(exstet</em></strong></span> <span class='ocrx_word' id='word_1_348' title='bbox 1269 3114 1348 3172; x_wconf 87' lang='lat' dir='ltr'><strong><em>Part</em></strong></span> <span class='ocrx_word' id='word_1_349' title='bbox 1364 3111 1391 3171; x_wconf 92' lang='lat' dir='ltr'><strong><em>l.</em></strong></span> <span class='ocrx_word' id='word_1_350' title='bbox 1407 3109 1521 3173; x_wconf 88' lang='lat' dir='ltr'><strong><em>Cousil.</em></strong></span> 
     </span>
     <span class='ocr_line' id='line_1_32' title="bbox 65 3194 1521 3281; baseline 0.001 -21"><span class='ocrx_word' id='word_1_351' title='bbox 65 3197 209 3263; x_wconf 78' lang='lat' dir='ltr'><strong><em>Melatitlt.</em></strong></span> <span class='ocrx_word' id='word_1_352' title='bbox 220 3217 254 3281; x_wconf 83' lang='lat' dir='ltr'><strong><em>p.</em></strong></span> <span class='ocrx_word' id='word_1_353' title='bbox 269 3194 342 3259; x_wconf 83' lang='lat'><strong><em>118.</em></strong></span> <span class='ocrx_word' id='word_1_354' title='bbox 356 3195 426 3260; x_wconf 86' lang='lat' dir='ltr'><strong><em>edit.</em></strong></span> <span class='ocrx_word' id='word_1_355' title='bbox 443 3195 475 3258; x_wconf 91' lang='lat' dir='ltr'><strong><em>in</em></strong></span> <span class='ocrx_word' id='word_1_356' title='bbox 493 3194 537 3276; x_wconf 87' lang='lat'><strong><em>8.)</em></strong></span> <span class='ocrx_word' id='word_1_357' title='bbox 555 3216 643 3272; x_wconf 89' lang='lat' dir='ltr'><strong><em>,cnm</em></strong></span> <span class='ocrx_word' id='word_1_358' title='bbox 657 3195 699 3259; x_wconf 88' lang='lat' dir='ltr'><strong><em>sit</em></strong></span> <span class='ocrx_word' id='word_1_359' title='bbox 710 3200 832 3261; x_wconf 89' lang='lat' dir='ltr'><strong><em>certum</em></strong></span> <span class='ocrx_word' id='word_1_360' title='bbox 844 3196 921 3260; x_wconf 87' lang='lat' dir='ltr'><strong><em>istas</em></strong></span> <span class='ocrx_word' id='word_1_361' title='bbox 934 3197 1223 3260; x_wconf 88' lang='lat' dir='ltr'><strong><em>administrationes</em></strong></span> <span class='ocrx_word' id='word_1_362' title='bbox 1240 3219 1308 3260; x_wconf 91' lang='lat' dir='ltr'><strong><em>esse</em></strong></span> <span class='ocrx_word' id='word_1_363' title='bbox 1321 3196 1521 3263; x_wconf 83' lang='lat' dir='ltr'><strong><em>distinctas&amp;</em></strong></span> 
     </span>
     <span class='ocr_line' id='line_1_33' title="bbox 67 3283 1520 3368; baseline -0.001 -17"><span class='ocrx_word' id='word_1_364' title='bbox 67 3287 235 3363; x_wconf 65' lang='lat' dir='ltr'><strong><em>‚diuersae</em></strong></span> <span class='ocrx_word' id='word_1_365' title='bbox 248 3306 362 3368; x_wconf 89' lang='lat' dir='ltr'><strong><em>nempe</em></strong></span> <span class='ocrx_word' id='word_1_366' title='bbox 378 3283 635 3348; x_wconf 88' lang='lat' dir='ltr'><strong><em>Ecclesiastioam</em></strong></span> <span class='ocrx_word' id='word_1_367' title='bbox 646 3287 669 3350; x_wconf 84' lang='lat' dir='ltr'><strong><em>lt</em></strong></span> <span class='ocrx_word' id='word_1_368' title='bbox 680 3285 854 3368; x_wconf 87' lang='lat' dir='ltr'><strong><em>politicam,</em></strong></span> <span class='ocrx_word' id='word_1_369' title='bbox 869 3307 947 3368; x_wconf 87' lang='lat' dir='ltr'><strong><em>quae</em></strong></span> <span class='ocrx_word' id='word_1_370' title='bbox 963 3285 1043 3349; x_wconf 78' lang='lat' dir='ltr'><strong><em>mire</em></strong></span> <span class='ocrx_word' id='word_1_371' title='bbox 1057 3284 1200 3350; x_wconf 86' lang='lat' dir='ltr'><strong><em>confudit</em></strong></span> <span class='ocrx_word' id='word_1_372' title='bbox 1211 3287 1233 3351; x_wconf 79' lang='lat' dir='ltr'><strong><em>lt</em></strong></span> <span class='ocrx_word' id='word_1_373' title='bbox 1246 3285 1374 3349; x_wconf 89' lang='lat' dir='ltr'><strong><em>miscuit</em></strong></span> <span class='ocrx_word' id='word_1_374' title='bbox 1386 3284 1520 3350; x_wconf 85' lang='lat' dir='ltr'><strong><em>Satanas</em></strong></span> 
     </span>
     <span class='ocr_line' id='line_1_34' title="bbox 67 3372 1519 3460; baseline -0.001 -20"><span class='ocrx_word' id='word_1_375' title='bbox 67 3399 135 3460; x_wconf 81' lang='lat' dir='ltr'><strong><em>,per</em></strong></span> <span class='ocrx_word' id='word_1_376' title='bbox 147 3373 326 3457; x_wconf 87' lang='lat' dir='ltr'><strong><em>Papatum:</em></strong></span> <span class='ocrx_word' id='word_1_377' title='bbox 343 3373 434 3437; x_wconf 90' lang='lat' dir='ltr'><strong><em>nobis</em></strong></span> <span class='ocrx_word' id='word_1_378' title='bbox 448 3373 502 3436; x_wconf 88' lang='lat' dir='ltr'><strong><em>hic</em></strong></span> <span class='ocrx_word' id='word_1_379' title='bbox 514 3372 629 3437; x_wconf 88' lang='lat' dir='ltr'><strong><em>acriter</em></strong></span> <span class='ocrx_word' id='word_1_380' title='bbox 641 3374 838 3458; x_wconf 80' lang='lat' dir='ltr'><strong><em>vigilandum</em></strong></span> <span class='ocrx_word' id='word_1_381' title='bbox 852 3379 910 3452; x_wconf 89' lang='lat' dir='ltr'><strong><em>est,</em></strong></span> <span class='ocrx_word' id='word_1_382' title='bbox 924 3397 981 3438; x_wconf 88' lang='lat' dir='ltr'><strong><em>nec</em></strong></span> <span class='ocrx_word' id='word_1_383' title='bbox 993 3374 1263 3453; x_wconf 91' lang='lat' dir='ltr'><strong><em>committendum,</em></strong></span> <span class='ocrx_word' id='word_1_384' title='bbox 1281 3379 1317 3438; x_wconf 90' lang='lat' dir='ltr'><strong><em>ut</em></strong></span> <span class='ocrx_word' id='word_1_385' title='bbox 1330 3374 1433 3439; x_wconf 87' lang='lat' dir='ltr'><strong><em>denuo</em></strong></span> <span class='ocrx_word' id='word_1_386' title='bbox 1445 3397 1519 3439; x_wconf 90' lang='lat' dir='ltr'><strong><em>con·</em></strong></span> 
     </span>
     <span class='ocr_line' id='line_1_35' title="bbox 66 3461 1521 3547; baseline -0.001 -19"><span class='ocrx_word' id='word_1_387' title='bbox 66 3465 271 3542; x_wconf 65' lang='lat' dir='ltr'><strong><em>,fundantur</em></strong></span> <span class='ocrx_word' id='word_1_388' title='bbox 294 3461 363 3526; x_wconf 91' lang='lat' dir='ltr'><strong><em>Hoc</em></strong></span> <span class='ocrx_word' id='word_1_389' title='bbox 382 3462 466 3526; x_wconf 90' lang='lat' dir='ltr'><strong><em>enim</em></strong></span> <span class='ocrx_word' id='word_1_390' title='bbox 485 3467 569 3526; x_wconf 90' lang='lat' dir='ltr'><strong><em>esset</em></strong></span> <span class='ocrx_word' id='word_1_391' title='bbox 591 3461 716 3526; x_wconf 87' lang='lat' dir='ltr'><strong><em>furibus</em></strong></span> <span class='ocrx_word' id='word_1_392' title='bbox 740 3462 955 3528; x_wconf 79' lang='lat' dir='ltr'><strong><em>&amp;latronibus</em></strong></span> <span class='ocrx_word' id='word_1_393' title='bbox 967 3463 1178 3547; x_wconf 86' lang='lat' dir='ltr'><strong><em>participare:</em></strong></span> <span class='ocrx_word' id='word_1_394' title='bbox 1200 3463 1275 3546; x_wconf 89' lang='lat' dir='ltr'><strong><em>quia</em></strong></span> <span class='ocrx_word' id='word_1_395' title='bbox 1288 3463 1394 3528; x_wconf 89' lang='lat' dir='ltr'><strong><em>diviua</em></strong></span> <span class='ocrx_word' id='word_1_396' title='bbox 1409 3463 1460 3528; x_wconf 86' lang='lat' dir='ltr'><strong><em>hic</em></strong></span> <span class='ocrx_word' id='word_1_397' title='bbox 1474 3474 1521 3528; x_wconf 87' lang='lat' dir='ltr'><strong><em>est</em></strong></span> 
     </span>
     <span class='ocr_line' id='line_1_36' title="bbox 68 3551 1519 3637; baseline -0.001 -18"><span class='ocrx_word' id='word_1_398' title='bbox 68 3551 255 3630; x_wconf 74' lang='lat' dir='ltr'><strong><em>,autor-itas,</em></strong></span> <span class='ocrx_word' id='word_1_399' title='bbox 268 3574 349 3635; x_wconf 87' lang='lat' dir='ltr'><strong><em>quae</em></strong></span> <span class='ocrx_word' id='word_1_400' title='bbox 359 3551 514 3635; x_wconf 89' lang='lat' dir='ltr'><strong><em>praecipit</em></strong></span> <span class='ocrx_word' id='word_1_401' title='bbox 527 3573 579 3615; x_wconf 89' lang='lat' dir='ltr'><strong><em>eas</em></strong></span> <span class='ocrx_word' id='word_1_402' title='bbox 596 3551 735 3616; x_wconf 86' lang='lat' dir='ltr'><strong><em>diversas</em></strong></span> <span class='ocrx_word' id='word_1_403' title='bbox 748 3553 770 3617; x_wconf 78' lang='lat' dir='ltr'><strong><em>le</em></strong></span> <span class='ocrx_word' id='word_1_404' title='bbox 783 3552 1003 3636; x_wconf 84' lang='lat' dir='ltr'><strong><em>impermixtae</em></strong></span> <span class='ocrx_word' id='word_1_405' title='bbox 1015 3551 1167 3616; x_wconf 80' lang='lat' dir='ltr'><strong><em>servari.”</em></strong></span> <span class='ocrx_word' id='word_1_406' title='bbox 1178 3554 1215 3617; x_wconf 82' lang='lat' dir='ltr'><strong><em>El</em></strong></span> <span class='ocrx_word' id='word_1_407' title='bbox 1222 3554 1404 3637; x_wconf 85' lang='lat' dir='ltr'><strong><em>paulopost,</em></strong></span> <span class='ocrx_word' id='word_1_408' title='bbox 1427 3551 1519 3636; x_wconf 86' lang='lat' dir='ltr'><strong><em>,Epi-</em></strong></span> 
     </span>
     <span class='ocr_line' id='line_1_37' title="bbox 64 3640 1516 3728; baseline -0.003 -20"><span class='ocrx_word' id='word_1_409' title='bbox 64 3665 198 3728; x_wconf 86' lang='lat' dir='ltr'><strong><em>,suapus</em></strong></span> <span class='ocrx_word' id='word_1_410' title='bbox 210 3644 246 3705; x_wconf 90' lang='lat' dir='ltr'><strong><em>nt</em></strong></span> <span class='ocrx_word' id='word_1_411' title='bbox 261 3640 435 3725; x_wconf 76' lang='lat' dir='ltr'><strong><em>Episcopus</em></strong></span> <span class='ocrx_word' id='word_1_412' title='bbox 448 3640 569 3704; x_wconf 90' lang='lat' dir='ltr'><strong><em>nullam</em></strong></span> <span class='ocrx_word' id='word_1_413' title='bbox 581 3640 680 3705; x_wconf 88' lang='lat' dir='ltr'><strong><em>habet</em></strong></span> <span class='ocrx_word' id='word_1_414' title='bbox 691 3640 889 3705; x_wconf 87' lang='lat' dir='ltr'><strong><em>Potestatem</em></strong></span> <span class='ocrx_word' id='word_1_415' title='bbox 902 3663 997 3725; x_wconf 90' lang='lat' dir='ltr'><strong><em>super</em></strong></span> <span class='ocrx_word' id='word_1_416' title='bbox 1009 3641 1187 3706; x_wconf 87' lang='lat' dir='ltr'><strong><em>Ecclesiam</em></strong></span> <span class='ocrx_word' id='word_1_417' title='bbox 1199 3664 1290 3705; x_wconf 86' lang='lat' dir='ltr'><strong><em>suam</em></strong></span> <span class='ocrx_word' id='word_1_418' title='bbox 1306 3642 1403 3705; x_wconf 87' lang='lat' dir='ltr'><strong><em>ullius</em></strong></span> <span class='ocrx_word' id='word_1_419' title='bbox 1416 3642 1516 3705; x_wconf 90' lang='lat' dir='ltr'><strong><em>tradi-</em></strong></span> 
     </span>
     <span class='ocr_line' id='line_1_38' title="bbox 64 3726 1515 3813; baseline -0.001 -16"><span class='ocrx_word' id='word_1_420' title='bbox 64 3732 179 3808; x_wconf 85' lang='lat' dir='ltr'><strong><em>,tionis</em></strong></span> <span class='ocrx_word' id='word_1_421' title='bbox 199 3733 255 3793; x_wconf 87' lang='lat' dir='ltr'><strong><em>aut</em></strong></span> <span class='ocrx_word' id='word_1_422' title='bbox 270 3729 464 3795; x_wconf 87' lang='lat' dir='ltr'><strong><em>ceremoniae</em></strong></span> <span class='ocrx_word' id='word_1_423' title='bbox 476 3726 694 3813; x_wconf 86' lang='lat' dir='ltr'><strong><em>imponendae,</em></strong></span> <span class='ocrx_word' id='word_1_424' title='bbox 708 3728 769 3793; x_wconf 90' lang='lat' dir='ltr'><strong><em>nisi</em></strong></span> <span class='ocrx_word' id='word_1_425' title='bbox 782 3752 935 3795; x_wconf 90' lang='lat' dir='ltr'><strong><em>consensu</em></strong></span> <span class='ocrx_word' id='word_1_426' title='bbox 948 3730 1109 3794; x_wconf 86' lang='lat' dir='ltr'><strong><em>Ecclesiae</em></strong></span> <span class='ocrx_word' id='word_1_427' title='bbox 1123 3730 1171 3794; x_wconf 88' lang='lat' dir='ltr'><strong><em>rel</em></strong></span> <span class='ocrx_word' id='word_1_428' title='bbox 1181 3753 1329 3813; x_wconf 83' lang='lat' dir='ltr'><strong><em>expresso</em></strong></span> <span class='ocrx_word' id='word_1_429' title='bbox 1342 3730 1392 3794; x_wconf 89' lang='lat' dir='ltr'><strong><em>vet</em></strong></span> <span class='ocrx_word' id='word_1_430' title='bbox 1405 3730 1515 3795; x_wconf 87' lang='lat' dir='ltr'><strong><em>tacito:</em></strong></span> 
     </span>
     <span class='ocr_line' id='line_1_39' title="bbox 63 3819 1519 3903; baseline -0.002 -17"><span class='ocrx_word' id='word_1_431' title='bbox 63 3823 163 3898; x_wconf 61' lang='lat' dir='ltr'><strong><em>‚mia</em></strong></span> <span class='ocrx_word' id='word_1_432' title='bbox 177 3819 321 3884; x_wconf 85' lang='lat' dir='ltr'><strong><em>Ecclesia</em></strong></span> <span class='ocrx_word' id='word_1_433' title='bbox 329 3825 378 3884; x_wconf 90' lang='lat' dir='ltr'><strong><em>est</em></strong></span> <span class='ocrx_word' id='word_1_434' title='bbox 390 3819 521 3885; x_wconf 76' lang='lat' dir='ltr'><strong><em>liberali</em></strong></span> <span class='ocrx_word' id='word_1_435' title='bbox 534 3819 670 3896; x_wconf 89' lang='lat' dir='ltr'><strong><em>domina,</em></strong></span> <span class='ocrx_word' id='word_1_436' title='bbox 686 3821 708 3884; x_wconf 82' lang='lat' dir='ltr'><strong><em>ta</em></strong></span> <span class='ocrx_word' id='word_1_437' title='bbox 724 3819 874 3903; x_wconf 88' lang='lat' dir='ltr'><strong><em>Episcopi</em></strong></span> <span class='ocrx_word' id='word_1_438' title='bbox 890 3841 953 3882; x_wconf 89' lang='lat' dir='ltr'><strong><em>non</em></strong></span> <span class='ocrx_word' id='word_1_439' title='bbox 967 3820 1083 3883; x_wconf 89' lang='lat' dir='ltr'><strong><em>debent</em></strong></span> <span class='ocrx_word' id='word_1_440' title='bbox 1095 3819 1249 3884; x_wconf 89' lang='lat' dir='ltr'><strong><em>dominari</em></strong></span> <span class='ocrx_word' id='word_1_441' title='bbox 1262 3819 1336 3883; x_wconf 91' lang='lat' dir='ltr'><strong><em>fidei</em></strong></span> <span class='ocrx_word' id='word_1_442' title='bbox 1347 3819 1519 3898; x_wconf 87' lang='lat' dir='ltr'><strong><em>Ecclesiae,</em></strong></span> 
     </span>
     <span class='ocr_line' id='line_1_40' title="bbox 63 3905 1518 3992; baseline -0.002 -17"><span class='ocrx_word' id='word_1_443' title='bbox 63 3935 103 3988; x_wconf 84' lang='lat' dir='ltr'><strong><em>,ut</em></strong></span> <span class='ocrx_word' id='word_1_444' title='bbox 162 3908 282 3974; x_wconf 83' lang='lat' dir='ltr'><strong><em>inritas</em></strong></span> <span class='ocrx_word' id='word_1_445' title='bbox 301 3931 431 3972; x_wconf 88' lang='lat' dir='ltr'><strong><em>onerare</em></strong></span> <span class='ocrx_word' id='word_1_446' title='bbox 451 3912 506 3972; x_wconf 88' lang='lat' dir='ltr'><strong><em>aut</em></strong></span> <span class='ocrx_word' id='word_1_447' title='bbox 523 3907 710 3992; x_wconf 89' lang='lat' dir='ltr'><strong><em>opprimere.</em></strong></span> <span class='ocrx_word' id='word_1_448' title='bbox 736 3905 816 3972; x_wconf 89' lang='lat' dir='ltr'><strong><em>Sunt</em></strong></span> <span class='ocrx_word' id='word_1_449' title='bbox 840 3908 924 3972; x_wconf 89' lang='lat' dir='ltr'><strong><em>enirn</em></strong></span> <span class='ocrx_word' id='word_1_450' title='bbox 940 3907 1116 3974; x_wconf 81' lang='lat' dir='ltr'><strong><em>Ministritt</em></strong></span> <span class='ocrx_word' id='word_1_451' title='bbox 1132 3908 1293 3974; x_wconf 91' lang='lat' dir='ltr'><strong><em>oeconomi</em></strong></span> <span class='ocrx_word' id='word_1_452' title='bbox 1306 3912 1443 3988; x_wconf 89' lang='lat' dir='ltr'><strong><em>tantum,</em></strong></span> <span class='ocrx_word' id='word_1_453' title='bbox 1456 3931 1518 3972; x_wconf 89' lang='lat' dir='ltr'><strong><em>non</em></strong></span> 
     </span>
     <span class='ocr_line' id='line_1_41' title="bbox 63 3996 1519 4082; baseline -0.003 -17"><span class='ocrx_word' id='word_1_454' title='bbox 63 4001 103 4076; x_wconf 85' lang='lat' dir='ltr'><strong><em>,E</em></strong></span> <span class='ocrx_word' id='word_1_455' title='bbox 135 3999 246 4064; x_wconf 76' lang='lat' dir='ltr'><strong><em>etesiae</em></strong></span> <span class='ocrx_word' id='word_1_456' title='bbox 258 3997 409 4062; x_wconf 85' lang='lat' dir='ltr'><strong><em>domini.’&#39;</em></strong></span> <span class='ocrx_word' id='word_1_457' title='bbox 420 3999 646 4082; x_wconf 82' lang='lat' dir='ltr'><strong><em>Elpaulopoat,</em></strong></span> <span class='ocrx_word' id='word_1_458' title='bbox 661 3996 864 4081; x_wconf 67' lang='lat' dir='ltr'><strong><em>,Episcopus</em></strong></span> <span class='ocrx_word' id='word_1_459' title='bbox 878 4002 914 4062; x_wconf 91' lang='lat' dir='ltr'><strong><em>ut</em></strong></span> <span class='ocrx_word' id='word_1_460' title='bbox 925 3997 1088 4081; x_wconf 90' lang='lat' dir='ltr'><strong><em>Princeps,</em></strong></span> <span class='ocrx_word' id='word_1_461' title='bbox 1103 3998 1204 4061; x_wconf 91' lang='lat' dir='ltr'><strong><em>multo</em></strong></span> <span class='ocrx_word' id='word_1_462' title='bbox 1220 3997 1325 4061; x_wconf 90' lang='lat' dir='ltr'><strong><em>minus</em></strong></span> <span class='ocrx_word' id='word_1_463' title='bbox 1337 3996 1449 4082; x_wconf 87' lang='lat' dir='ltr'><strong><em>(Nota)</em></strong></span> <span class='ocrx_word' id='word_1_464' title='bbox 1462 4019 1519 4080; x_wconf 93' lang='lat' dir='ltr'><strong><em>po-</em></strong></span> 
     </span>
     <span class='ocr_line' id='line_1_42' title="bbox 62 4080 1518 4172; baseline -0.004 -16"><span class='ocrx_word' id='word_1_465' title='bbox 62 4096 103 4166; x_wconf 83' lang='lat' dir='ltr'><strong><em>,te</em></strong></span> <span class='ocrx_word' id='word_1_466' title='bbox 131 4101 140 4146; x_wconf 79' lang='lat' dir='ltr'><strong><em>t.</em></strong></span> <span class='ocrx_word' id='word_1_467' title='bbox 156 4110 257 4172; x_wconf 85' lang='lat' dir='ltr'><strong><em>supra</em></strong></span> <span class='ocrx_word' id='word_1_468' title='bbox 272 4086 448 4152; x_wconf 88' lang='lat' dir='ltr'><strong><em>Ecclesiam</em></strong></span> <span class='ocrx_word' id='word_1_469' title='bbox 465 4087 628 4169; x_wconf 90' lang='lat' dir='ltr'><strong><em>imponere</em></strong></span> <span class='ocrx_word' id='word_1_470' title='bbox 647 4087 837 4170; x_wconf 88' lang='lat' dir='ltr'><strong><em>quidquam;</em></strong></span> <span class='ocrx_word' id='word_1_471' title='bbox 855 4088 930 4169; x_wconf 89' lang='lat' dir='ltr'><strong><em>quia</em></strong></span> <span class='ocrx_word' id='word_1_472' title='bbox 946 4086 1005 4150; x_wconf 91' lang='lat' dir='ltr'><strong><em>hoc</em></strong></span> <span class='ocrx_word' id='word_1_473' title='bbox 1022 4092 1105 4150; x_wconf 90' lang='lat' dir='ltr'><strong><em>esset</em></strong></span> <span class='ocrx_word' id='word_1_474' title='bbox 1117 4080 1252 4170; x_wconf 68' lang='lat' dir='ltr'><strong><em>prorsus?</em></strong></span> <span class='ocrx_word' id='word_1_475' title='bbox 1258 4086 1448 4150; x_wconf 85' lang='lat' dir='ltr'><strong><em>confundere</em></strong></span> <span class='ocrx_word' id='word_1_476' title='bbox 1462 4086 1518 4150; x_wconf 84' lang='lat' dir='ltr'><strong><em>lias</em></strong></span> 
     </span>
     <span class='ocr_line' id='line_1_43' title="bbox 62 4175 1518 4260; baseline -0.003 -15"><span class='ocrx_word' id='word_1_477' title='bbox 62 4181 103 4254; x_wconf 81' lang='lat' dir='ltr'><strong><em>,dr</em></strong></span> <span class='ocrx_word' id='word_1_478' title='bbox 139 4177 377 4255; x_wconf 73' lang='lat' dir='ltr'><strong><em>srpoteaates,</em></strong></span> <span class='ocrx_word' id='word_1_479' title='bbox 399 4178 420 4241; x_wconf 81' lang='lat' dir='ltr'><strong><em>tt</em></strong></span> <span class='ocrx_word' id='word_1_480' title='bbox 439 4179 508 4240; x_wconf 90' lang='lat' dir='ltr'><strong><em>tum</em></strong></span> <span class='ocrx_word' id='word_1_481' title='bbox 521 4178 593 4239; x_wconf 75' lang='lat' dir='ltr'><strong><em>rere</em></strong></span> <span class='ocrx_word' id='word_1_482' title='bbox 607 4179 690 4240; x_wconf 90' lang='lat' dir='ltr'><strong><em>esset</em></strong></span> <span class='ocrx_word' id='word_1_483' title='bbox 705 4175 828 4239; x_wconf 88' lang='lat' dir='ltr'><strong><em>allatrio</em></strong></span> <span class='ocrx_word' id='word_1_484' title='bbox 840 4175 1028 4260; x_wconf 84' lang='lat' dir='ltr'><strong><em>Episcopus,</em></strong></span> <span class='ocrx_word' id='word_1_485' title='bbox 1042 4178 1064 4241; x_wconf 82' lang='lat' dir='ltr'><strong><em>la</em></strong></span> <span class='ocrx_word' id='word_1_486' title='bbox 1076 4198 1133 4239; x_wconf 91' lang='lat' dir='ltr'><strong><em>nos</em></strong></span> <span class='ocrx_word' id='word_1_487' title='bbox 1147 4175 1173 4239; x_wconf 91' lang='lat' dir='ltr'><strong><em>si</em></strong></span> <span class='ocrx_word' id='word_1_488' title='bbox 1187 4175 1437 4254; x_wconf 89' lang='lat' dir='ltr'><strong><em>admitteremus,</em></strong></span> <span class='ocrx_word' id='word_1_489' title='bbox 1451 4180 1518 4240; x_wconf 87' lang='lat' dir='ltr'><strong><em>tam</em></strong></span> 
     </span>
     <span class='ocr_line' id='line_1_44' title="bbox 62 4263 1518 4354; baseline -0.006 -18"><span class='ocrx_word' id='word_1_490' title='bbox 62 4295 103 4344; x_wconf 74' lang='lat' dir='ltr'><strong><em>,er</em></strong></span> <span class='ocrx_word' id='word_1_491' title='bbox 135 4291 224 4334; x_wconf 84' lang='lat' dir='ltr'><strong><em>emus</em></strong></span> <span class='ocrx_word' id='word_1_492' title='bbox 244 4267 331 4354; x_wconf 72' lang='lat' dir='ltr'><strong><em>papis</em></strong></span> <span class='ocrx_word' id='word_1_493' title='bbox 352 4266 504 4349; x_wconf 80' lang='lat' dir='ltr'><strong><em>saerilepii</em></strong></span> <span class='ocrx_word' id='word_1_494' title='bbox 517 4263 630 4350; x_wconf 83' lang='lat' dir='ltr'><strong><em>(Nota)</em></strong></span> <span class='ocrx_word' id='word_1_495' title='bbox 647 4264 702 4328; x_wconf 89' lang='lat' dir='ltr'><strong><em>rei.</em></strong></span> <span class='ocrx_word' id='word_1_496' title='bbox 727 4263 789 4327; x_wconf 85' lang='lat' dir='ltr'><strong><em>Hie</em></strong></span> <span class='ocrx_word' id='word_1_497' title='bbox 803 4263 910 4347; x_wconf 90' lang='lat' dir='ltr'><strong><em>potius</em></strong></span> <span class='ocrx_word' id='word_1_498' title='bbox 926 4269 974 4328; x_wconf 88' lang='lat' dir='ltr'><strong><em>eet</em></strong></span> <span class='ocrx_word' id='word_1_499' title='bbox 985 4264 1192 4345; x_wconf 89' lang='lat' dir='ltr'><strong><em>moriendum,</em></strong></span> <span class='ocrx_word' id='word_1_500' title='bbox 1206 4287 1302 4348; x_wconf 89' lang='lat' dir='ltr'><strong><em>quam</em></strong></span> <span class='ocrx_word' id='word_1_501' title='bbox 1315 4264 1397 4328; x_wconf 88' lang='lat' dir='ltr'><strong><em>hanc</em></strong></span> <span class='ocrx_word' id='word_1_502' title='bbox 1410 4265 1518 4350; x_wconf 79' lang='lat' dir='ltr'><strong><em>irripie-</em></strong></span> 
     </span>
     <span class='ocr_line' id='line_1_45' title="bbox 61 4352 1518 4442; baseline -0.004 -20"><span class='ocrx_word' id='word_1_503' title='bbox 61 4371 103 4436; x_wconf 84' lang='lat' dir='ltr'><strong><em>,a</em></strong></span> <span class='ocrx_word' id='word_1_504' title='bbox 135 4380 168 4422; x_wconf 52' lang='grc' dir='ltr'><strong><em>ἱηι</em></strong></span> <span class='ocrx_word' id='word_1_505' title='bbox 194 4357 227 4422; x_wconf 89' lang='lat' dir='ltr'><strong><em>ll·</em></strong></span> <span class='ocrx_word' id='word_1_506' title='bbox 245 4357 441 4442; x_wconf 82' lang='lat' dir='ltr'><strong><em>iniquitatem</em></strong></span> <span class='ocrx_word' id='word_1_507' title='bbox 453 4354 660 4418; x_wconf 84' lang='lat' dir='ltr'><strong><em>courmittere.</em></strong></span> <span class='ocrx_word' id='word_1_508' title='bbox 684 4352 808 4435; x_wconf 72' lang='lat' dir='ltr'><strong><em>Lorpuor</em></strong></span> <span class='ocrx_word' id='word_1_509' title='bbox 820 4353 857 4416; x_wconf 92' lang='lat' dir='ltr'><strong><em>de</em></strong></span> <span class='ocrx_word' id='word_1_510' title='bbox 870 4353 1022 4432; x_wconf 74' lang='lat' dir='ltr'><strong><em>Ecclesia,</em></strong></span> <span class='ocrx_word' id='word_1_511' title='bbox 1036 4356 1072 4417; x_wconf 88' lang='lat' dir='ltr'><strong><em>ut</em></strong></span> <span class='ocrx_word' id='word_1_512' title='bbox 1084 4353 1235 4432; x_wconf 77' lang='lat' dir='ltr'><strong><em>Ecclesia,</em></strong></span> <span class='ocrx_word' id='word_1_513' title='bbox 1255 4353 1403 4439; x_wconf 76' lang='lat' dir='ltr'><strong><em>distincta</em></strong></span> <span class='ocrx_word' id='word_1_514' title='bbox 1420 4354 1518 4436; x_wconf 78' lang='lat' dir='ltr'><strong><em>junia</em></strong></span> 
     </span>
     <span class='ocr_line' id='line_1_46' title="bbox 60 4441 1517 4530; baseline -0.006 -17"><span class='ocrx_word' id='word_1_515' title='bbox 60 4451 101 4528; x_wconf 86' lang='lat' dir='ltr'><strong><em>,ci</em></strong></span> <span class='ocrx_word' id='word_1_516' title='bbox 131 4449 211 4512; x_wconf 62' lang='lat' dir='ltr'><strong><em>“ale</em></strong></span> <span class='ocrx_word' id='word_1_517' title='bbox 223 4441 390 4530; x_wconf 60' lang='lat' dir='ltr'><strong><em>politica*</em></strong></span> <span class='ocrx_word' id='word_1_518' title='bbox 405 4445 631 4528; x_wconf 72' lang='lat' dir='ltr'><strong><em>ls&#39;tposlcapop.</em></strong></span> <span class='ocrx_word' id='word_1_519' title='bbox 643 4443 715 4506; x_wconf 83' lang='lat'><strong><em>120.</em></strong></span> <span class='ocrx_word' id='word_1_520' title='bbox 734 4441 813 4519; x_wconf 88' lang='lat' dir='ltr'><strong><em>,Hic</em></strong></span> <span class='ocrx_word' id='word_1_521' title='bbox 823 4465 894 4506; x_wconf 76' lang='lat' dir='ltr'><strong><em>verri</em></strong></span> <span class='ocrx_word' id='word_1_522' title='bbox 907 4442 987 4505; x_wconf 90' lang='lat' dir='ltr'><strong><em>mihi</em></strong></span> <span class='ocrx_word' id='word_1_523' title='bbox 999 4443 1207 4528; x_wconf 81' lang='lat' dir='ltr'><strong><em>cogitationes</em></strong></span> <span class='ocrx_word' id='word_1_524' title='bbox 1219 4443 1374 4522; x_wconf 88' lang='lat' dir='ltr'><strong><em>oriuntur,</em></strong></span> <span class='ocrx_word' id='word_1_525' title='bbox 1385 4463 1424 4504; x_wconf 90' lang='lat' dir='ltr'><strong><em>ue</em></strong></span> <span class='ocrx_word' id='word_1_526' title='bbox 1433 4443 1517 4524; x_wconf 90' lang='lat' dir='ltr'><strong><em>peri-</em></strong></span> 
     </span>
    </p>

    <p class='ocr_par' dir='ltr' id='par_1_4' title="bbox 1290 4530 1517 4607">
     <span class='ocr_line' id='line_1_47' title="bbox 1290 4530 1517 4607; baseline 0 -14"><span class='ocrx_word' id='word_1_527' title='bbox 1290 4560 1294 4568; x_wconf 95' lang='lat'>·</span> <span class='ocrx_word' id='word_1_528' title='bbox 1410 4530 1517 4607; x_wconf 88' lang='lat' dir='ltr'><strong><em>,clite-</em></strong></span> 
     </span>
    </p>
   </div>
   <div class='ocr_carea' id='block_1_3' title="bbox 0 0 1870 4840">
    <p class='ocr_par' dir='ltr' id='par_1_5' title="bbox 0 0 1870 4840">
     <span class='ocr_line' id='line_1_48' title="bbox 0 0 1870 4840; baseline 0 5"><span class='ocrx_word' id='word_1_529' title='bbox 0 0 1870 4840; x_wconf 95' lang='lat' dir='ltr'><strong><em> </em></strong></span> 
     </span>
    </p>
   </div>
  </div>
 </body>
</html>
