3668 4856
291 323 406 390 Tmcr.
429 323 487 388 ΙΙΙ.
511 323 560 388 Da
583 319 789 388 Cosuanrrsus
814 346 849 387 rr
873 323 1018 388 Coasasr.
1042 323 1167 388 Eccum.
1194 325 1265 388 Cur.
1289 319 1349 388 III.
1490 323 1554 387 277

98 511 232 592 subjecta
255 511 295 575 ab
323 510 475 576 Ecclesiis
500 510 747 594 particularibus
771 510 803 574 in
828 513 932 574 totum
944 507 1093 574 distincta
1105 512 1128 577 dr
1140 515 1297 596 separata,
1311 532 1393 595 quae
1406 510 1556 574 distincta

98 600 185 682 plane
209 599 367 684 superiori
391 601 414 665 dc
438 599 584 664 absoluta
595 602 754 682 potestate
766 598 911 683 praedita
924 621 962 663 ex
975 621 1008 662 se
1018 621 1054 662 aa
1065 622 1122 683 per
1134 623 1167 664 se
1180 601 1287 665 omnia
1300 603 1413 685 agant;
1426 598 1475 664 uti
1487 598 1555 664 scil.

99 687 188 772 Papa,
214 693 270 753 ant
297 687 519 754 consistorium
532 687 749 752 Cardinalium
761 711 834 752 cum
845 709 908 752 non
920 691 969 751 est
981 686 1080 771 Papa,
1094 693 1150 752 aut
1164 689 1351 774 Episcopus,
1364 691 1420 752 aut·
1432 688 1556 772 capitu-

98 777 169 852 lum,
191 783 249 842 ant
268 779 356 842 curia
365 775 573 862 Episcopalis,
586 780 643 842 ant
654 777 836 842 convocatio
851 775 1061 861 Episcopalis,
1075 782 1131 842 aut
1146 778 1230 843 celsa
1242 776 1431 842 commissio.
1457 775 1491 842 Si
1503 777 1556 843 bic

96 867 141 929 vir
170 867 309 950 primum
331 889 370 931 ex
388 866 525 950 Papatu,
540 870 596 930 aut
607 866 745 944 aliunde,
762 866 818 931 ubi
829 869 954 949 spectra
968 864 1205 931 haechcmiues
1216 870 1348 944 tarrent,
1360 865 1394 930 in
1406 865 1557 951 Belgium

96 955 263 1034 adsernret,
276 956 516 1020 condonandum
533 959 615 1020 esset
631 954 855 1041 imaginationi
867 956 890 1020 dc
902 953 1013 1032 metui,
1026 956 1114 1039 cujus
1127 959 1218 1020 tauta
1231 956 1277 1021 vis
1291 960 1348 1034 est,
1361 959 1399 1019 ut
1411 954 1556 1025 homines

96 1044 184 1108 malis
207 1045 373 1109 exercitati
399 1045 496 1109 etiam
519 1044 626 1109 omnia
650 1048 721 1109 tuta
740 1045 884 1108 timeant.
910 1042 971 1108 Sed
991 1065 1087 1126 quem
1101 1045 1238 1110 colorem
1251 1045 1385 1109 obducet
1397 1043 1472 1109 huic
1488 1049 1555 1110 tam

95 1131 188 1197 atroci
201 1133 391 1210 calumniae,
405 1138 573 1218 postquam
584 1134 708 1198 tamdiu
720 1133 753 1197 in
766 1133 880 1217 Belgio
893 1131 1062 1212 habitavit,
1076 1133 1099 1199 dr
1112 1133 1242 1217 propius
1256 1134 1398 1220 regimen
1410 1138 1555 1198 nostrum

96 1223 252 1305 pervidere
271 1223 400 1307 potuit?
426 1221 507 1287 Vide
519 1245 617 1307 supra
628 1225 655 1307 ς.
670 1223 700 1286 8.
714 1223 736 1287 dr
750 1223 781 1285 9.
795 1221 866 1286 coll.
879 1244 951 1287 cum
963 1223 990 1306 ἓ.
1008 1222 1061 1285 20.
1086 1222 1178 1310 [pag.
1198 1223 1287 1309 155}
1311 1221 1419 1287 Verbo
1432 1221 1484 1287 hic
1495 1223 1555 1289 ite-

94 1332 160 1375 rum
176 1311 382 1391 inculcamus,
396 1312 705 1396 correspondentiam
718 1311 891 1376 Classicam
908 1315 964 1374 aut
976 1308 1183 1394 Synodicam:

136 1401 245 1466 Prima
265 1400 297 1466 d'
320 1401 497 1466 iraruediald
518 1401 699 1486 significare
720 1403 743 1466 dc
762 1423 830 1464 esse
854 1400 938 1483 ipsas
951 1399 1110 1464 Ecclesiae
1122 1401 1331 1484 particulares
1344 1405 1429 1466 certo
1445 1401 1554 1465 ordine

94 1489 253 1566 collectam
278 1512 414 1572 quarum
436 1489 567 1554 totidem
582 1493 658 1553 suut
667 1489 790 1572 primae
803 1492 826 1554 dc
838 1489 990 1553 radicales
1002 1488 1245 1555 Ecclesiasticus
1261 1494 1434 1574 potestates
1446 1489 1555 1555 ordine

94 1577 251 1643 &nucula
262 1577 371 1664 aliquo
383 1583 580 1664 aggregatae
592 1579 615 1644 dr
628 1581 844 1662 comportatae
855 1578 889 1641 in
902 1577 1050 1641 socialem
1063 1581 1085 1644 81
1098 1601 1297 1644 communem
1309 1580 1401 1665 quasi
1413 1579 1555 1663 potesta-

92 1670 172 1742 tem;
195 1690 294 1753 quam
317 1668 476 1752 possimus
499 1667 601 1732 dicere
625 1667 761 1752 primam
778 1667 887 1731 ordine
910 1669 1043 1732 naturae
1063 1667 1267 1747 intendentis,
1288 1668 1369 1733 sicut
1381 1671 1555 1753 potestates

93 1753 290 1840 singularum
308 1756 523 1821 Ecclesiarum
535 1756 668 1821 dicimus
681 1752 800 1840 primas
813 1755 923 1820 ordine
938 1759 1071 1820 naturae
1084 1758 1278 1841 generantia.

134 1845 274 1912 saurus
293 1867 365 1910 uero
388 1845 419 1911 a
442 1847 573 1910 arcadiam
591 1846 694 1910 esse&
710 1845 890 1930 significare
902 1845 1065 1929 delegatos
1078 1845 1117 1908 ab
1129 1846 1281 1910 Ecclesiis
1296 1845 1554 1930 particularibus,

92 1933 145 2019 qui
168 1935 216 1998 sin
265 1935 287 1998 li
313 1935 469 2020 delegatis
493 1935 705 2018 potestatibus
728 1934 877 2000 instructi
900 1934 997 2019 (quod
1020 1934 1133 2005 docent
1153 1935 1301 2020 vulgares
1317 1934 1429 2000 literae
1442 1936 1554 2001 fidei&

93 1957 287 2110 mnasilus
310 2023 377 2087 suis
400 2024 517 2110 quique
541 2023 702 2096 Ecclesiis,
721 2023 900 2101 conferunt,
914 2023 1072 2087 associant
1084 2023 1107 2088 dt
1120 2024 1273 2107 adaptant
1284 2024 1357 2088 illas
1369 2028 1553 2108 potestates,

94 2115 246 2196 quantum
267 2112 337 2176 fieri
349 2115 489 2196 potest&
504 2114 655 2178 mandata
669 2113 811 2196 ipsorum
823 2111 1000 2196 patiuntur,
1013 2112 1044 2175 in
1060 2111 1210 2196 Synodali
1224 2117 1280 2176 ant
1296 2112 1462 2178 Classicali
1477 2137 1553 2179 con·

92 2205 196 2265 ventu.
220 2201 299 2266 'Pale
323 2201 476 2286 regimen,
493 2202 570 2288 quin
584 2203 624 2266 ab
641 2201 728 2266 omni
740 2201 843 2285 specie
855 2203 911 2265 aut
926 2201 1103 2285 tyrannidis
1116 2201 1246 2287 Papalis
1263 2206 1318 2266 aut
1333 2202 1553 2269 monarchicae

93 2291 324 2374 superioritatis
348 2294 443 2376 (quae
469 2291 503 2356 in
523 2291 667 2355 Ecclesia
679 2291 782 2356 locum
794 2312 857 2354 non
872 2289 985 2372 habet)
997 2290 1245 2355 remotissimum
1258 2291 1310 2370 sit,
1326 2314 1419 2357 nemo
1433 2314 1553 2378 aequus

92 2399 195 2442 rerum
208 2378 395 2444 aestimator
406 2379 547 2464 negabit.
573 2378 663 2455 Quod
676 2379 702 2443 si
715 2383 734 2443 a
749 2379 880 2442 crimine
893 2378 953 2442 hoc
964 2379 1117 2442 vindicari
1129 2385 1284 2465 nequeat,
1297 2401 1360 2444 non
1371 2379 1462 2446 video
1476 2403 1552 2467 quo·

92 2468 181 2532 modo
192 2468 337 2554 regimen
352 2468 491 2552 synedrii
502 2469 534 2532 in
547 2468 734 2553 particulari
747 2467 890 2532 Ecclesia
901 2467 982 2532 tueri
999 2468 1172 2550 possimus;
1186 2469 1435 2555 quotiescunque
1448 2469 1553 2536 homi-

90 2577 142 2620 nes
161 2555 286 2616 ἄτακτοι
298 2559 322 2623 dt
335 2558 474 2622 censuris
487 2557 618 2622 obnoxii
630 2557 767 2621 dixerint
783 2561 833 2644 (ut
848 2579 913 2622 non
924 2579 996 2621 raro
1010 2556 1111 2620 dicere
1124 2557 1240 2641 solent)
1253 2557 1396 2643 singulos
1410 2563 1552 2642 pastores

89 2647 113 2710 lr
134 2645 347 2730 presbyteros,
360 2645 494 2710 totidem
506 2669 573 2711 esse
587 2645 810 2711 Hierarchicos
822 2645 1008 2729 Episcopos,
1021 2649 1077 2708 aut
1090 2646 1212 2730 Papas:
1229 2650 1391 2725 praestare
1404 2647 1513 2734 itaque
1525 2649 1553 2714 si

92 2755 185 2798 unum
212 2733 408 2820 Episcopum
420 2735 602 2811 toleremus,
616 2757 712 2821 qnam
725 2736 752 2799 si
763 2735 891 2800 multos.
917 2733 1038 2798 Vereor
1050 2757 1089 2799 ne
1101 2735 1180 2799 haec
1192 2735 1388 2822 ingratitudo
1401 2737 1551 2802 adversus

90 2828 219 2902 tantam,
231 2846 329 2910 quam
342 2824 487 2889 domiuus
501 2824 592 2889 nobis
604 2824 767 2903 concessit,
780 2824 963 2888 libertatem
979 2827 1002 2890 81
1013 2822 1156 2902 attritur,
1170 2824 1261 2908 pejus
1274 2824 1403 2910 aliquod
1415 2826 1552 2910 &dupli-

90 2915 194 2976 catum
205 2913 386 2997 episcopale
395 2913 512 2998 jugum
524 2913 714 2979 accersitura
726 2914 778 2978 sit.

134 3003 163 3086 ξ.
191 3001 241 3065 17.
266 2999 355 3066 XVI.
380 3003 512 3087 Arpina.
535 3002 674 3080 ,Causae
690 3025 799 3066 omnes
811 3003 928 3066 debant
941 3001 1044 3065 audiri
1057 3004 1079 3069 dc
1093 3002 1307 3082 determinari,
1321 3003 1376 3067 ubi
1389 3007 1553 3087 peccatum

94 3089 319 3162 ,commissum
335 3094 416 3155 est.'’
441 3093 531 3175 Hesp.
558 3091 587 3155 1.
611 3091 809 3156 Conceditur.
834 3090 927 3155 Nihil
942 3090 1030 3155 aliud
1041 3092 1111 3156 vult
1127 3091 1269 3176 regimen
1281 3095 1426 3156 nostrum
1440 3091 1551 3180 Belgi-

91 3201 169 3256 cum,
182 3200 280 3266 quam
296 3179 378 3247 utin
390 3180 637 3263 particularibus
650 3179 805 3265 synedriis
818 3202 931 3245 causae
944 3203 1053 3244 omnes
1066 3184 1297 3266 cognoscantur
1309 3183 1331 3248 81
1342 3181 1552 3247 determinen-

92 3271 150 3345 tur,
164 3292 246 3355 quaa
258 3269 344 3334 intra
359 3267 536 3334 Ecclesiam
548 3269 637 3334 illam
649 3269 875 3354 particularem
884 3269 1072 3349 subsistunt,
1086 3271 1184 3354 &ejus
1193 3269 1293 3334 solius
1303 3270 1553 3336 aedificationem

91 3361 297 3422 mncemunt:
326 3380 384 3423 nec
404 3358 528 3423 Classes
544 3363 600 3424 aut
612 3357 730 3443 Synodi
743 3359 782 3423 iis
795 3381 829 3423 se
844 3359 1044 3424 immisceant
1054 3359 1116 3424 nisi
1127 3359 1161 3422 in
1173 3381 1248 3423 casu
1263 3359 1405 3424 defectus
1420 3383 1475 3424 seu
1492 3360 1552 3429 im-

91 3447 260 3528 petantiae,
272 3447 329 3511 ubi
344 3446 489 3512 Ecclesia
501 3469 588 3526 sana,
602 3450 658 3513 aut
673 3470 747 3532 pars
759 3449 827 3532 ejus
843 3449 947 3532 potior
959 3451 1071 3532 sponte
1083 3448 1163 3513 solet
1177 3447 1329 3512 adhibere
1342 3447 1553 3517 Consilium&

90 3557 179 3620 opem
207 3537 343 3600 aliarum
366 3536 581 3602 Ecclesiamm
603 3541 711 3602 contra
734 3541 910 3602 torrentem
922 3541 978 3601 aut
991 3537 1174 3602 violentiam
1187 3537 1383 3623 quonmdam
1398 3536 1552 3598 ἁτάκτωνε

90 3625 234 3709 exempla
257 3625 466 3690 indicavimus
490 3649 557 3711 cap.
566 3627 706 3712 praeced.
731 3629 759 3712 ξ.
773 3627 802 3690 8.
828 3627 1093 3692 Acceditdcaasus
1106 3625 1348 3710 provocationis,
1360 3647 1456 3712 quam
1464 3627 1554 3692 nulla

91 3711 231 3779 llcclesia
253 3715 371 3798 poterit
394 3719 451 3780 ant
462 3716 546 3780 volet
558 3737 676 3801 negare
688 3716 840 3794 membre,
858 3719 914 3780 aut
930 3715 1030 3780 bonae
1042 3716 1128 3799 parti
1139 3715 1365 3794 membrorum,
1378 3736 1460 3801 quae
1477 3737 1552 3802 gra·
1618 3732 1620 3736 ·

89 3807 241 3880 rstamse
253 3804 476 3890 conqueritur;
489 3809 526 3869 ut
540 3809 631 3870 tanto
642 3805 746 3890 magis
759 3805 904 3890 aequitas
916 3826 1039 3884 causae,
1052 3805 1075 3869 da
1088 3804 1249 3869 actionum
1261 3827 1391 3869 suarum
1400 3807 1551 3888 patescat.

89 3903 92 3940 ⁴
156 3895 179 3956 ie
195 3893 223 3956 si
237 3893 469 3976 appellationes
481 3897 556 3958 sunt
568 3894 650 3977 juris
663 3894 828 3972 naturalis,
844 3898 879 3958 ut
892 3895 1003 3959 volunt
1014 3893 1160 3958 nonnulli
1171 3890 1248 3958 ICC.
1266 3895 1328 3979 (est
1336 3916 1367 3957 n.
1376 3894 1553 3959 remedium

89 4009 92 4036 ι
152 3982 241 4060 ressi,
269 3983 310 4046 ad
332 3983 560 4047 removendum
571 4005 755 4067 gravamen,
769 3983 852 4068 quod
864 3983 997 4067 bjudice
1009 3983 1168 4047 malitiose
1181 3987 1237 4046 aut
1251 3982 1437 4068 ignoranter
1453 3981 1552 4049 infer·

89 4087 92 4118 1
148 4087 152 4112 ¹
176 4093 238 4135 non
261 4071 355 4136 debet
378 4093 415 4134 ea
435 4071 564 4136 exulare
577 4075 595 4136 a
607 4070 757 4137 fratcrnis
773 4071 986 4138 &mitissimis
998 4072 1125 4157 judiciis
1138 4070 1380 4136 Ecclesiasticis.
1403 4070 1552 4152 Paulum,

90 4187 92 4216 ι
152 4160 232 4224 uiris
255 4164 405 4244 paratum
421 4160 461 4223 ad
473 4161 662 4246 martyrium
675 4163 774 4227 Actor.
789 4162 842 4225 21.
858 4162 908 4225 13.
921 4184 984 4225 non
997 4161 1111 4245 puduit
1122 4161 1261 4226 remedio
1273 4160 1422 4245 politicae
1436 4184 1551 4245 provo·

88 4275 92 4310 r
152 4249 219 4314 nnis
231 4249 291 4325 uti,
305 4249 388 4313 circa
404 4271 532 4314 cansam
544 4273 635 4315 suam
650 4251 700 4315 94.
717 4252 768 4316 ll.
782 4251 873 4338 [pag.
889 4250 980 4336 156]

180 4339 190 4401 l
201 4340 292 4404 instet
308 4339 397 4424 qrcia:
410 4337 500 4414 Quod
512 4340 539 4404 si
551 4339 585 4403 in
597 4341 722 4405 casibus
734 4341 885 4415 defectus,
899 4339 954 4403 ubi
967 4339 1110 4404 Ecclesia
1123 4339 1192 4425 ipsa
1204 4341 1356 4424 postulat,
1366 4340 1481 4404 saltem
1488 4361 1552 4404 non

88 4447 92 4488 r
180 4433 255 4506 mat,
276 4428 344 4493 tale
371 4426 447 4513 quid
472 4430 705 4510 concederetur,
729 4429 875 4514 iniquum
894 4434 1001 4494 tamen
1016 4429 1140 4494 videtur
1152 4427 1192 4494 ab
1209 4428 1353 4494 Ecclesia
1364 4429 1457 4493 aliter
1465 4427 1551 4582 indta

1460 4539 1518 4581 can
