3768 4842
707 31 716 67 l

310 259 353 326 24
516 257 642 324 Pras.
676 255 702 323 l.
737 254 797 320 Da
832 253 1034 320 Oaunoro
1070 257 1219 322 Poura.
1252 257 1377 322 Ecce.
1413 256 1499 322 hia.
1535 256 1561 322 l.

310 446 333 512 dr
357 442 556 509 auditoribus
576 466 642 508 non
653 442 699 506 ita
715 441 975 526 permanentibus
986 465 993 516 ;
1006 443 1083 527 quia
1095 447 1196 508 certas
1209 443 1298 507 sedes
1310 465 1372 506 non
1385 391 1603 508 fixeruricilla
1616 447 1651 506 ut
1663 443 1721 506 vix
1736 441 1788 508 sit

310 532 452 622 lhclesia
467 536 566 608 stata:
580 555 651 598 cum
662 531 806 596 membra
817 531 890 622 ejus·
901 531 965 595 sint
976 531 1010 595 in
1024 537 1180 616 perpetuo
1192 532 1283 616 quasi
1296 531 1382 596 fluxu
1395 531 1459 596 alia
1468 532 1539 596 aliis
1548 530 1786 596 decedentibus

310 622 518 689 succedentia.
539 622 583 686 Et
602 622 701 687 talem
713 642 838 704 possem
851 621 953 685 dicere
966 622 1202 688 stationaria-m.-
1214 643 1347 704 eamque
1358 621 1528 704 duplicem,
1544 644 1640 686 unam
1652 643 1785 686 merca-

311 713 424 778 toriam
452 711 570 796 (qualis
592 709 807 776 Mercatorum
830 697 1004 794 Belgarum
1020 711 1054 774 in
1066 709 1234 787 Moscovia,
1247 711 1426 794 Anglorum
1442 709 1655 788 Roterodami,
1670 709 1784 776 Ham·

310 800 407 885 burgi
419 799 501 883 decb:
519 800 652 864 alteram
666 800 835 864 utilitatum
847 821 902 864 seu
914 801 1166 882 praesidiarium,
1176 800 1286 884 quales
1300 799 1333 864 in
1346 799 1455 884 Belgio
1467 800 1585 864 suntin
1597 799 1783 864 limitaneis

311 889 527 967 munimentis,
543 888 768 955 &stationibus
781 886 999 952 excubitorum
1010 914 1017 965 ;
1043 889 1099 953 ubi
1110 893 1166 954 aut
1179 889 1413 953 recurrentibus
1425 888 1603 954 brevissimi
1619 889 1783 972 temporis

311 977 562 1057 intervallis,aut
571 981 758 1062 quacunque
767 976 928 1042 occasione
937 978 1047 1043 crebro
1060 976 1259 1061 praesidiarii
1272 981 1446 1042 mutantur.
1458 987 1502 1024 -·-
1515 977 1543 1039 5.
1558 977 1705 1042 Inchoula
1720 1000 1782 1042 seu

311 1068 346 1134 iu
369 1063 440 1132 fieri
462 1066 529 1132 sive
551 1067 674 1152 primae
697 1065 915 1150 plantationis,
939 1067 1004 1146 sive
1032 1067 1153 1151 primae
1170 1066 1697 1132 instaurationis&reformationis.
1714 1065 1783 1130 Hic

312 1157 408 1242 longe
431 1155 525 1220 aliter
547 1156 649 1220 multa
671 1155 705 1219 in
727 1155 882 1239 regimine
907 1156 1264 1240 agendadapplicanda
1277 1178 1354 1232 esse,
1367 1178 1424 1219 nec
1441 1178 1548 1220 omnes
1562 1155 1782 1220 formalitates

314 1246 506 1310 examussim
529 1244 711 1330 exigendas,
724 1245 805 1308 utin
822 1243 971 1322 Ecclesiis
983 1245 1176 1310 confirmatis
1189 1248 1211 1311 d
1226 1245 1372 1329 integris,
1384 1244 1440 1309 ubi
1453 1244 1529 1308 ordo
1538 1245 1606 1328 jam
1619 1245 1781 1310 constitu-

314 1338 366 1398 tus
380 1337 439 1414 est,
452 1334 646 1398 ostendimus
657 1333 777 1417 passim
788 1333 854 1398 Lib.
869 1334 899 1396 2.
912 1334 1005 1417 Drap.
1023 1333 1142 1402 Causae
1155 1337 1305 1418 Pupulus.
1321 1371 1358 1382 -
1371 1334 1401 1396 6.
1414 1335 1599 1408 Doraesticu,
1615 1357 1696 1417 quae
1709 1337 1780 1397 ter-

315 1423 410 1489 minis
433 1422 527 1488 unius
550 1421 694 1488 familiae
716 1421 782 1487 sive
804 1421 1028 1505 frequentioris
1044 1423 1110 1487 sive
1126 1421 1383 1506 infrequentioris
1396 1422 1672 1487 circumscribitur.
1686 1419 1781 1498 Quae

316 1534 443 1578 rausum
454 1513 557 1597 magis
570 1515 626 1576 aut
641 1510 747 1575 minus
762 1511 888 1594 integra
900 1515 958 1590 est,
971 1512 1055 1595 quod
1071 1512 1110 1576 ad
1122 1511 1343 1590 ministerium,
1357 1515 1379 1577 b
1391 1511 1658 1595 dispensationem
1669 1533 1780 1576 sacro-
1868 1571 1869 1576 ,

315 1624 397 1668 rum.
420 1599 458 1666 In
470 1599 620 1686 Ecclesiis
633 1599 824 1676 domesticis,
833 1600 926 1683 juxta
942 1600 1118 1685 antiquum,
1135 1601 1183 1665 uti
1195 1600 1311 1678 ferunt,
1324 1599 1539 1684 privilegium,
1553 1600 1669 1664 alicubi
1681 1600 1779 1664 nobi-

315 1691 362 1756 les
384 1691 419 1754 in
446 1689 531 1774 agris
558 1689 620 1754 sibi
643 1689 814 1754 adsciscere
837 1689 940 1753 solent
963 1689 1149 1754 domesticos
1167 1689 1256 1775 [pag.
1271 1691 1329 1774 24]
1353 1689 1597 1754 concionatores.
1620 1691 1709 1756 Rani.
1726 1689 1781 1753 16.

316 1779 488 1864 aliquando
515 1778 627 1842 adduci
654 1778 744 1860 solet.
769 1775 832 1859 Sed
860 1777 954 1842 aliter
972 1779 1077 1869 accipi
1104 1801 1206 1862 posse,
1218 1777 1304 1843 infra
1318 1777 1392 1862 Cup.
1407 1778 1437 1842 5.
1450 1779 1660 1853 ostendemus.
1673 1777 1781 1842 Hodie

316 1866 512 1952 Analogicae
524 1867 599 1931 illae
611 1865 772 1932 Ecclesiae
785 1867 960 1931 etiamnum
971 1867 1176 1932 inveniuntur
1187 1867 1220 1930 in
1234 1867 1315 1932 aulis
1327 1851 1670 1951 ReigumJPrincipurii,
1678 1865 1782 1931 imino

318 1960 341 2024 b
355 1955 524 2023 Nobilium
539 1955 723 2039 quorumvis
737 1955 863 2040 (quibus
876 1955 922 2020 ita
933 1956 1037 2020 visum
1052 1955 1163 2037 fuerit)
1175 1957 1209 2020 in
1221 1955 1351 2040 Anglia.
1364 1954 1465 2031 Quem
1478 1955 1644 2040 antiquum
1656 1978 1783 2020 morem

317 2044 487 2129 postremis
500 2045 590 2110 annis
603 2066 743 2109 servasse
756 2045 848 2109 audio
861 2045 931 2128 pios
948 2045 1070 2128 aliquot
1085 2068 1124 2110 ex
1139 2043 1314 2110 Nobilitate
1326 2045 1515 2130 Anglicana,
1527 2049 1565 2109 ut
1579 2045 1713 2128 puritati
1730 2067 1780 2110 re·

318 2133 447 2220 ligionis
473 2136 497 2200 b
522 2133 735 2202 incolumitati
758 2155 794 2198 ac
817 2133 1027 2199 conscientiae
1049 2134 1222 2198 multorum
1249 2134 1375 2218 piorum
1398 2134 1662 2198 Ooncionatorum
1688 2138 1783 2202 tanto

318 2223 433 2288 melius
445 2227 555 2288 contra
565 2223 748 2288 vexationes
759 2221 972 2288 hierarchicas
985 2224 1193 2288 consulerent.
1204 2262 1243 2272 -α
1256 2224 1285 2288 7.
1301 2223 1493 2290 Perochinlis
1505 2228 1553 2288 est
1564 2222 1621 2287 illa
1636 2245 1718 2306 qnae
1731 2222 1782 2286 di·
1831 2253 1833 2258 v

319 2311 449 2377 strictus
472 2311 583 2391 urbici,
610 2315 665 2376 aut
687 2311 790 2376 vicani
814 2311 981 2391 limitibus,
994 2314 1016 2378 dr
1029 2312 1149 2396 proprii
1164 2310 1308 2377 Rectoris
1320 2335 1374 2376 seu
1387 2310 1522 2377 Parochi
1535 2315 1610 2376 curt
1621 2334 1678 2395 per
1690 2311 1783 2376 verbi

319 2399 596 2488 praedicationem,
626 2403 648 2468 b
680 2404 948 2466 sacramentorum
971 2401 1276 2466 administrationem
1299 2401 1486 2476 continetur,
1515 2404 1610 2484 atque
1637 2399 1677 2465 ab
1707 2400 1783 2466 aliis

320 2491 460 2574 ejusdem
483 2490 621 2570 civitatis
643 2489 804 2574 parochiis
827 2495 981 2574 tanquam
1004 2514 1077 2575 pars
1094 2490 1269 2574 integralis
1285 2490 1319 2553 in
1335 2494 1403 2554 tota
1414 2489 1556 2554 Ecclesia
1568 2490 1627 2554 sub
1640 2489 1783 2573 ejusdem

320 2577 515 2664 Presbyterii
537 2579 701 2664 regimine,
727 2579 945 2663 distinguitur.
971 2578 1065 2644 Tales
1081 2578 1277 2663 parochiales
1292 2578 1451 2643 Ecclesiae
1463 2583 1542 2662 puto
1554 2601 1622 2642 esse
1634 2577 1782 2656 Bremae,

320 2667 568 2822 tealdus
585 2665 1147 2822 auertiter.ul⁰tst
1162 2666 1802 2840 adlaetuslaetus·

320 2846 414 2925 rium,
439 2806 494 2912 s’ed
513 2780 606 2930 juria
619 2868 690 2911 cum
702 2845 834 2930 reliquis
846 2845 997 2910 Ecclesiis
1009 2847 1042 2910 in
1055 2846 1111 2910 ille
1123 2846 1257 2911 dioecesi
1268 2847 1426 2930 Episcopo
1439 2849 1461 2911 b
1479 2845 1585 2910 curiae
1597 2844 1783 2929 Episcopali

322 2935 482 3019 subjectae
507 2955 573 3000 esse
590 2935 795 3021 cogebantur.
808 2933 893 3010 Quas
905 2939 1075 3018 propterea
1091 2936 1301 3009 adnatantes
1314 2933 1548 3011 Ecclesiastica,
1560 2938 1708 2998 unacum
1723 2957 1782 3017 pa·

321 3023 437 3090 rochiis
460 3023 632 3107 Papalibus
655 3023 772 3088 rectius
787 3022 917 3087 referas.
942 3022 1023 3088 Vide
1036 3025 1074 3088 de
1086 3023 1308 3107 parochiarum
1320 3024 1453 3108 origine,
1463 3023 1598 3107 juribus,
1614 3022 1780 3106 qualitati-

322 3113 382 3177 bus
395 3114 444 3178 ao.
465 3113 659 3196 Opusculum
674 3112 834 3198 peculiare
849 3113 916 3178 lob.
930 3114 1058 3178 Filcsuci
1069 3111 1226 3198 Theologi
1239 3111 1437 3190 Parisiensis,
1461 3115 1484 3178 b
1508 3114 1643 3194 Nicetis
1658 3113 1785 3178 illuistre
1853 3131 1863 3162 ·

322 3199 388 3270 Lib.
403 3202 433 3265 2.
449 3203 487 3266 de
500 3201 641 3268 Bonisdc
657 3202 906 3267 Possessioaibua
920 3204 1127 3268 Ecclesiurum
1139 3223 1206 3286 cup.
1219 3202 1249 3266 9.
1263 3205 1285 3268 tr
1304 3203 1353 3264 13.
1367 3200 1415 3266 De
1424 3201 1549 3285 juribus
1560 3201 1781 3284 parochorum,

323 3293 347 3360 tr
370 3290 407 3354 de
424 3289 584 3355 beneficiis
600 3290 835 3375 parochialibus
848 3291 1031 3356 consulendi
1047 3291 1244 3381 Corma-inae,
1260 3293 1433 3366 &Acriores
1446 3312 1525 3374 quos
1541 3289 1660 3354 iudicat
1674 3292 1781 3374 Arpa-

324 3379 426 3446 stinas
451 3380 592 3445 Barbara
615 3381 649 3445 ia
674 3378 869 3445 Collectuneie
881 3381 923 3445 nd
939 3379 1051 3448 Concil.
1086 3381 1220 3446 Trident.
1237 3378 1394 3464 imprimis
1413 3380 1523 3446 Bullue
1540 3381 1783 3467 Pontificum&
1845 3419 1855 3446 ι

324 3467 734 3547 DecisicnesCarcliaulium,
748 3491 826 3553 quas
834 3469 953 3533 indicat
966 3470 1191 3536 idemBurbesu
1203 3468 1435 3534 iaCcllecluneis
1447 3470 1489 3534 nd
1502 3469 1718 3534 Baliarium&
1730 3467 1781 3533 de-

324 3556 686 3647 cisiopestbrdinaliurp.
699 3596 738 3605 —
746 3557 918 3624 Conseclur.
930 3558 980 3622 Ex
992 3557 1043 3623 his
1056 3558 1311 3624 distinctionibus
1324 3557 1485 3622 Ecclesiae
1497 3556 1644 3636 visibilis,
1658 3557 1781 3622 eviden-

325 3649 375 3711 tm
387 3647 562 3711 desumitur
571 3646 731 3712 distinctio
742 3645 904 3712 Ecclesiae
916 3647 949 3712 in
961 3638 1064 3732 magis
1077 3652 1133 3712 aut
1144 3647 1249 3712 minus
1258 3652 1280 3714 dc
1290 3638 1341 3710 iix
1354 3647 1555 3730 conspicuam
1568 3669 1603 3710 ac
1615 3645 1780 3724 risibilem

326 3739 422 3819 atque
434 3735 512 3800 adeo
524 3736 746 3801 detarminatio
760 3737 991 3822 controversiae
1002 3736 1187 3801 Pontificiae
1204 3737 1242 3801 de
1255 3735 1441 3800 visibilitate
1457 3735 1628 3801 Ecclesiae.
1640 3733 1713 3800 Uno
1724 3757 1781 3819 pa-

247 3889 249 3896 ,
325 3823 497 3909 ralogismo
521 3825 752 3910 &sophismate
767 3831 919 3910 perpetuo
936 3825 1102 3890 oberrant:
1120 3825 1210 3902 Quod
1221 3826 1393 3890 secundum
1406 3824 1567 3890 Ecclesiae
1579 3824 1733 3908 analogatr

326 3913 519 3978 nullomodo
534 3914 704 3998 participet
715 3937 828 3980 nomen
841 3919 873 3979 et
884 3921 1070 3997 conceptum
1084 3915 1244 3980 Ecclesiae
1258 3915 1409 3998 quianon
1431 3913 1473 3977 sit
1486 3913 1624 3997 primum
1634 3914 1741 3998 analag
1840 3915 1852 3953 l

328 4005 408 4068 turn.
422 3999 520 4078 Quasi
532 4005 603 4087 qnis
616 4003 700 4068 dicat
712 4003 895 4080 accidentia,
909 3997 1088 4080 relationes}
1103 4003 1255 4070 &similia
1264 4003 1424 4067 debilioris
1433 4003 1587 4080 entitatis,
1597 4003 1684 4067 nullo
1693 4023 1741 4066 mo

328 4113 396 4156 esse
405 4091 501 4168 entia,
511 4093 586 4176 quia
596 4093 931 4175 definitiobrequisita
941 4094 1139 4158 substantiae
1148 4093 1227 4176 ipsis
1236 4092 1367 4156 minime
1376 4091 1573 4156 conueniant.
1584 4129 1624 4138 —
1634 4089 1691 4155 lV.
1701 4091 1749 4155 lici

328 4183 740 4266 orwcorrcspondenllueseu
751 4181 1030 4258 conticiscente&
1038 4182 1396 4266 rrrsuruuedepuideatiue,
1404 4181 1522 4246 aliaest
1531 4179 1749 4244 extracombin

327 4269 449 4335 tionem
461 4270 626 4336 classicam
639 4276 694 4337 aut
706 4272 906 4356 synodalem
920 4271 983 4335 alia
998 4271 1029 4334 in
1043 4276 1094 4335 ea:
1108 4272 1203 4355 idque
1214 4271 1246 4334 iu
1259 4271 1360 4355 primo
1374 4274 1444 4334 ortu
1458 4292 1514 4334 seu
1526 4268 1558 4332 in
1572 4269 1640 4345 fieri
1651 4271 1761 4334 tantun
1857 4265 1862 4272 ”

329 4362 386 4430 aut
411 4359 509 4430 etiam
520 4359 554 4425 in
566 4364 638 4426 actu
655 4361 723 4428 din
737 4361 822 4427 facto
835 4383 912 4427 esse.
924 4359 968 4426 Et
982 4361 1035 4426 hic
1046 4361 1149 4426 multa
1160 4361 1193 4426 in
1207 4359 1418 4444 applicatione
1431 4363 1527 4447 atque
1542 4357 1724 4426 executione
1734 4379 1764 4422 re

1603 4513 1612 4532 .
1659 4446 1765 4532 pimini
