3752 4858
290 271 354 336 264
678 269 838 334 Pocrrrcla
855 265 1103 330 Ecccesnsrrcrc
1127 262 1207 328 Pane
1220 263 1245 328 l.
1270 261 1335 328 lue.
1348 262 1389 328 ll.

289 479 372 522 anno
395 456 469 520 614.
493 455 597 540 magis
621 477 716 538 qnam
741 453 1104 518 Viriacontrectatione
1116 451 1350 530 abstinuerunt,
1362 451 1620 535 suspicorortnm
1633 475 1700 518 esse
1719 477 1758 542 ex

290 547 398 612 eodem
412 549 469 609 aut
484 568 521 608 ex
535 544 632 609 simili
645 543 879 628 phantasmate,
896 566 934 606 ex
948 564 1010 625 qno
1023 563 1157 605 canones
1170 540 1217 604 illi
1231 540 1315 624 apud
1328 541 1480 608 Plisticam
1492 545 1527 607 in
1542 545 1761 610 lt'omoccuone

290 637 334 700 tit.
349 635 378 698 l.
392 656 457 722 cop.
472 633 523 697 16.
536 634 559 698 tt
576 635 620 698 tit.
634 635 664 696 3.
677 654 744 717 cup.
762 633 823 710 18„
836 633 919 714 qnod
931 654 994 696 non
1007 630 1175 695 conveniet
1186 627 1378 696 Mulieribns
1391 631 1423 695 in
1436 630 1548 696 diebus
1557 631 1760 716 purgationis

292 747 367 789 snae
380 724 419 788 ed
432 722 635 806 Baptimum
647 724 670 790 11
686 721 824 786 Coenam
840 721 995 786 accedere.

336 814 365 877 t.
392 812 514 891 000001.
531 812 651 895 Queriti
664 811 812 876 inarmati
823 811 863 875 sit
875 811 948 876 lutee
959 808 1120 896 quaestio?
1132 809 1222 894 Hesp.
1237 808 1371 894 alicujus
1383 811 1537 876 momenti
1549 832 1626 890 esse,
1639 833 1678 874 ex
1689 811 1760 893 jam

290 901 382 966 dictis
405 905 548 966 constare
572 901 725 964 arbitror:
749 922 812 966 non
836 899 944 984 exigui
971 899 1068 964 etiam
1084 897 1237 962 momenti
1259 921 1327 962 esse
1350 899 1644 964 determinationem
1657 898 1761 978 illam,

290 1013 386 1075 quam
399 989 517 1054 Concil.
530 989 782 1074 Rhotomagcnsi
794 991 891 1073 (anno
905 987 1015 1072 1055.)
1028 987 1142 1051 tribuit
1157 988 1364 1054 Burcbcrdus
1376 990 1439 1054 loco
1451 990 1511 1066 cit,
1526 986 1760 1052 eucharistiam

290 1103 404 1144 nienns
427 1077 514 1143 haici
538 1101 598 1143 uon
624 1077 784 1162 ponenda:
798 1081 981 1142 nontamen
997 1077 1081 1142 tanti
1096 1077 1250 1142 momenti
1262 1099 1341 1158 esse,
1354 1081 1390 1142 ut
1406 1079 1446 1142 ob
1459 1077 1616 1142 defectum
1628 1077 1760 1142 huuc-in

291 1168 433 1234 Ecclesia
456 1167 564 1251 aliqua
584 1167 820 1250 protestantica,
834 1169 891 1230 aut
903 1166 935 1231 in
948 1165 1091 1230 Ecclesia-
1103 1163 1223 1230 Graece
1236 1166 1309 1252 (ubi
1321 1167 1540 1232 cochlearibus
1553 1165 1761 1231 Eucharistiae

291 1257 323 1321 in
343 1256 652 1322 (lomrnnnicentiuni
665 1278 720 1320 ora
733 1259 752 1318 a
764 1253 912 1320 Ministro
923 1254 1120 1334 immittitur,
1132 1253 1179 1318 uti
1195 1277 1293 1339 supra
1303 1255 1479 1320 indicatum
1491 1255 1565 1334 fuit)
1582 1259 1601 1318 a
1614 1277 1761 1320 commu-

291 1347 385 1410 nione
408 1345 632 1410 abstinendum
653 1348 753 1410 esset:
766 1345 882 1408 nedum
895 1349 931 1409 ut
943 1343 1255 1427 correspondentia&
1270 1344 1343 1408 nnio
1356 1344 1571 1410 Ecclesiemm
1588 1348 1761 1429 propterca

291 1434 526 1520 abrumpenda:
540 1434 644 1500 Probo
659 1433 713 1500 hic
725 1433 880 1518 judicium
896 1436 997 1500 Besae
1009 1433 1043 1498 in
1055 1432 1152 1516 Epist.
1171 1433 1200 1498 2.
1214 1433 1257 1498 ad
1276 1433 1428 1500 Ticinum
1445 1434 1610 1500 Thieliura.

879 1614 926 1678 De
939 1609 1182 1678 Geaiculaticne.

335 1794 363 1876 ξ.
377 1792 407 1856 3.
431 1791 480 1856 De
493 1791 556 1855 ritu
570 1789 820 1856 Genicnlationis
836 1814 892 1858 seu
905 1789 1131 1856 Genifleuionis
1144 1789 1177 1854 in
1189 1789 1391 1874 perceptione
1403 1789 1537 1872 (leenae,
1551 1793 1639 1856 nulle
1651 1790 1764 1856 111Ρο-

291 1887 369 1964 petn
393 1880 580 1964 disceptatio
602 1884 664 1944 est:
690 1880 767 1964 qnia
780 1879 844 1946 illis
857 1884 1010 1964 tanquam
1023 1880 1060 1943 de
1073 1879 1134 1942 fide
1147 1879 1359 1944 determinata
1371 1883 1419 1944 est
1433 1879 1577 1945 adoratio
1593 1880 1716 1946 Christi
1729 1881 1764 1946 in

290 1970 496 2034 lluclraristia
520 1970 578 2033 sub
595 1969 760 2053 speciebus
772 1970 864 2052 panis
877 1971 900 2036 81
913 1969 978 2033 vini
994 1968 1200 2052 corporaliter
1212 1969 1398 2052 praesentis.
1423 1969 1506 2034 Flam
1519 1969 1667 2054 quamvis
1685 1969 1766 2034 Pro·

292 2063 446 2124 testantes
471 2060 494 2122 11
519 2058 695 2122 Reformati
711 2080 820 2124 omnes
833 2060 961 2123 strenue
978 2061 1105 2142 negent,
1119 2061 1194 2122 sunt
1211 2062 1329 2136 tamen,
1348 2058 1403 2142 qui
1416 2061 1584 2124 externum
1597 2063 1729 2144 gestum
1742 2063 1766 2126 ts
1867 2100 1872 2109 ·

293 2148 420 2234 signnm
437 2147 635 2212 adorationis
647 2147 865 2212 retinuerunt:
891 2147 1007 2231 quibus
1020 2147 1087 2210 scil.
1101 2146 1322 2211 consuetudini
1336 2147 1389 2212 isti
1412 2147 1637 2214 universaliter
1648 2149 1682 2212 in
1697 2148 1764 2213 ne·
1875 2192 1876 2197 κ

293 2237 397 2301 clesiis
421 2236 600 2302 Occidentis
624 2239 768 2320 receptae
792 2237 896 2301 visum
918 2235 981 2300 fuit
1002 2234 1177 2300 inhaerere.
1190 2234 1316 2316 Postea,
1329 2235 1378 2300 uti
1389 2236 1458 2300 fieri
1473 2237 1555 2301 solet
1566 2237 1598 2302 in
1612 2237 1767 2302 humanis
1875 2248 1876 2251 ’

296 2326 443 2405 inventis,
467 2325 629 2408 quaesitae
653 2325 782 2390 fuerunt
806 2326 944 2390 rationes
968 2325 1008 2388 ab
1028 2324 1180 2402 utilitate,
1193 2325 1339 2409 &maj0ri
1353 2326 1531 2390 reverentia
1547 2325 1767 2392 ecderctione

295 2414 378 2478 circa
391 2413 469 2479 haec
482 2414 634 2498 mysteria
647 2415 820 2480 desumtae.
834 2413 925 2490 Quod
937 2414 977 2478 ad
992 2413 1094 2498 ipsam
1108 2414 1244 2496 praxim,
1258 2413 1412 2478 remansit
1424 2436 1462 2478 ea
1474 2418 1546 2498 post
1557 2413 1766 2480 reformatio-

292 2525 365 2567 nem
382 2501 415 2566 in
427 2503 536 2567 multis
549 2503 701 2568 Ecclesiis
715 2501 922 2580 Germaniam
936 2503 990 2568 sed
1002 2524 1058 2586 pro
1071 2506 1109 2566 ea
1121 2507 1188 2566 tam
1201 2504 1332 2586 operose
1349 2502 1547 2586 disputatum
1559 2504 1708 2582 nonfuit,
1727 2527 1767 2570 ac

292 2592 325 2656 111
340 2591 467 2676 anglia.
476 2591 547 2656 Illic
559 2592 645 2656 enim
656 2591 737 2656 illud
749 2592 869 2656 dictum
878 2591 1098 2676 adiaphornm,
1111 2591 1167 2656 illn
1181 2591 1326 2672 minutia,
1339 2592 1396 2656 illa
1407 2593 1525 2673 recula,
1533 2593 1615 2658 illud
1622 2593 1768 2658 titivilli·

292 2680 441 2759 tinm,ille
450 2680 607 2761 culex,ille
617 2703 728 2746 acerne
737 2682 864 2746 tandem
874 2704 930 2766 per
939 2680 1071 2745 nimiam
1080 2681 1319 2745 altercationem
1328 2680 1361 2745 in
1370 2681 1765 2766 camelum,elephantnm‚

292 2773 444 2850 montem,
456 2769 488 2833 in
501 2771 724 2848 necessarium,
737 2774 793 2835 ent
805 2771 896 2855 quasi
907 2769 1121 2836 necessarium
1134 2770 1211 2854 quid
1223 2769 1380 2853 paulatim
1389 2770 1634 2836 transformatus
1649 2771 1726 2850 fuit,
1742 2773 1766 2838 1

292 2859 456 2944 neglectus
480 2859 547 2942 ejus
564 2859 673 2942 poenis
688 2861 710 2925 11
722 2861 942 2924 vexationibus
954 2882 1017 2924 non
1029 2859 1292 2924 ceremonialibus
1306 2859 1360 2924 sed
1374 2858 1641 2924 substantialibus
1654 2861 1766 2924 sindi-

292 2952 390 3012 cntus.
405 2946 563 3032 Vulgares
576 2947 775 3012 velitationes
790 2951 929 3015 &omues
942 2947 1054 3014 velites
1066 2970 1130 3012 non
1142 2948 1334 3024 memorab0;
1347 2948 1401 3013 sed
1413 2949 1611 3014 solummodo
1621 2947 1766 3039 virorum

292 3036 545 3100 doctissimorum
569 3036 688 3120 scripta
711 3037 852 3116 adverse,
878 3037 985 3120 qualia
1011 3038 1142 3102 Parieti
1164 3038 1201 3102 dc
1227 3039 1343 3102 Grues:
1366 3038 1450 3121 quod
1472 3040 1640 3122 exceptum
1657 3037 1723 3103 fuit
1747 3043 1767 3102 11

294 3127 436 3190 Mortono
453 3125 488 3190 ic
503 3137 589 3190 tract.
606 3126 643 3190 de
656 3125 840 3211 [pag'813]
859 3125 971 3192 Tribus
985 3126 1199 3192 raticensibus
1213 3127 1421 3202 westroni&
1433 3128 1456 3192 61
1468 3125 1528 3192 hoc
1541 3127 1582 3192 ab
1595 3129 1717 3193 Ariusio
1730 3130 1768 3194 in

292 3215 373 3279 (1006
378 3235 414 3280 us
426 3215 592 3298 opusculis
600 3227 706 3280 eorttru
717 3218 891 3299 perterritam
900 3213 1098 3299 ttspeciclcm
1108 3217 1364 3282 60001000100001
1373 3216 1607 3299 Defensioaens
1614 3215 1768 3282 Amesius

294 3303 413 3386 petitus
423 3307 555 3368 esocem
565 3327 622 3369 sno
631 3303 669 3367 D.
682 3305 802 3388 Burgus
811 3304 906 3387 paulo
914 3307 988 3367 ante
997 3303 1210 3368 obitumenno
1220 3305 1287 3370 scil.
1299 3305 1529 3370 rosacensem
1539 3329 1630 3370 snam
1639 3306 1768 3371 erudite

295 3395 317 3458 11
330 3391 428 3456 solide
446 3392 626 3458 vindicavit.
639 3390 728 3456 Haec
740 3393 846 3457 omnia
858 3391 1183 3458 idiomatevernaculo
1192 3394 1385 3476 prodierunt.
1397 3393 1446 3461 Ex
1456 3391 1563 3458 Scotisi
1572 3416 1655 3458 anno
1666 3395 1766 3459 1623.

293 3481 412 3565 prodiit
435 3481 571 3547 latinum
595 3480 748 3564 scriptum
772 3482 826 3545 sed
850 3481 1082 3546 Amstelodami
1105 3504 1266 3560 excusum,
1291 3482 1342 3547 tit.
1370 3484 1766 3550 AltarisDamuscenisuh

294 3571 421 3636 nomine
445 3571 629 3650 Didoclunii,
653 3569 713 3634 hoc
734 3575 782 3635 est
801 3571 934 3636 Davidis
949 3571 1156 3638 Culderwocd.
1173 3569 1315 3635 Tandem
1329 3573 1480 3636 emissum
1492 3573 1555 3637 fuit
1567 3595 1650 3638 anno
1666 3573 1766 3638 1637.

295 3661 493 3724 elaboratum
521 3659 677 3743 Theologi
704 3663 760 3724 aut
784 3658 1022 3746 Theologorum
1048 3660 1298 3744 Amonymorum
1323 3659 1477 3744 scriptum
1502 3663 1704 3727 vernaculum
1729 3661 1766 3726 iu

294 3747 411 3828 Sentiat,
424 3749 479 3812 sed
491 3748 558 3814 sine
571 3748 697 3813 nomine
709 3749 770 3814 loci
783 3753 838 3813 aut
850 3749 1044 3835 typographi
1057 3749 1107 3813 111.
1121 3751 1300 3834 Disputatio
1312 3751 1463 3816 adamus
1471 3751 1572 3836 duplo
1588 3751 1767 3837 Pupistims

295 3839 495 3915 ceremonias,
508 3839 558 3903 &c

339 3925 387 3990 Ex
402 3926 459 3991 illa
471 3925 622 3992 Virorum
639 3927 923 3992 eruditissimorum
937 3928 1180 4008 concertatione,
1197 3927 1252 4011 qul
1265 3931 1355 3992 extre
1368 3933 1474 4012 partes
1487 3932 1584 4008 stent,
1601 3930 1681 3994 haut
1696 3929 1763 3993 dif-

295 4015 423 4079 ficultm·
435 4021 603 4101 conceptus
616 4016 752 4080 formare
765 4014 951 4098 &judicium
963 4015 1090 4081 firmare
1102 4021 1234 4100 possunt
1243 4020 1427 4096 φιλομαθεῖς.
1440 4017 1508 4082 Nos
1516 4017 1765 4101 particularibus

296 4104 410 4183 causis,
435 4105 572 4185 motivis,
596 4104 852 4185 circumstantiis,
875 4105 1035 4182 connexis,
1047 4105 1314 4189 consequentibus
1328 4106 1464 4184 omissis,
1479 4129 1561 4190 quae
1574 4107 1764 4172 alterutram

295 4195 420 4277 partem
431 4195 623 4279 praejudicio
635 4194 742 4278 aliquo
755 4217 888 4280 gravere
900 4199 1039 4277 possent,
1052 4194 1238 4279 simpliciter
1250 4192 1452 4274 Nostrarum,
1464 4197 1488 4261 1
1499 4195 1636 4260 aliamm
1648 4193 1765 4258 Befor-

295 4285 455 4347 maternm
466 4283 580 4367 praxin
595 4284 809 4349 defendemus.
823 4281 872 4348 Sit
887 4304 964 4367 ergo
979 4285 1140 4367 Quaestio?
1157 4285 1765 4371 ,1090010080001110001011011001010

293 4373 488 4457 perceptione
515 4372 633 4442 Coenus
651 4375 690 4440 sit
702 4373 904 4455 liecessurius,
921 4385 976 4439 aut
987 4375 1085 4455 utilis,
1097 4385 1154 4440 aut
1166 4375 1303 4440 mactae
1317 4375 1510 4456 maveciecs,
1525 4372 1558 4440 a
1567 4375 1611 4440 ad
1621 4375 1763 4440 devotuin

1645 4460 1767 4530 Come
