3766 4866
330 301 442 370 Tales.
453 298 513 371 Ill.
537 297 584 368 Dr
600 299 732 366 decuma
745 295 923 364 Oamuluus
935 297 1225 365 Poura-pomus.
1249 299 1321 366 (lle.
1334 297 1399 367 ΙΙΙ.
1536 301 1599 368 381

142 500 190 560 ter
201 515 266 559 non
278 494 460 572 admonent,
472 513 529 555 nec
543 489 640 554 etiam
652 492 806 572 tanquam
818 485 1031 552 necessarium
1044 486 1084 550 ad
1096 508 1164 551 esse
1177 487 1320 553 autbene
1329 489 1533 575 essepietatis
1540 491 1607 575 pri-

142 585 242 648 vatim
261 582 364 647 multo
388 581 493 645 minus
513 579 640 663 publice
656 577 888 642 admonendum
901 578 1034 658 putant,
1047 575 1085 640 de
1102 597 1139 638 eo
1150 575 1277 660 publice
1293 586 1350 643 aut
1362 581 1513 664 privatim
1525 581 1607 644 nihil

142 677 224 738 esset
249 671 434 736 dicendum:
459 691 499 733 ne
516 667 583 733 scil.
597 666 732 730 dividiae
744 665 898 742 oriantur,
913 665 935 730 tr
951 665 983 727 in
997 663 1156 728 contraria
1168 666 1273 730 studia
1286 665 1511 734 Antecessores
1523 670 1607 734 scin-

142 763 279 826 dautur?
303 763 392 843 Hesp.
419 756 606 822 Falsissima
629 754 854 838 consequentia
888 752 1026 836 Ergone,
1043 753 1070 817 si
1082 753 1139 817 uni
1151 757 1248 838 atque
1260 755 1354 820 alteri
1366 779 1405 822 ex
1417 757 1608 824 Doctoribus

142 851 174 914 in
198 849 334 927 Scholia,
359 850 415 912 aut
438 869 477 911 ex
494 843 763 909 ·Antecessorib11s
786 843 821 906 in
843 841 987 907 Ecclesia
1002 841 1106 906 visum
1123 841 1221 907 fuerit
1233 844 1309 927 quid
1320 847 1495 927 remittere,
1508 848 1609 912 autin

142 943 247 1004 tetum
260 937 418 1015 amittere,
431 939 488 1000 aut
500 935 540 998 ad
552 934 733 1017 oppositam
744 935 868 1015 partem
882 932 959 1015 ejus,
972 932 1056 1015 quod
1070 935 1164 996 antea
1180 953 1251 997 erim
1267 932 1340 998 aliis
1352 935 1494 1015 tradidit,
1507 937 1609 1000 instar

141 1025 341 1092 lthotmanui
365 1023 626 1090 Mouaateriensis
650 1021 701 1107 (de
717 1043 781 1105 quo
793 1018 961 1084 Sleidanus
977 1020 1032 1083 lib.
1049 1021 1115 1103 10.)
1127 1021 1281 1098 transire;
1297 1022 1371 1086 ilico
1383 1045 1492 1088 omnes
1505 1025 1561 1089 alii
1574 1025 1607 1089 in

141 1115 353 1199 heliotropria
375 1137 409 1178 se
431 1111 724 1184 transformabunt3
749 1113 823 1176 &ne
837 1130 896 1194 gry
908 1108 1036 1193 quidem
1049 1108 1154 1180 dicent
1165 1113 1222 1174 aut
1234 1109 1352 1174 facient
1368 1113 1454 1177 ultra
1466 1136 1514 1192 ea,
1527 1135 1609 1197 quae

6 1249 8 1252 -
141 1206 298 1271 cothurno
313 1202 409 1267 alicui
424 1203 477 1266 hic
490 1203 512 1268 tv
524 1221 608 1264 nunc
624 1221 684 1264 nor:
703 1198 843 1274 dicenda,
856 1219 919 1262 non
932 1197 1086 1276 facienda,
1100 1201 1156 1262 aut
1167 1198 1262 1263 aliter
1273 1199 1404 1266 dicenda
1420 1202 1512 1287 [pag.
1525 1202 1607 1287 960]

141 1317 177 1359 ae
200 1293 348 1358 facienda
370 1291 541 1355 videntur?
566 1287 654 1353 Haec
677 1286 745 1351 scil.
769 1286 830 1352 erit
853 1287 1194 1371 praetensalibertas,
1218 1289 1406 1376 moderatio,
1431 1291 1607 1369 eoncordia,

140 1387 294 1462 ίσεψυχίκς
308 1381 444 1446 antehac
455 1379 496 1443 ab
511 1377 659 1442 omnibus
671 1375 841 1442 haereticis
855 1374 1021 1461 (quamdiu
1033 1375 1194 1462 suffragiis
1207 1398 1270 1441 non
1283 1379 1483 1462 superarent)
1500 1380 1607 1443 dolose

141 1475 323 1554 praetensa,
341 1473 375 1534 ut
387 1491 425 1534 ea
436 1466 607 1554 aliquando
624 1469 812 1530 everterent.

185 1558 245 1624 lV.
272 1559 382 1644 Objecl.
405 1556 466 1621 nst
488 1554 656 1640 peculiaris
679 1553 835 1638 quaedam
853 1552 962 1637 praxis
977 1556 1034 1618 aut
1045 1554 1237 1620 consuetudo
1250 1553 1398 1640 Anglica,
1411 1556 1473 1621 huc
1485 1558 1608 1622 traduci

141 1653 255 1734 coepta
279 1671 334 1732 per
357 1646 491 1729 aliquos,
516 1644 572 1728 qui
582 1643 656 1708 istic
667 1644 701 1708 in
717 1641 838 1728 Anglia
853 1643 913 1708 hoc
925 1641 1111 1721 didicerunt,
1127 1647 1183 1708 aut
1196 1664 1234 1708 ex
1247 1643 1350 1709 Libris
1366 1645 1513 1731 Anglieia
1529 1647 1609 1711 illud

139 1738 341 1802 hauserunt?
357 1735 454 1819 Resp.
466 1733 541 1798 Vah
554 1734 743 1816 stupendam
754 1729 973 1807 decoramina-l
984 1730 1127 1796 Historia
1134 1737 1182 1797 est
1190 1755 1296 1797 rerum
1304 1737 1468 1818 gestarum
1476 1734 1609 1800 seientia

140 1825 346 1902 &narratim
372 1845 434 1888 non
457 1823 659 1908 propriorum
683 1821 945 1906 phantasmatum
968 1817 1023 1878 ὑπὸ
1044 1824 1171 1895 nsaiwi
1188 1819 1414 1902 τοῦέγκεφκλσῦ
1430 1822 1607 1889 fabricatio.

140 1915 282 1992 Quorum
307 1910 386 1978 vero‘
405 1912 582 1997 Anglorum
601 1909 811 1994 Theologiam
832 1909 980 1993 &praxin
992 1909 1132 1996 intelligi
1144 1911 1280 1974 volunt?
1303 1911 1498 1994 Disciplinae
1511 1915 1608 1978 Gene-

139 2005 245 2070 venais
260 2005 438 2070 Zelelunum
454 2001 516 2086 (uti
528 2021 581 2064 eos
596 1998 728 2064 Tilenus
739 1999 773 2062 in
786 1998 957 2064 Paraenesi
968 1997 1126 2064 adScotas
1133 1999 1298 2085 appellat),
1307 2021 1362 2066 seu
1374 1999 1609 2068 Fundanorum

143 2093 371 2160 cenaeos-iam
385 2090 447 2176 (uti
459 2089 678 2154 Montacutius
690 2112 716 2154 e.
730 2089 933 2172 Apparamm
946 2085 1100 2170 Baronii,)
1113 2111 1167 2152 seu
1175 2089 1447 2172 praeeieialarmn,
1457 2091 1519 2176 (uti
1527 2091 1607 2173 alii);

140 2182 273 2260 honest,
290 2203 329 2246 ex
353 2181 398 2244 rei
410 2179 554 2256 veritate,
567 2177 903 2262 presbyterianornm?
917 2198 957 2240 an
969 2199 1044 2242 vero
1057 2175 1351 2242 hierarchicarum?
1374 2177 1525 2243 Arbitror
1536 2201 1609 2264 pre-

6 2327 8 2340 .
141 2271 343 2356 shyterianos
356 2269 525 2354 designari.
539 2265 601 2332 Sed
613 2265 672 2331 hoc
685 2265 780 2330 nimis
792 2265 958 2349 imperite3
972 2266 1183 2349 quianullum
1201 2288 1309 2331 eorum
1321 2267 1496 2352 quidquam
1507 2269 1607 2353 scrip-

140 2359 221 2424 sisse
244 2358 385 2436 memini,
410 2357 494 2440 quod
516 2377 573 2438 per
593 2355 746 2440 Angliam
769 2357 792 2422 a
815 2355 900 2418 ultra
911 2375 999 2419 mare
1014 2377 1071 2439 per
1082 2356 1265 2420 universum
1277 2355 1387 2420 orbem
1399 2355 1608 2423 reformatum

140 2449 270 2532 privata
282 2449 304 2514 tr
317 2446 490 2511 domestica
501 2443 653 2509 exercitia
664 2449 731 2508 tam
743 2443 809 2509 late
822 2444 1058 2527 propagaverit,
1072 2465 1109 2508 ac
1120 2445 1296 2510 Ludueleua
1310 2445 1415 2532 Builly
1430 2445 1608 2531 Episcopus

143 2535 370 2622 Baugoriensis
382 2535 461 2600 libro
473 2554 531 2599 aue
543 2534 581 2599 de
594 2532 695 2598 Praei
704 2533 828 2616 pietalis
840 2533 911 2615 plus
923 2553 1020 2614 quam
1031 2533 1138 2598 tricies
1151 2533 1198 2620 (ni
1209 2533 1317 2618 fallor)
1332 2535 1515 2600 recusatio
1523 2559 1609 2602 com-

141 2626 250 2709 plures
274 2625 402 2709 linguas
425 2622 589 2706 Europeas
605 2621 781 2699 transfus03
795 2643 890 2706 quem
902 2643 961 2685 nos
973 2623 1158 2688 necessariis
1171 2623 1360 2707 quibusdam
1372 2623 1467 2703 notis,
1480 2625 1519 2689 ad
1531 2647 1607 2690 cau-

31 2777 35 2785 ,
139 2715 252 2787 telam,
268 2713 509 2778 illustravimus.
534 2710 596 2776 Sed
612 2711 689 2795 quid
700 2711 798 2790 nati0,
811 2710 887 2794 quid
900 2709 995 2788 χώρα,
1010 2711 1087 2795 quid
1099 2733 1213 2776 nornen
1230 2715 1378 2776 autorum
1390 2713 1435 2776 rei
1450 2713 1606 2794 detrahet,

140 2803 170 2866 si
192 2801 287 2868 modo
310 2824 384 2866 vera
407 2802 430 2866 dr
445 2801 531 2864 bona
543 2800 609 2864 sit?
633 2798 697 2864 Gur
709 2822 772 2865 non
784 2799 889 2883 potius
903 2800 1079 2864 doctrinam
1094 2798 1243 2882 &prarin
1255 2799 1293 2864 de
1305 2801 1434 2866 natione
1446 2801 1607 2885 praejudi-

140 2894 226 2968 cant,
239 2913 336 2974 quam
348 2891 507 2955 nationem
521 2889 558 2954 de
572 2888 714 2953 doctrina
728 2891 751 2954 dv
763 2887 854 2972 praxi
869 2889 1122 2971 praedamnant?
1146 2887 1418 2954 Praestantissimi
1427 2890 1607 2975 Anglorum

141 2979 313 3064 Theolcgi,
331 3001 395 3043 non
407 2981 533 3043 tantum
545 2977 714 3056 textuales,
727 2975 909 3062 dogmatici,
926 2975 1091 3049 Elenctici,
1105 2999 1240 3061 quorum
1252 2976 1353 3062 aliqui
1366 2981 1384 3042 ia
1395 3000 1446 3042 me
1459 2979 1494 3044 ia
1507 2979 1608 3046 Prae-

140 3069 199 3154 [αἱ.
223 3069 267 3134 ud
289 3069 440 3134 Libellum
463 3068 501 3132 de
523 3069 612 3132 Lucu
631 3067 722 3131 Aleae
733 3065 900 3146 nominati,
913 3066 967 3132 sed
979 3065 1002 3130 lv
1014 3065 1156 3150 practici,
1168 3066 1255 3131 omni
1270 3067 1455 3151 exceptione
1472 3068 1608 3152 majores

140 3161 227 3234 sunt,
241 3179 299 3221 nec
314 3161 385 3222 mea
396 3155 577 3222 defensione
589 3155 752 3240 indigent:
765 3155 875 3239 quales
894 3155 1079 3234 Greeabum,
1093 3155 1277 3234 Pertinace,
1287 3157 1439 3242 mering,
1455 3158 1608 3244 Wtclcly,

142 3247 242 3314 Nicol.
265 3246 395 3330 Bieseld,
422 3247 555 3330 Bayveee,
588 3245 738 3324 Willeua,
765 3244 1011 3332 deperi,1)plvii,
1034 3245 1196 3325 Bellonae,
1225 3245 1363 3312 Wardus
1380 3246 1609 3330 lpevoieteucia,

140 3336 210 3400 lod.
237 3333 419 3412 Dewuavue,
446 3337 561 3419 Germe,
587 3334 723 3398 [lteram.
746 3333 970 3418 Slcupblocus,
995 3334 1178 3414 Proeto-uua,
1194 3335 1334 3401 Arlurne
1348 3335 1607 3415 Decumsibbea,

142 3424 316 3490 Eclaurdua
332 3423 502 3508 Ruyualda,
525 3422 735 3501 Hilderebam‚
761 3421 896 3489 Theanus
907 3422 1038 3489 Hoolcv.
1062 3421 1166 3488 Nemo
1181 3423 1262 3488 tales
1275 3426 1466 3502 contemnet,
1478 3423 1539 3488 nisi
1553 3425 1609 3509 qui

141 3535 196 3578 eos
220 3534 284 3576 non
307 3511 397 3597 legit,
418 3515 474 3576 aut
485 3512 541 3595 qui
552 3511 656 3594 ipsam
667 3511 794 3595 praxioa
806 3510 963 3578 theoriam
977 3512 1116 3598 ignorat,
1129 3515 1185 3576 aut
1197 3534 1291 3598 quem
1304 3513 1430 3596 praxios
1446 3510 1570 3586 testeis,
1586 3515 1609 3580 lv

143 3601 252 3667 mundi
276 3600 416 3680 afflatus,
441 3601 468 3664 si
481 3623 543 3665 non
560 3599 698 3664 invidiae
714 3621 750 3664 ac
762 3601 974 3666 contentionis
986 3605 1136 3678 oestrum,
1149 3604 1168 3666 a
1180 3600 1360 3686 cognitione
1372 3623 1408 3666 ac
1417 3600 1536 3685 jndicio
1549 3601 1609 3668 hoc

140 3690 326 3754 submovet:
348 3690 505 3773 quomodo
526 3688 737 3773 Philosophus
757 3688 854 3756 Elbie.
873 3691 991 3758 Ilicem.
1014 3693 1042 3754 1.
1057 3712 1123 3775 cap.
1138 3691 1168 3753 3.
1178 3695 1329 3771 juvenem
1341 3692 1448 3756 censet
1459 3689 1608 3756 idoneum

139 3778 244 3843 civilis
255 3778 406 3842 scientiae
418 3777 605 3842 Auditorem
618 3799 680 3842 non
694 3800 771 3857 esse,
784 3779 867 3861 quod
876 3778 988 3852 ἄπειρος
999 3779 1042 3842 sit
1049 3785 1108 3837 τῶν
1119 3777 1196 3839 κατὰ
1206 3775 1259 3838 τὶν
1271 3774 1486 3857 θίονπράξεωνι
1495 3779 1517 3844 tr
1526 3780 1610 3863 quod

140 3870 307 3951 praeterea
325 3874 386 3934 τοῖς
406 3868 537 3926 πάθεσιν
558 3863 790 3938 &milevitanis
809 3868 861 3932 sit.
891 3865 938 3933 Ut
950 3868 1097 3951 proprius
1110 3870 1248 3946 φλυαρίας
1263 3867 1335 3932 illas
1348 3889 1491 3953 urgeam,
1504 3869 1528 3933 u
1540 3868 1609 3932 Au-

9 4003 13 4012 ·
142 3961 227 4020 tores
252 3953 517 4031 aivmrxsseiwve
540 3955 678 4035 reddam,
701 3957 809 4021 dicant
827 3977 955 4040 quaese,
972 3977 1013 4020 an
1032 3953 1189 4040 Theologi
1201 3960 1267 4020 tum
1285 3956 1385 4020 exteri
1399 3959 1467 4021 tum
1483 3954 1608 4042 Belgici

62 4095 64 4100 ,
141 4045 175 4108 in
199 4042 326 4126 Syncdo
350 4043 559 4121 Dordracent,
584 4067 625 4108 an
648 4043 768 4129 Synodi
780 4045 990 4128 provinciales
1006 4044 1164 4130 Belgicae,
1178 4067 1219 4108 an
1234 4042 1393 4130 Theologi
1405 4042 1609 4110 Leidenses&

141 4131 360 4196 Franelrerani
375 4133 472 4217 paulo
484 4137 558 4197 ante
571 4135 590 4196 a
601 4155 652 4198 me
665 4133 802 4211 adducti,
814 4155 923 4199 omnes
934 4135 968 4197 in
980 4132 1101 4218 Anglia
1116 4132 1241 4199 edueati
1253 4131 1326 4210 sint,
1344 4137 1400 4198 aut
1412 4133 1483 4198 istie
1495 4134 1609 4199 studiis

141 4243 271 4305 operam
284 4221 437 4300 dederint,
450 4225 546 4305 atque
558 4221 631 4286 iude
644 4220 853 4306 Theologiam
866 4222 904 4300 de
916 4221 1095 4287 domesticis
1111 4221 1270 4287 exercitiis
1282 4221 1314 4284 in
1328 4220 1476 4308 Belgium
1490 4222 1608 4287 intule-

141 4310 231 4374 rint?
257 4307 307 4372 Au
325 4310 409 4375 idem
429 4310 632 4374 statuendum
644 4315 685 4375 sit
697 4311 735 4374 de
747 4309 920 4396 Theologis
934 4310 1111 4390 Germanis,
1125 4309 1295 4388 Helvetiis,
1308 4307 1422 4390 Gallis,
1435 4311 1490 4395 qui
1503 4312 1608 4375 dome·

142 4397 293 4462 sticarum
317 4421 446 4482 precum
472 4397 625 4462 formulas
646 4399 810 4484 limingis,
825 4401 915 4487 [pag.
930 4399 1011 4486 ubl]
1025 4399 1261 4478 Cateehesibua,
1275 4399 1409 4483 aliisque
1422 4398 1555 4464 Precum
1568 4400 1608 4463 li-

1515 4487 1609 4552 bellis
