3712 4850
298 311 361 406 252
597 309 678 376 Pras
702 308 759 375 lll.
784 308 833 374 Da
858 309 1010 376 Raoruraa
1033 309 1124 374 Ecca.
1149 331 1180 374 nr
1204 331 1327 374 caussa.
1351 307 1417 373 Ius.
1440 305 1465 373 l.

295 497 412 582 judicia
427 497 574 576 decisiva,
587 499 610 564 dr
623 498 650 562 si
662 501 830 580 quaesunt
843 497 935 562 istius
948 497 1087 583 generis.
1102 499 1152 564 12.
1169 496 1215 563 Ut
1231 495 1395 581 propriam
1409 499 1431 564 tu
1447 494 1640 580 particulare
1652 493 1767 560 Eccle-

294 586 441 651 siasticae
458 586 628 669 potestatis
645 586 679 650 in
692 591 817 670 quaque
830 586 973 652 Ecclesia
985 587 1143 671 objectum
1156 586 1219 651 sibi
1232 593 1296 651 'non
1313 585 1483 660 vindicent,
1496 583 1622 648 etiamsi
1636 607 1695 668 per
1706 583 1768 648 lros

295 679 350 740 aut
369 675 442 738 illos
457 675 627 753 offeratur3
653 675 707 740 sed
719 676 758 740 ad
771 675 931 741 Ecclesias
943 698 1085 760 quasque
1098 676 1275 754 remittant,
1288 697 1460 759 earumque
1473 671 1626 757 potestati
1639 672 1675 736 in
1688 671 1768 738 soli-

294 765 370 828 dum
383 763 574 845 relinquant.
599 763 706 829 Perse
718 763 803 828 enim
816 765 854 830 ad
867 764 971 848 ipsam
983 787 1045 829 non
1058 765 1206 848 pertinet,
1220 766 1274 829 sed
1286 768 1412 829 tantum
1421 786 1478 847 per
1486 761 1641 840 accidens,
1650 761 1685 826 in
1695 760 1767 826 istis

295 853 362 917 scil.
389 851 525 928 casibus,
543 873 615 917 cum
628 853 661 916 in
675 853 860 936 particulari
876 853 1019 919 Ecclesia
1029 877 1094 918 non
1106 857 1155 918 est
1166 853 1329 919 sufficiens
1341 855 1501 937 potestas;
1515 854 1571 915 aut
1582 850 1768 936 legitima&

296 944 381 1006 recta
401 940 652 1020 administratio;
674 945 730 1005 aut
752 943 970 1026 praesumitur
991 944 1077 1008 mala
1109 942 1359 1008 administratio:
1384 964 1456 1006 cum
1479 939 1535 1005 scil
1562 940 1599 1004 lit
1611 951 1768 1024 protoca-

295 1030 342 1094 tio
365 1030 406 1094 ab
433 1051 481 1107 eo,
506 1029 561 1113 qui
584 1034 754 1115 gravatum
777 1055 811 1096 se
835 1032 1049 1116 conqueritur.
1074 1030 1160 1108 eros
1178 1054 1270 1096 casas
1287 1031 1358 1095 vide
1373 1053 1413 1095 ex
1430 1029 1680 1095 orthodoxorum
1693 1051 1768 1094 sen-

295 1119 398 1182 tentia
420 1118 560 1183 breviter
579 1122 601 1186 dr
618 1123 750 1186 nervose
773 1120 947 1204 explicatos
966 1124 986 1185 a
1007 1119 1144 1187 Partero
1167 1121 1219 1186 lib.
1240 1126 1269 1184 3.
1286 1141 1311 1187 c.
1326 1119 1377 1184 20.
1403 1117 1510 1203 Atque
1523 1117 1603 1182 haec
1614 1118 1768 1202 adjuncta

317 1207 537 1290 raerequisita.
1850 1285 1852 1296 .

295 1231 316 1292 p
339 1299 367 1382 ξ.
392 1298 422 1361 3.
448 1295 606 1380 Adjuncta
629 1298 874 1366 concomitantia
887 1301 909 1365 b
922 1299 1156 1383 consequentia,
1178 1295 1634 1383 quaesehabentadmodum
1646 1295 1768 1380 partim

295 1385 505 1470 propriorum,
519 1386 636 1470 partim
649 1387 830 1466 effectuum,
842 1392 918 1454 sunt
926 1388 1127 1472 potissimum
1135 1387 1215 1453 haec
1223 1387 1295 1452 tria.
1312 1391 1339 1452 l.
1348 1386 1540 1452 Necessitas
1555 1386 1585 1448 2.
1598 1383 1769 1450 Autoritas

295 1497 350 1539 seu
365 1478 514 1558 potestas.
532 1477 562 1538 3.
575 1473 689 1540 Modus
702 1475 725 1541 lt
737 1480 1026 1561 temperamentum
1038 1476 1213 1562 regiminis.

340 1562 365 1627 Ι.
391 1561 572 1628 Necessitas
596 1569 732 1630 estnon
756 1565 912 1644 absoluta,
941 1566 997 1630 sed
1019 1564 1242 1650 hypothetica;
1266 1587 1329 1630 non
1354 1565 1394 1629 ad
1413 1587 1481 1628 esse
1502 1561 1768 1628 Ecclesiasticum

299 1650 496 1736 simplicitas
508 1652 564 1716 sed
575 1656 701 1718 tantum
713 1655 753 1720 ad
765 1654 846 1720 bene
860 1677 944 1728 esse3
957 1677 1071 1738 nempe
1084 1655 1169 1739 quod
1181 1655 1220 1720 ad
1233 1654 1392 1739 objectum
1403 1675 1495 1717 suum
1508 1673 1565 1736 per
1577 1673 1629 1716 se:
1655 1649 1720 1714 nisi
1733 1651 1769 1715 in

299 1763 374 1805 casu
385 1740 596 1806 contantionis
608 1741 646 1806 de
658 1742 775 1809 finibus
786 1742 1001 1808 Ecclesiarum
1014 1743 1095 1829 [pag
1110 1743 1189 1829 122]
1203 1743 1388 1821 vicinarum,
1402 1742 1503 1825 deque
1515 1739 1654 1805 transitu
1664 1763 1769 1804 mem·

299 1830 471 1895 brorum&
494 1829 730 1908 ministrorum
751 1831 806 1896 ubi
818 1832 920 1915 major
943 1832 1124 1898 necessitas.
1150 1831 1212 1897 Sed
1236 1832 1320 1916 quod
1344 1832 1383 1896 ad
1406 1831 1566 1914 objectum
1591 1851 1684 1892 suurn
1711 1851 1771 1912 per

299 1917 451 1993 accidens,
464 1941 527 1982 non
540 1919 642 1984 estita
650 1920 821 1984 necessitas
833 1921 873 1984 ad
885 1944 952 1985 esse
961 1920 1230 2000 Ecclesiastioum,
1240 1921 1344 1985 nisiin
1353 1919 1480 1985 casibus
1488 1919 1580 1982 modo
1588 1917 1770 1982 recensitis.

299 2005 488 2090 comparare
508 2007 547 2072 ad
571 2009 791 2074 necessitatem
809 2008 971 2074 Ecclesiae
990 2009 1157 2075 institutae
1175 2009 1375 2094 parochialis,
1387 2008 1558 2074 necessitas
1571 2007 1638 2091 ejus
1651 2005 1770 2070 minor.

343 2093 386 2160 Il.
411 2094 577 2162 Autoritas
604 2119 660 2162 seu
684 2102 824 2181 potestas
847 2098 1063 2163 consideratur
1086 2099 1134 2162 vel
1159 2098 1263 2184 magis
1286 2097 1440 2163 inordina
1451 2097 1491 2161 ad
1503 2095 1633 2180 negotia
1645 2118 1704 2160 seu
1718 2117 1771 2160 res

298 2184 449 2268 agendas,
476 2184 527 2249 rel
549 2185 653 2271 magis
676 2187 709 2250 in
733 2186 842 2252 ordine
858 2187 898 2251 ad
910 2185 1079 2265 Ecclesiae,
1091 2187 1141 2252 vel
1155 2187 1187 2251 in
1200 2187 1309 2252 ordine
1322 2187 1361 2252 ad
1373 2191 1536 2270 utrasque.
1551 2187 1588 2249 la
1601 2185 1717 2249 ordine
1729 2184 1772 2250 ad

298 2295 348 2338 res
356 2273 496 2358 agendas
508 2273 811 2342 circumscribitur&
823 2275 980 2340 limitatur
992 2279 1133 2360 potestas
1144 2276 1378 2341 conditionibus
1394 2275 1494 2339 debiti
1506 2295 1543 2338 ac
1555 2273 1771 2358 competentis

299 2361 414 2445 objecti
426 2362 605 2448 (dequibus
617 2364 711 2428 modo
724 2363 874 2448 diximus)
885 2389 893 2442 ;
907 2377 976 2431 tune
991 2364 1190 2430 concessione
1202 2368 1225 2432 a
1240 2365 1390 2430 mandato
1402 2363 1618 2429 Ecclesiarum
1630 2362 1772 2428 classem

299 2454 356 2515 aut
370 2451 525 2535 synodum
538 2451 626 2516 illam
640 2453 919 2531 constituentium
936 2475 1035 2537 eoque
1051 2453 1169 2538 partim
1181 2454 1294 2538 primo,
1308 2452 1460 2540 generali,
1474 2454 1497 2519 du
1509 2450 1676 2536 implicito,
1686 2473 1772 2536 por·

299 2540 355 2604 lim
378 2539 565 2623 particulari
589 2541 784 2625 &explicita
798 2543 838 2607 ad
852 2542 931 2607 haec
943 2548 999 2608 aut
1010 2541 1067 2607 illa
1078 2543 1253 2628 peculiaria
1265 2542 1405 2629 negotia,
1421 2542 1455 2606 in
1471 2540 1573 2606 literis
1585 2540 1773 2608 mandati&

298 2627 382 2708 fidei,
409 2628 526 2712 quibus
547 2628 687 2716 delegati
713 2630 861 2697 instructi
883 2632 923 2697 ad
946 2631 1146 2698 visitationes
1169 2637 1226 2698 aut
1237 2635 1409 2698 conventus
1421 2631 1488 2696 sive
1500 2629 1686 2710 ordinarios
1701 2630 1773 2696 sive

299 2717 565 2785 extraordinarios
589 2719 749 2784 accedunt.

343 2809 382 2873 la
408 2807 519 2872 ordine
541 2807 582 2872 ad
604 2807 774 2888 Ecclesias,
787 2812 927 2894 potestas
944 2809 1001 2873 illa
1013 2832 1051 2874 ex
1063 2811 1271 2876 fundamento
1280 2809 1362 2894 juris
1375 2809 1475 2875 divini
1486 2809 1527 2873 ab
1539 2807 1692 2873 Ecclesiis
1706 2807 1772 2873 cir-

298 2896 490 2980 cumscripta
514 2900 572 2974 est,
592 2899 629 2961 ut
640 2897 707 2962 scil.
720 2920 783 2962 non
795 2903 905 2963 eontra
916 2897 1126 2982 Scripturam,
1142 2899 1398 2964 fundamentales
1413 2898 1502 2984 leges
1514 2895 1772 2976 Ecclesiasticas,

298 2983 458 3049 Ecclesias
481 2985 504 3049 du
526 2984 716 3070 principales
740 3009 813 3052 suos
837 2987 1020 3073 delegantes
1044 2993 1081 3052 ed
1093 2992 1234 3068 utantur,
1255 2989 1310 3052 sed
1321 3010 1379 3072 pra
1391 2987 1441 3053 iis.
1454 2985 1545 3063 Quod
1558 2986 1585 3050 si
1596 3008 1687 3050 secus
1700 2987 1773 3066 fiat,

298 3072 460 3138 Ecclesiae
471 3074 680 3157 particulares
691 3076 817 3140 decreta
829 3098 938 3141 eorum
953 3099 1016 3140 non
1028 3077 1195 3161 recipiunt,
1212 3099 1270 3142 nec
1286 3076 1464 3142 executioni
1477 3075 1646 3153 mandant;
1666 3075 1726 3140 sed
1738 3075 1773 3140 in

300 3161 403 3226 medio
414 3161 609 3246 relinquunt,
622 3167 679 3228 aut
690 3164 884 3243 rescindunt;
897 3166 995 3230 immo
1004 3166 1031 3230 si
1044 3165 1201 3246 omnibus,
1215 3169 1271 3231 aut
1286 3167 1401 3232 saltem
1413 3165 1590 3249 potioribus
1603 3163 1774 3251 suffragiis

299 3250 358 3317 hoc
371 3249 514 3315 obtinere
526 3252 660 3335 possint,
681 3274 761 3317 novo
773 3258 929 3319 conventu
942 3277 980 3319 ex
993 3255 1139 3320 omnibus
1152 3255 1308 3340 synedriis
1320 3255 1492 3342 (siquidem
1502 3253 1577 3318 ‘fieri
1590 3256 1701 3337 queat)
1714 3258 1775 3319 aut

299 3339 414 3403 saltem
427 3362 466 3404 ex
478 3339 549 3404 aliis
561 3341 716 3426 delegatis
728 3342 873 3422 conflato,
886 3343 1001 3427 prioris
1014 3348 1186 3410 conventus
1195 3345 1320 3409 decreta
1328 3344 1508 3410 emendant.
1520 3341 1571 3407 Ita
1579 3346 1616 3406 ut
1625 3345 1774 3426 potestas

299 3427 571 3494 haectautoritas
579 3429 730 3494 classium
742 3436 798 3496 aut
811 3433 1003 3516 synodorum
1012 3456 1051 3498 ex
1063 3433 1218 3519 delegatis
1231 3433 1478 3499 constitutarum
1485 3433 1546 3497 sit:
1560 3432 1589 3495 l.
1599 3429 1673 3496 Non
1683 3433 1773 3516 quod

300 3516 339 3580 ad
363 3521 550 3601 perpetuam
572 3519 815 3602 possessionem,
832 3522 886 3585 sed
898 3523 981 3606 quod
994 3522 1033 3586 ad
1046 3523 1232 3588 exercitium
1244 3526 1382 3587 tantum.
1398 3523 1418 3585 2
1432 3521 1476 3587 Et
1487 3521 1617 3608 quidem
1629 3541 1693 3584 aon
1711 3521 1773 3586 ab·

299 3605 406 3670 soluta
417 3605 472 3669 sed
483 3606 631 3671 limitata.
647 3609 676 3671 3.
691 3607 765 3673 Non
778 3610 975 3694 magistralis
987 3611 1041 3674 sed
1050 3610 1278 3676 ministerialis.
1292 3611 1323 3676 4.
1332 3611 1407 3676 Non
1416 3633 1551 3690 summa,
1561 3609 1615 3676 sed
1623 3608 1772 3688 interium

299 3693 327 3757 si
340 3693 546 3778 respiciamus
559 3717 668 3762 omnes
681 3697 840 3763 Ecclesiae
853 3698 1046 3784 delegantes,
1060 3722 1209 3765 earumve
1227 3703 1450 3779 antecessores,
1466 3701 1494 3764 si
1506 3699 1603 3765 simul
1618 3701 1773 3766 conveni·

298 3787 379 3862 rent,
404 3785 427 3849 da
454 3783 716 3869 suffragarentur.
742 3787 772 3851 5.
796 3786 871 3851 Non
895 3787 1071 3872 originalis,
1085 3790 1140 3854 sed
1151 3789 1330 3856 derivata&
1346 3789 1505 3874 delegata.
1529 3787 1636 3854 6Non
1648 3792 1718 3852 tam
1732 3813 1773 3855 ex

299 3871 522 3956 praerogativa
545 3873 783 3956 jurisdictionis,
808 3898 904 3959 quam
916 3877 1148 3942 aestimationis
1164 3878 1407 3944 irreverentiae.
1420 3878 1509 3954 Quod
1523 3877 1563 3942 ad
1576 3881 1717 3962 potestat
1761 3901 1773 3942 r

299 3959 442 4023 omnium
468 3960 684 4027 Ecclesiarum
709 3963 920 4029 classicalium
949 3968 1005 4030 aut
1020 3966 1220 4052 synodalium
1234 3967 1721 4052 delegantium,eanullaaliar
1763 4015 1772 4044 ,

300 4069 396 4130 quam
409 4049 496 4132 juria
508 4052 681 4136 aequalorii
693 4053 770 4138 (non
782 4058 856 4118 verb
868 4054 1006 4134 rectorii,
1019 4055 1113 4138 quale
1125 4059 1174 4120 est
1190 4055 1274 4120 inter
1286 4059 1433 4140 parentes
1446 4059 1469 4123 dr
1482 4055 1610 4134 liberos,
1623 4055 1717 4120 domii
1761 4081 1773 4121 s

301 4137 813 4224 &servosprincipestusubditos)
822 4143 862 4207 ad
871 4144 1191 4209 communicationem
1199 4144 1304 4210 mutui
1312 4144 1512 4225 auxilii,sine
1521 4144 1715 4210 laesionelib
1761 4181 1772 4196 ·

299 4223 376 4288 tatis
399 4226 662 4309 inaequalitatis:
684 4229 778 4312 quale
795 4231 848 4313 jus
867 4234 916 4295 est
939 4231 1023 4298 inter
1045 4233 1171 4313 fratres,
1191 4235 1320 4314 amicos,
1345 4234 1495 4320 collegas,
1519 4233 1721 4302 confoederat
1763 4285 1771 4316 ,

299 4311 450 4378 concives.
475 4312 559 4379 Hinc
581 4316 671 4380 nulla
693 4321 799 4400 potest
822 4320 922 4383 statui
945 4320 1173 4397 abhominatio,
1197 4322 1363 4407 subjectio,
1387 4323 1579 4404 obedientia,
1596 4323 1725 4409 imperii
1761 4345 1772 4388 ι

299 4401 426 4485 proprie
449 4401 569 4467 dictum
593 4403 677 4469 intet
699 4405 858 4471 Ecclesias
871 4409 905 4472 in
919 4431 1017 4474 unam
1029 4411 1162 4475 classem
1174 4416 1230 4476 aut
1242 4413 1397 4496 synodum
1409 4413 1615 4493 consociatas,
1627 4413 1684 4479 sed
1695 4415 1725 4476 ta
1761 4449 1773 4464 -

1700 4507 1725 4567 t¹
1761 4526 1773 4566 1
