3722 4850
316 296 427 361 Tener.
442 295 484 361 ll.
507 297 556 362 Da
570 297 703 374 Pascis,
721 297 894 377 Brassica,
911 298 1063 362 Dereion.
1078 298 1168 390 Ecca.
1194 299 1265 364 Gar.
1278 297 1336 364 Ill.
1518 301 1559 364 87

95 489 151 552 tur.
167 485 308 549 Provoco
320 486 359 548 ad
373 485 612 568 experientiam,
627 487 650 551 dr
663 487 825 570 propriam
838 485 1039 570 singulorum
1053 483 1292 549 confessionem.
1307 483 1413 548 aliisi
1426 485 1480 568 qui
1495 485 1559 550 sint

95 577 308 648 μωσικὼτεροι,
327 575 439 638 saltem
461 597 523 637 non
536 574 600 638 sint
612 573 797 648 ἀναίσθητοι,
814 581 881 640 tam
897 576 1019 639 rcnrotis
1034 597 1090 657 per
1103 576 1152 638 tot
1164 569 1310 638 difficiles
1325 574 1477 658 ambages
1489 595 1557 638 me·

1 695 2 732 1
95 663 296 739 ditationum,
309 663 500 727 relationum
514 667 536 729 da
549 663 755 728 collationum
766 668 833 728 tam
847 667 988 748 operosis,
1003 666 1069 725 tam
1085 662 1217 726 obscure
1230 667 1297 726 tam
1310 663 1362 726 vix
1375 665 1398 728 dr
1410 667 1477 726 tam
1486 686 1557 727 raro

1 779 2 830 f
97 775 130 815 eo
152 752 262 815 affecti
286 751 326 815 ad
349 751 528 835 spiritualia
554 753 718 817 elevantur
742 756 764 819 dr
789 752 959 817 asersuali
976 751 1185 816 delectatione
1199 756 1382 830 avocantur,
1396 755 1432 816 ut
1444 751 1558 816 merito

1 835 2 876 l
95 839 247 924 applicari
271 840 351 904 illud
364 845 468 925 queat:
483 847 537 917 aia
547 840 609 916 γὰρ
618 840 743 914 pradia
756 840 806 916 έὰρ
816 840 846 900 oi
857 853 935 902 nocer.
952 841 996 906 st
1011 839 1064 903 hic
1076 862 1210 923 provoco
1223 841 1262 904 ad
1275 840 1414 923 plurium
1428 841 1555 905 confes-

95 930 225 993 sionem.
249 929 406 1004 Sccnndo;
425 929 510 994 Dato
530 931 709 1013 aliquorum
722 930 950 1015 experientiam
963 931 1023 994 lroc
1034 929 1164 993 testari:
1178 952 1241 994 non
1254 933 1363 994 tamen
1375 931 1556 1014 negandum

1 1083 2 1092 ,
94 1024 139 1082 est
154 1017 292 1082 aliorum
315 1018 543 1101 experientiam
565 1020 629 1084 tale
650 1020 731 1084 nihil
753 1017 878 1096 testari;
896 1021 994 1086 immo
1018 1020 1040 1084 ta
1060 1017 1174 1082 horum
1192 1041 1317 1101 semper
1330 1019 1406 1097 fere,
1424 1019 1556 1084 &etiam

1 1132 2 1189 ξ
94 1106 310 1190 spiritualium
326 1107 510 1190 frequenter
524 1109 645 1186 testari,
664 1109 856 1173 tentationes
873 1107 1113 1175 &abductiones
1127 1107 1167 1170 ad
1178 1107 1423 1186 indevotionem,
1440 1109 1555 1174 distra-

92 1196 240 1272 ctionem,
255 1196 386 1260 nimiam
403 1197 644 1260 delectationem
661 1197 849 1276 sensualem,
863 1200 1039 1263 mundanas
1056 1218 1091 1259 ao
1104 1196 1246 1260 carnales
1264 1195 1427 1260 vanitates.
1453 1195 1555 1282 Supe-

94 1287 212 1350 riorum
232 1291 422 1368 temporum,
440 1285 462 1350 dt
476 1284 667 1349 Nostrorum
680 1285 908 1370 experientiam
920 1289 953 1352 in
970 1287 1095 1368 Papatu
1108 1285 1260 1364 indicant,
1276 1286 1424 1369 querelae
1438 1287 1461 1352 dv
1473 1310 1553 1352 cau-

91 1375 171 1439 telae
197 1374 332 1438 !olnvnn.
360 1375 412 1438 22.
439 1373 552 1440 Corruit.
585 1374 768 1454 Tridentini,
796 1377 940 1454 lllruurri,
970 1375 1116 1458 Cujcluni,
1143 1375 1305 1450 zani-ess,
1330 1377 1379 1440 &a
1398 1379 1552 1460 supracit.

91 1463 248 1546 imprimis
269 1463 433 1528 Decretum
455 1465 567 1528 (bruil.
590 1465 863 1550 dqnispruacnsis,
891 1467 975 1549 quod
996 1465 1074 1529 citat
1096 1465 1258 1538 illolunnm
1278 1463 1376 1530 &alia
1391 1467 1552 1532 Concilior.

1 1573 2 1577 ’
93 1552 237 1618 Gallicor.
256 1553 340 1634 apud
362 1553 720 1619 BoclrcllnnvLib.1.lil.
738 1554 766 1617 7.
784 1575 849 1636 cup.
865 1556 916 1617 2l.
930 1567 1042 1640 earcopt.
1061 1553 1089 1614 2.
1117 1549 1254 1616 Videtur
1265 1553 1371 1618 odium
1385 1553 1553 1634 abusuum,

89 1647 143 1706 ant
154 1639 336 1708 surerenas
346 1639 520 1724 Theologis
533 1645 555 1708 tr
569 1642 719 1706 membris
731 1641 946 1707 Ecclesiarum
960 1643 1149 1708 Nostrarum
1165 1641 1249 1704 viam
1262 1643 1410 1707 stravisse
1423 1643 1463 1708 ad
1472 1645 1553 1728 reje-

1 1782 2 1787 ,
89 1733 227 1795 ctionem
240 1731 263 1794 tr
276 1730 439 1794 fastidium
452 1735 562 1794 cantus
575 1731 717 1816 organici
730 1731 762 1794 iu
776 1733 883 1796 sacris.
898 1735 987 1817 desp.
1005 1733 1033 1796 l.
1047 1731 1084 1794 de
1097 1730 1255 1794 abusuum
1264 1731 1334 1794 odio
1339 1732 1407 1815 jam
1415 1733 1553 1798 diximus

88 1820 170 1904 «quod
190 1842 255 1883 non
277 1819 374 1882 fuerit
387 1823 441 1882 aut
454 1819 521 1883 sola
533 1823 588 1884 aut
599 1821 770 1904 praecipua
786 1844 889 1885 causa.
916 1821 1153 1903 Praeterquam,
1167 1819 1251 1902 quod
1268 1820 1366 1906 [589]
1380 1821 1552 1887 absurdum

89 1931 149 1972 non
165 1907 220 1985 sit,
241 1908 281 1972 iis
304 1908 401 1972 etiam
414 1909 533 1972 moveri
546 1909 707 1992 sapientes
721 1909 759 1973 ad
774 1910 980 1975 abolitionem
992 1912 1048 1990 rei,
1067 1931 1148 1994 cquae
1164 1908 1265 1992 possit
1284 1910 1394 1974 abesse
1415 1911 1482 1976 sine
1494 1935 1551 1976 sa-

88 2021 214 2062 crorum
233 1997 414 2076 violatione,
432 2001 488 2060 aut
501 1998 624 2062 defectu
634 2021 641 2061 :
653 2021 691 2062 ox
703 1999 862 2062 sententia
874 2000 1070 2083 antiquae&
1088 1997 1294 2062 intermediae
1307 1997 1468 2064 Ecclesiae
1479 2025 1486 2078 ;
1501 2003 1552 2066 cui

88 2109 189 2166 neme,
213 2087 261 2150 uti
281 2085 429 2166 ariritror,
447 2087 644 2150 reclamabit.
669 2089 700 2152 2.
716 2086 789 2152 Non
805 2087 935 2152 fuervmt
952 2093 1000 2153 tot
1020 2087 1122 2152 millia
1142 2084 1390 2172 Theologorum,
1407 2091 1430 2156 dr
1448 2088 1551 2154 Mem-

88 2175 217 2240 brorum
229 2173 463 2258 Ecclesiaejam
476 2176 548 2240 inde
562 2179 580 2240 a
588 2175 692 2259 primia
704 2176 928 2242 reformatione
941 2201 1041 2261 usque
1054 2178 1086 2240 in
1098 2176 1183 2239 huno
1195 2176 1277 2240 diem
1287 2180 1353 2242 tam
1362 2171 1547 2253 durissimi,

1 2339 2 2342 Ἴ
87 2265 168 2345 quod
186 2265 227 2328 ad
240 2263 406 2342 Musicani,
420 2269 476 2328 aut
488 2269 616 2328 cantum
632 2265 919 2330 instrumentalem.
953 2265 1076 2351 Wolpb.
1092 2267 1282 2345 diusculum,
1299 2268 1387 2350 cujus
1396 2269 1550 2352 judicium

1 2374 2 2378 ’
84 2377 182 2436 supra
197 2353 304 2428 retuli,
318 2351 523 2438 Organistam
536 2357 559 2420 dr
570 2375 810 2438 organopoeum
823 2355 856 2418 in
867 2355 1060 2420 monachatu
1075 2354 1172 2418 luisse
1185 2355 1324 2420 refertur
1337 2357 1371 2421 in
1388 2357 1456 2424 Vno
1465 2361 1548 2443 ejas:

85 2443 110 2505 si
132 2443 214 2506 bene
235 2441 384 2518 memini3
402 2465 485 2507 nuuc
504 2443 588 2506 enim
601 2443 682 2506 liber
699 2444 737 2506 ad
754 2466 885 2508 mamvm
898 2466 962 2508 non
975 2448 1033 2512 est.
1059 2443 1121 2508 Sed
1132 2467 1193 2508 non
1208 2450 1265 2522 est,
1281 2445 1365 2530 quod
1377 2447 1480 2511 facem
1493 2471 1550 2514 ac-

84 2532 218 2595 cendam
238 2531 271 2594 in
293 2530 434 2595 meridie.
459 2530 589 2595 Nemini
613 2532 697 2595 enim
718 2531 849 2596 dubium
868 2556 935 2597 osse
956 2533 1103 2612 arbitror,
1120 2534 1196 2615 quin
1213 2535 1296 2598 inter
1313 2535 1431 2618 primos
1444 2537 1549 2602 refor-

1 2637 2 2683 ἡ
83 2624 210 2684 mantes
224 2618 539 2702 Tlreologos-fuerint
550 2621 689 2685 musicae
702 2621 954 2686 instrumentalis
970 2623 1074 2706 periti,
1092 2625 1148 2686 aut
1164 2620 1297 2682 εὔτακτοι
1311 2622 1490 2690 Amatores.

128 2707 241 2773 Tertio
255 2709 438 2792 quaeritur:
451 2712 502 2774 [ln
517 2711 588 2773 alite
600 2711 650 2788 sil,
664 2731 859 2794 arpennorum
871 2723 999 2776 erumna
1013 2714 1047 2776 in
1060 2732 1150 2776 sacra
1160 2711 1288 2795 probi-ica
1302 2713 1506 2796 irnrodaccrc,
1518 2729 1549 2781 ul

1 2803 2 2862 ζ
83 2820 192 2862 sarrae
204 2799 312 2863 literae
325 2810 410 2862 tunm
423 2800 485 2863 sint
497 2800 726 2882 corispcdiores,
744 2799 775 2864 a
789 2800 878 2864 cortu
891 2821 981 2866 suero
997 2803 1051 2866 illd
1066 2801 1266 2865 ruodulornm
1279 2803 1431 2867 sirauilole
1443 2806 1548 2870 ceradi-

1 2919 2 2934 .
83 2898 141 2964 luc,
165 2899 253 2952 torreo
274 2887 386 2952 'eraclius
404 2888 437 2951 iu
457 2889 582 2953 arrianos
594 2888 759 2953 bovuirunn
774 2890 923 2973 irrepunt.
950 2892 1126 2974 Respdbp.
1143 2887 1292 2972 Ipsasibi
1309 2892 1547 2974 summellam,

81 2999 145 3040 non
167 2976 280 3060 indiga
300 2975 413 3040 mercis
431 2976 578 3040 alterius:
602 2978 688 3041 Psoi.
712 2977 763 3040 19.
776 2977 799 3042 dr
814 2979 886 3042 119.
911 2976 974 3043 Sed
989 2979 1067 3043 haec
1080 2998 1175 3061 supra
1188 2978 1265 3041 satis
1278 3000 1409 3044 excussa
1425 2981 1458 3044 in
1472 2981 1547 3067 drp.

1 3099 2 3144 1
81 3065 112 3128 o.
129 3065 159 3129 7.
174 3067 206 3130 8.
222 3065 473 3152 Pontificiornm.
500 3063 592 3130 Nihil
606 3066 714 3150 itaque
726 3066 881 3131 addimus.
1129 3125 1133 3132 .

1 3153 2 3156 ’
126 3153 251 3230 Quarto
269 3153 452 3238 quaeritur:
469 3155 519 3218 Aa
531 3155 650 3238 porrina
663 3157 705 3220 ud
717 3157 935 3222 arnocnilntcnc
952 3155 1359 3241 itlicitovaj'vnvvndilotcnv,
1373 3161 1494 3242 partina
1506 3162 1549 3226 ad
1627 3201 1630 3208 ·

1 3277 2 3315 3
82 3245 297 3308 rrecessorioru
317 3243 515 3308 disertionem
529 3245 724 3326 psalmodiae
740 3246 965 3326 ecclesiasticae,
980 3246 1010 3313 d·
1026 3247 1129 3311 aviariis
1142 3245 1303 3311 irrrlceorae
1315 3244 1441 3325 ἀταξίας
1451 3270 1546 3333 pruc-

78 3333 270 3410 cantionem,
292 3333 494 3416 Oepanorrnu
512 3345 623 3397 coruus
635 3334 755 3399 utiliter
768 3335 802 3397 in
813 3336 933 3400 cnlunn
944 3335 1106 3420 politicam
1120 3336 1347 3400 introducatur.
1368 3338 1457 3420 Ilcrp.
1474 3339 1547 3424 Nep.

1 3417 2 3492 ξ
80 3423 108 3484 1.
132 3421 292 3487 Recrcudo
312 3443 367 3484 seu
386 3421 484 3485 animi
505 3421 660 3486 relaxatio
681 3445 737 3506 per
750 3421 906 3488 Musicani
919 3424 952 3488 in
965 3424 1098 3489 solicita
1111 3428 1170 3501 est,
1183 3423 1254 3489 ut&
1267 3424 1392 3504 ineibo,
1406 3425 1439 3489 in
1457 3431 1544 3509 potu,

1 3518 2 3596 f
77 3509 109 3574 iu
132 3509 405 3590 deambulatione,
426 3509 459 3573 in
480 3509 621 3594 picturis,
638 3511 671 3575 in
686 3511 798 3587 hortis,
816 3512 848 3574 in
862 3513 1103 3599 quibuscunque
1118 3513 1189 3577 aliis
1203 3512 1343 3577 honestis
1359 3513 1481 3580 lusibus
1497 3539 1548 3580 re·

74 3599 297 3663 creationibus
310 3604 377 3663 tun]
393 3599 490 3662 vminri
503 3603 572 3663 tum
585 3601 733 3684 corporis
755 3599 816 3665 Sed
829 3606 865 3665 ut
878 3601 1055 3666 formaliter
1067 3624 1129 3666 non
1142 3606 1190 3666 est
1203 3601 1326 3686 religi0,
1339 3624 1397 3666 nec
1409 3626 1483 3687 pars
1496 3603 1547 3668 iu·

1 3719 2 3762 l
75 3688 215 3772 tegmlis
228 3692 319 3752 actus
332 3687 489 3772 religiosi3
503 3688 588 3766 sicin
603 3691 625 3754 d
638 3711 675 3752 ex
689 3689 786 3752 sacris
802 3713 864 3753 non
878 3694 926 3754 cst
939 3692 1128 3774 quaerenda,
1142 3713 1198 3754 nec
1211 3690 1244 3754 iu
1259 3691 1478 3758 eainfcrenda.
1488 3694 1547 3760 Sed

1 3812 2 3826 .
74 3778 172 3842 instet
190 3778 281 3863 qrris:
299 3775 359 3840 Est
371 3782 427 3841 aut
440 3777 476 3840 fit
488 3777 674 3860 spiritualis.
699 3779 788 3862 llcsp.
803 3777 855 3843 Sic
867 3779 974 3844 omnia
988 3780 1163 3863 corporalia
1176 3783 1318 3859 externa,
1331 3780 1353 3844 dr
1366 3783 1547 3848 communia

1 3863 2 3873 ¹
73 3867 175 3949 liujus
189 3866 285 3944 vitae,
299 3863 494 3930 aldidelibus
507 3865 720 3930 sublimantur
733 3868 772 3931 ad
784 3871 904 3932 statum
917 3869 940 3933 lv
953 3868 1089 3933 formam
1102 3869 1260 3952 quandam
1274 3869 1332 3954 (ita
1341 3870 1428 3953 loqui
1438 3870 1544 3955 liceat)

1 3960 2 4040 ζ
72 3955 293 4044 spiritualem,
315 3977 387 4018 cum
404 3977 441 4018 ea
454 3955 535 4018 fiunt
547 3955 579 4018 in
592 3955 729 4035 domino,
743 3957 765 4020 s
778 3957 817 4020 ad
830 3957 966 4041 gloriam
978 3958 1049 4022 Dei.
1069 3961 1125 4023 Til.
1143 3960 1171 4022 l.
1188 3958 1268 4023 15.1
1290 3959 1421 4024 Tianollr.
1438 3960 1467 4023 4.
1482 3961 1511 4025 5.
1529 3963 1544 4025 l

74 4047 152 4111 cor.
167 4043 218 4108 10.
233 4045 286 4107 31.
299 4046 322 4109 a
336 4043 365 4108 7.
375 4043 427 4106 22.
442 4044 494 4108 32.
504 4081 547 4092 -
557 4045 587 4106 2.
604 4043 680 4108 Alis
692 4045 715 4109 ir
728 4046 931 4110 commodiori
944 4069 980 4110 ac
997 4047 1108 4110 tutiori
1122 4045 1243 4110 ratione
1260 4050 1366 4130 potest
1381 4047 1498 4127 arrasa
1512 4051 1546 4114 in

1 4159 2 4168 ³
71 4132 259 4220 psalmodia
279 4131 408 4215 publicis
427 4131 549 4196 haberi.
575 4132 697 4211 Princo,
720 4135 746 4198 si
763 4158 872 4199 ornnes
893 4140 949 4199 aut
961 4135 1076 4200 saltem
1088 4135 1231 4219 plerique
1244 4135 1284 4199 ab
1300 4135 1545 4206 ineuntcaetate

69 4226 103 4288 in
127 4221 271 4299 Scholia,
296 4221 329 4284 in
349 4219 492 4284 Familiis
516 4220 706 4287 Christianis
725 4223 757 4286 iu
779 4225 955 4307 psalmodia
975 4229 1198 4300 exerceantur;
1220 4224 1350 4308 iusuper
1370 4226 1403 4289 in
1421 4225 1546 4293 Scholis

69 4309 214 4378 Gallicis
230 4312 253 4374 dv
269 4308 402 4388 Latmia,
420 4309 584 4374 elementis
597 4308 738 4376 Musicae
751 4312 945 4378 imbuantur.
971 4313 1125 4378 Videmus
1139 4314 1228 4398 prius
1240 4314 1272 4377 iu
1285 4313 1437 4380 Ecclesiis
1451 4315 1543 4380 Wal-

67 4400 192 4470 lonicis
205 4399 291 4486 apud
303 4397 382 4480 Nos,
395 4405 417 4462 tr
429 4399 586 4487 posterius
599 4393 631 4464 in
644 4399 794 4468 Ecclesiis
808 4425 843 4468 ac
852 4399 1180 4472 Sclvolislivermanicis
1190 4403 1351 4470 cutaxiam
1360 4428 1422 4470 non
1431 4427 1544 4488 parum

1421 4515 1547 4578 promo·
