3752 4858
303 223 367 288 206
694 219 1396 287 Ρ6666666Ε6666666666666ΡΛ661.16611.

301 407 341 472 ad
360 429 479 471 annum
498 406 610 484 1570.;
631 429 693 490 quo
714 429 777 472 una
796 429 868 471 cum
884 407 1041 492 regimine
1061 405 1279 490 Hispanorum
1292 405 1435 489 Papatus
1449 405 1601 470 exercitia
1613 401 1757 470 Dordrsci

305 499 480 560 cessarunt.

800 630 955 696 'Paion
981 631 1023 696 ΙΙ.
1070 630 1191 696 Scor.
1214 631 1272 696 IV.

676 787 724 853 Dc
750 788 866 852 Cocaoc
888 785 1387 852 [16661616661161616161666666.

965 938 989 1004 G
1001 961 1020 1003 A
1032 961 1059 1002 6.
1084 937 1110 1002 Ι.

654 1073 658 1079 ⁴
706 1097 753 1162 Dc
764 1093 929 1180 Spuclolla
943 1113 997 1158 scu
1009 1093 1177 1158 Elcrncalls
1190 1093 1247 1175 (ilo
1256 1091 1369 1174 dictis).

350 1285 380 1368 §.
394 1282 422 1346 1.
447 1280 484 1347 In
497 1279 620 1348 (leenae
633 1279 919 1347 Administratione
930 1279 1157 1345 consideranda
1168 1283 1253 1344 sunt.
1272 1277 1302 1340 1.
1318 1275 1461 1342 Externa
1473 1277 1640 1342 clementa.
1657 1278 1684 1340 2.
1700 1275 1758 1340 Eo·

307 1371 440 1436 rundem
453 1369 658 1436 consecratio.
682 1371 713 1434 3.
733 1369 892 1434 Personae
905 1367 1131 1434 distribuentes
1144 1371 1166 1434 6
1178 1365 1467 1433 Communicsntes.
1492 1365 1524 1429 4.
1543 1364 1755 1444 Instrumenta,

307 1483 363 1525 seu
375 1457 537 1525 utensilia.
563 1459 593 1522 5.
617 1457 813 1542 Adjunccas
828 1457 1094 1522 circumstantiae.
1120 1459 1149 1522 6.
1174 1455 1279 1522 Ritus.

395 1549 444 1614 De
455 1546 611 1634 symbolis
626 1567 681 1612 sac
693 1548 847 1614 clericulis
863 1547 1037 1631 quccrilur,

355 1643 383 1702 1.
410 1638 533 1718 Quocsl.
558 1635 610 1701 Aa
624 1646 794 1722 ulceraquc
809 1634 993 1722 Sprnboluoc
1005 1656 1059 1701 scu
1070 1637 1253 1702 claviculam
1264 1633 1301 1698 ia
1311 1655 1376 1702 asa
1394 1633 1512 1700 666666
1527 1631 1757 1700 0666661666-

308 1726 389 1791 litus
408 1724 671 1790 distribuendas-c.
696 1726 786 1808 Hesp.
808 1725 870 1810 ΑΙῙ.
895 1722 1014 1788 Thesin
1031 1723 1114 1788 hanc
1125 1722 1243 1808 passim
1255 1725 1423 1806 probatam
1436 1722 1590 1787 dederunt
1601 1720 1758 1804 Scriptores
1846 1803 1847 1806 Ἴ

310 1816 463 1895 Locorum
478 1813 723 1889 Communium
735 1815 758 1878 6
770 1817 879 1877 contra
887 1810 1072 1876 Pontificius
1080 1812 1264 1896 plenissime
1272 1811 1473 1878 vindicarunt
1480 1811 1565 1874 inter
1573 1809 1652 1873 alios
1662 1809 1759 1874 Glem-
1846 1851 1847 1892 p

309 1904 409 1969 allius
421 1903 457 1967 ia
468 1903 580 1969 Eram.
598 1901 711 1966 dcccl.
730 1902 815 1966 Trici.
828 1901 906 1964 Post
922 1922 1016 1983 quem
1028 1901 1112 1966 idem
1124 1904 1259 1986 egerunt
1271 1902 1440 1968 Morcsoeus
1452 1898 1606 1964 Plessiaci
1618 1895 1762 1962 Dominus
1808 1965 1812 1972 ,
1845 1907 1847 1932 t

226 2039 230 2041 -
313 1992 351 2057 dc
367 1991 577 2070 Eucharislid,
599 1991 775 2056 Moliaccus
789 1991 826 2054 ia
842 1987 982 2057 Nooilclc
998 1989 1152 2074 Papulas,
1173 1989 1357 2056 Charisianus
1372 1990 1409 2054 ia
1421 1987 1617 2055 Paaslrolict.
1641 1985 1720 2062 Quid
1730 1985 1763 2048 dc
1845 2043 1847 2072 3

314 2079 533 2144 communione
549 2078 608 2143 sub
628 2081 763 2161 utraque
780 2077 884 2162 specie
901 2077 936 2140 in
954 2076 1093 2143 Concilio
1110 2076 1296 2143 Tridentino
1316 2078 1476 2164 agitatum
1491 2074 1591 2140 fuerit
1603 2075 1764 2140 docebitte
1845 2117 1847 2154 2

314 2169 454 2252 ejusdem
465 2168 607 2234 Historia
618 2166 684 2232 lit.
699 2167 729 2229 6.
753 2165 822 2242 Quo
834 2164 997 2230 hectorem
1013 2167 1231 2232 amandemus.
1846 2233 1847 2238 ,

358 2257 389 2320 2.
415 2257 538 2338 Quocsl.
562 2255 615 2320 Aa
630 2255 817 2322 Coruncanio
832 2253 1764 2322 6666666666666666666666666666611661616611166
1845 2279 1847 2318 l

314 2343 345 2410 u·
355 2341 648 2428 crmadolofflatth.
663 2345 715 2408 26.
728 2367 809 2409 vers.
822 2343 875 2408 26.
887 2365 958 2410 cuca
974 2345 990 2407 1
1005 2342 1148 2408 Corinth.
1163 2343 1215 2410 11.
1226 2366 1257 2410 v.
1270 2345 1324 2409 24.
1337 2345 1389 2408 26.
1404 2343 1471 2426 28.)
1482 2342 1579 2426 possit
1590 2341 1765 2407 leoteriam
1846 2355 1847 2360 ’

313 2431 478 2519 symbolis.
500 2433 590 2516 Hesp.
604 2433 676 2518 Nep.
701 2431 736 2497 Si
760 2433 844 2497 enim
867 2454 931 2496 non
942 2436 1017 2496 sunt
1028 2429 1190 2516 Symbola,
1204 2455 1266 2497 non
1279 2436 1328 2498 cst
1344 2435 1588 2509 sacramentnm,
1599 2429 1661 2494 hoc
1672 2428 1764 2494 estsi-

313 2542 413 2606 gnum
421 2520 547 2586 visibile
559 2520 729 2586 invisibilis
741 2521 864 2606 gratiae
871 2520 1000 2586 Christi.
1009 2519 1099 2596 Quod
1107 2521 1134 2586 si
1142 2521 1213 2603 quis
1221 2525 1312 2588 extra
1322 2543 1415 2586 usum
1424 2519 1615 2586 sacramenti
1625 2517 1765 2601 6666666

314 2631 350 2674 eo
369 2609 540 2674 manducat
556 2608 720 2675 Christum
739 2609 933 2687 crucifixum,
955 2609 1079 2692 quoties
1094 2610 1200 2674 elicito
1214 2609 1287 2676 fidci
1303 2613 1376 2674 actu
1392 2631 1466 2676 eum
1478 2607 1540 2673 sibi
1552 2607 1702 2692 applicat,
1715 2605 1765 2682 ille
1846 2689 1847 2692 Ἴ

314 2697 433 2763 fruitur
451 2697 642 2763 sacramenti
657 2699 829 2783 resignata,
846 2719 907 2761 non
925 2719 999 2762 vero
1015 2697 1117 2782 signo.
1141 2695 1190 2763 De
1205 2698 1266 2764 hac
1277 2698 1345 2763 solli
1355 2696 1599 2763 manducatione
1614 2693 1763 2779 spirituali
1823 2715 1826 2726 ·

313 2786 422 2871 agitur
434 2785 464 2850 6.
476 2807 545 2872 cop.
557 2783 715 2852 lobannis
728 2787 776 2850 uti
788 2808 827 2850 ex
840 2807 868 2856 υ.
882 2787 935 2850 35.
948 2786 1039 2872 [pag.
1054 2786 1134 2871 732]
1150 2786 1321 2864 evincitur3
1338 2809 1402 2854 non
1422 2791 1530 2852 autem
1548 2785 1587 2850 de
1602 2784 1763 2866 manduca·

314 2875 399 2940 tione
415 2875 523 2959 aliqua
539 2867 695 2959 corporali
707 2875 774 2940 sive
787 2873 871 2958 signi
884 2874 949 2939 sive
961 2875 1008 2939 rei
1020 2874 1175 2959 signatae.

358 2964 388 3027 3.
415 2965 538 3046 Quccsl.
563 2965 613 3029 Aa
632 2984 736 3030 anum
754 2963 960 3040 Blascorum,
980 2964 1064 3049 qaod
1077 2963 1338 3030 rimadmoarluac
1350 2965 1456 3044 ducac,
1469 2963 1573 3030 detcol
1584 2959 1762 3046 estepanis?

314 3053 404 3136 serp.
417 3053 484 3140 dff.
506 3053 535 3117 1.
552 3064 660 3117 contro
672 3051 1045 3116 transubstantiationem
1058 3054 1081 3118 6
1092 3053 1462 3120 consubstantiationem.
1485 3051 1581 3118 Illam
1594 3051 1763 3116 examinant
1845 3061 1847 3140 j

315 3143 439 3226 Morlpr
449 3141 600 3224 odorra-us
615 3141 840 3219 Gordincrma,
855 3141 1003 3206 Moracus
1013 3141 1198 3220 Phasiacas,
1212 3143 1386 3220 Morlonus,
1398 3142 1561 3222 Mutinam,
1574 3139 1762 3214 natalicus,
1846 3215 1847 3226 .

236 3301 239 3308 .
315 3229 509 3309 Blondcllua
520 3229 731 3314 peculiaribus
750 3227 950 3295 Prasiai-ilus.
964 3228 1064 3294 Istam
1078 3231 1209 3309 Porcus,
1223 3232 1374 3309 Polus-as,
1386 3227 1763 3312 ll'cndeliaus,.dllinpiaa
1846 3261 1847 3300 3

315 3318 345 3382 2.
359 3329 467 3383 contra
479 3318 637 3400 antiquos,
650 3317 750 3382 dictos
763 3315 974 3401 Artotyritas3
988 3317 1044 3401 qui
1055 3340 1171 3402 panem
1186 3340 1258 3383 cum
1271 3341 1361 3383 caseo
1373 3318 1605 3404 conjungebat:
1618 3321 1698 3384 teste
1708 3317 1764 3382 do·

312 3407 438 3491 pustino
458 3407 495 3472 clc
510 3406 708 3472 Hocresibus.
730 3407 759 3470 3.
776 3418 885 3470 costra
897 3403 1118 3491 cataphrygas
1130 3408 1154 3473 6
1165 3405 1379 3490 Pcpuzianos3
1393 3408 1449 3492 qui
1461 3406 1601 3472 farinam
1616 3428 1687 3471 cum
1701 3426 1763 3469 son-

315 3493 611 3666 guinhittlnil
634 3493 1295 3668 16611666161666
1307 3495 1763 3667 cucusum
1846 3539 1847 3550 '

314 3670 386 3749 alis,
398 3673 421 3738 6
432 3673 472 3736 ad
480 3605 748 3755 alituranisptus.
757 3671 817 3735 Est
826 3671 942 3736 enim&
954 3671 1048 3736 debet
1060 3694 1204 3736 essenon
1216 3675 1342 3737 tantum
1354 3605 1498 3757 thymia
1511 3672 1602 3738 sod&-
1618 3671 1684 3736 sine
1695 3671 1763 3734 sale:
1846 3707 1847 3732 i

313 3759 363 3822 uti
375 3760 445 3825 vult
456 3762 626 3828 Duroalus
638 3759 704 3826 lid.
718 3760 917 3826 66666661.
931 3781 999 3844 cop.
1013 3762 1066 3824 41.
1079 3759 1181 3834 Quem
1193 3760 1337 3846 allegans
1345 3761 1412 3826 lob.
1422 3762 1524 3846 Slept.
1533 3761 1701 3826 Ducuntur
1708 3757 1763 3824 lit.
1845 3753 1847 3796 ³

314 3849 344 3912 2.
365 3868 389 3913 6.
409 3849 461 3913 38.
479 3849 601 3915 dicitas
616 3847 738 3914 nescire
761 3848 842 3912 unde
861 3847 943 3912 illud
958 3848 1117 3914 didicerit:
1136 3850 1224 3914 addit
1241 3853 1350 3914 tamen
1370 3850 1455 3933 apud
1475 3850 1641 3915 Philonem
1655 3850 1692 3914 de
1711 3845 1765 3910 l'ild
1845 3897 1847 3936 ᾖ

314 3941 510 4022 conlcrnplul.
528 3938 625 4021 paulo
645 3939 719 4002 ante
737 3937 843 4014 finem,
856 3937 1037 4002 meminisse
1049 3960 1169 4022 panum
1184 3938 1304 4020 absque
1316 3943 1474 4003 termento
1486 3941 1509 4004 6
1522 3939 1599 4016 sala,
1612 3937 1718 4022 qriales
1730 3931 1765 3997 V.
1845 3943 1847 3984 ῑ

314 4023 351 4088 Τ.
369 4047 468 4110 panes
489 4025 725 4110 propositionis.
743 4024 805 4090 Sed
822 4025 959 4090 libenter
979 4025 1142 4090 tribunali¹
1154 4024 1421 4110 Philosophorum
1437 4049 1473 4092 ac
1488 4025 1683 4092 Medicorum
1695 4025 1765 4088 hauc

314 4114 533 4196 quaestionem
546 4115 710 4179 sistemus:
723 4114 801 4198 quin
813 4113 836 4178 6
848 4113 990 4197 ipsorum
1002 4112 1219 4193 Sacerdotum‚
1234 4138 1275 4180 an
1286 4115 1346 4180 tali
1360 4137 1442 4199 pane
1454 4114 1487 4179 in
1499 4119 1610 4180 mansit
1623 4121 1679 4179 sust
1695 4112 1764 4178 ulit
1845 4161 1847 4182 .

316 4201 470 4356 pippiztapcb
481 4206 649 4354 optarent.5
660 4201 744 4356 tgide
757 4204 851 4268 Bcro.
868 4203 1005 4272 Gomssii
1017 4203 1230 4268 archidiaconi
1243 4203 1415 4290 Saguntini
1426 4204 1605 4288 diasoepsin
1618 4204 1655 4268 de
1671 4202 1731 4268 sale
1741 4221 1764 4262 a
1845 4183 1847 4200 ⁸

405 4341 412 4356 .
443 4315 481 4357 c.
521 4313 612 4376 ‚cap
653 4340 660 4358 .
698 4340 705 4356 .
1846 4307 1847 4310 ’

1612 4383 1641 4445 5.
1659 4382 1765 4462 Qrcccsl.
1846 4353 1847 4378 ³
