3736 4860
346 259 456 360 Taren.
471 293 512 360 Il.
538 293 625 360 Srer.
639 295 682 362 ΙΙ.
705 296 753 362 Da
766 320 888 364 roanos
899 297 999 364 Vnam
1012 297 1118 366 Drvuu
1130 299 1349 368 Tnaorrrroaa.
1515 305 1577 372 117

105 499 194 556 ,uem
220 479 322 564 pictor
344 479 495 564 equinam
503 481 622 567 jungit,
635 485 671 546 ut
684 486 778 566 podta
789 482 883 558 lusit;
896 483 967 569 Ego
979 489 1054 551 verb
1065 507 1128 554 non
1140 487 1225 566 ludo,
1237 489 1293 554 aed
1305 489 1401 572 lugeo
1411 485 1519 569 potius
1531 488 1577 553 di·

105 567 193 645 ,vini
222 568 311 633 verbi
334 569 559 654 gravissimam
585 570 801 651 autoritatem,
825 572 995 638 levissimis
1017 573 1106 640 hisae
1129 575 1317 644 mneiunulis
1341 576 1374 642 in
1387 575 1458 660 ipsa
1467 577 1578 644 statim

105 657 233 735 ,fronte
244 657 398 722 enervari.
918 719 923 728 ,

150 748 224 822 ,lt
238 746 452 831 Peccantem
464 749 671 814 exordiuntur
683 771 757 814 voce
769 772 832 815 non
843 751 992 831 naturali,
1006 751 1061 818 sed
1072 753 1194 828 tumido
1207 755 1343 839 quodam
1359 759 1444 833 tono,
1459 754 1511 819 vel
1526 756 1578 821 ni-

104 836 191 913 ,mia
215 835 388 916 eeleritate,
411 840 446 900 ut
458 860 521 902 uno
532 837 625 921 quasi
637 837 753 922 spiritu
764 843 867 903 totum
881 838 976 904 simul
988 840 1195 907 exhauriant:
1209 842 1260 908 vel
1271 848 1382 909 eontra
1397 846 1465 908 tam
1480 841 1576 925 lente,

104 929 161 1002 ,ut
186 925 347 989 numerari
372 925 469 990 verba
481 931 609 1010 queant,
623 927 673 991 vel
685 949 759 992 vooe
771 931 839 993 tam
851 928 1019 1009 submissa,
1033 933 1069 994 ut
1079 930 1142 996 sibi
1154 934 1281 996 tantum
1293 931 1380 1018 loqui
1393 931 1582 998 videantur:-

102 1014 241 1099 ‚primis
263 1013 398 1080 fortasse
421 1015 588 1098 paturiunt
604 1019 744 1098 montes,
764 1020 912 1082 nascetur
935 1017 1088 1084 ridiculus
1101 1041 1187 1084 mus:
1200 1017 1360 1088 Secundus
1373 1019 1495 1086 videbis
1507 1021 1577 1106 ipso

103 1102 238 1181 ,statim
250 1103 373 1168 itineris
386 1104 532 1190 ingressu
544 1104 709 1190 latigatoa,
721 1104 859 1188 turpiter
871 1105 1057 1194 anhelantes¹
1069 1107 1102 1172 in
1115 1107 1183 1172 via:
1200 1106 1302 1174 Tertii
1315 1111 1429 1174 afferre
1440 1131 1473 1174 se
1486 1110 1577 1177 audi·

104 1191 250 1270 ,toribos
263 1191 460 1278 languorem,
472 1216 512 1258 ne
525 1193 628 1258 dicam
643 1193 853 1274 stomachum,
866 1194 1150 1279 seiantzpostremi
1165 1197 1228 1261 sibi
1240 1201 1368 1277 canunt,
1381 1197 1507 1263 auditor
1518 1199 1576 1263 ab·

103 1281 243 1361 ,suadet
257 1303 296 1346 ne
308 1285 435 1366 tempus
450 1285 544 1347 terat.

106 1427 112 1436 .
148 1371 224 1446 ,dfe
249 1369 293 1435 Et
305 1369 360 1454 qui
377 1370 411 1434 in
424 1371 597 1454 partitione
610 1371 712 1436 multa
724 1371 821 1437 simul
832 1372 976 1436 membra
988 1377 1184 1454 coacervant,
1197 1397 1278 1459 quae
1290 1374 1341 1440 vel
1355 1397 1417 1439 non
1430 1375 1508 1441 satis
1521 1398 1576 1441 ex-

102 1459 239 1544 ,plioari
250 1460 383 1544 possint,
396 1461 447 1525 vel
459 1459 612 1546 longioris
625 1460 777 1525 orationis
788 1461 936 1526 timorem
949 1461 1107 1547 injiciunt,
1120 1463 1171 1527 vel
1182 1462 1223 1527 ad
1234 1485 1333 1528 unum
1342 1462 1499 1530 suasionis
1507 1487 1576 1532 seo·

103 1561 205 1632 ,pum
214 1571 277 1612 non
289 1549 434 1628 tendunt,
446 1571 547 1633 eoque
559 1549 697 1613 maxime
710 1571 781 1614 oum
793 1549 954 1634 disparata
966 1556 1163 1635 proponunt:
1181 1555 1313 1618 onerant
1325 1553 1397 1633 ista,
1409 1575 1461 1620 me
1469 1553 1576 1638 judica

104 1659 187 1714 ,non
201 1637 353 1716 allevant,
370 1639 454 1722 quod
469 1636 627 1702 oratoriae
639 1637 820 1722 partitionis
833 1660 948 1704 munus
960 1642 1019 1704 est.

148 1726 225 1804 ,lu
237 1725 298 1800 uui
311 1726 351 1790 ad
366 1749 425 1791 sua
436 1726 660 1805 confirmanda,
673 1727 723 1792 vel
736 1727 894 1792 eontraria
906 1727 1108 1809 confutanda,
1123 1729 1208 1795 leves
1221 1727 1314 1794 affert
1329 1730 1468 1796 rationes
1479 1731 1576 1798 audi·

103 1819 228 1892 ,torem
241 1815 269 1880 si
281 1819 344 1899 qub
356 1813 505 1900 impellit,
517 1817 558 1880 ad
569 1815 687 1880 suimet
698 1817 1076 1902 contemptum'impellit.

148 1903 222 1981 ,ll
236 1901 403 1982 Haereses,
417 1903 474 1969 ubi
485 1926 549 1969 non
560 1907 645 1983 sunt,
658 1904 833 1986 eonfutare,
845 1905 896 1969 vel
905 1905 1040 1970 stultum
1049 1909 1108 1984 est,
1117 1905 1167 1971 vel
1176 1907 1382 1991 superfluum.
1392 1909 1483 1994 [pag.
1493 1907 1574 1996 627]

103 1991 192 2070 ,Ubi
215 1997 291 2057 verb
314 1993 424 2078 vigent
447 1994 474 2074 si
498 1993 599 2058 levius
624 1992 838 2072 oonfutentur,
855 1993 973 2080 injuria
986 1998 1036 2059 est
1048 1995 1231 2072 Catholicae
1243 1996 1399 2063 veritatis.
1411 1997 1573 2064 Audaoiae

102 2085 199 2160 ,verb
213 2084 262 2146 est
274 2079 464 2147 Sanctorum
475 2082 649 2148 sententias
665 2082 906 2167 reprehendere,
923 2105 1004 2166 quae
1016 2083 1049 2148 in
1065 2084 1181 2149 bonam
1194 2087 1320 2168 partem
1331 2085 1414 2152 sumi
1425 2089 1572 2172 possent:

103 2174 199 2248 ,sunt
212 2167 333 2248 Sancti,
345 2173 420 2236 sunt
432 2170 560 2237 Patres:
574 2175 744 2255 utrumque
757 2175 789 2236 te
800 2193 917 2236 nomen
929 2172 1135 2240 verecundiae
1151 2173 1329 2240 admoneat.

148 2258 222 2336 ,48.
248 2257 413 2325 Gonoionis
425 2261 587 2346 epilogum
603 2283 729 2344 semper
745 2258 947 2344 Repetitione
958 2261 1141 2342 terminare,
1154 2255 1309 2348 frigidum
1322 2262 1398 2347 quid
1409 2262 1534 2329 videtur
1550 2264 1574 2332 to

105 2349 322 2426 ,affectatum
338 2349 504 2434 multoque
520 2349 624 2436 magis
645 2349 673 2412 si
685 2349 781 2434 longa
793 2349 850 2414 fiat
861 2349 1020 2433 repetitio,
1036 2351 1087 2415 vel
1098 2350 1127 2414 si
1138 2350 1247 2418 eodem
1258 2351 1426 2437 modoque
1438 2356 1574 2421 resante

103 2440 200 2513 ,sunt
211 2436 324 2502 diotae.
337 2436 435 2502 Crede
448 2437 539 2517 mihi,
551 2437 658 2502 Pauca
669 2442 755 2518 sunt,
767 2459 849 2523 quae
861 2437 999 2522 repetita
1015 2439 1150 2523 placent.
1224 2517 1229 2528 ·
1559 2463 1562 2472 ’

148 2525 222 2602 ,49.
236 2523 328 2589 Nihil
341 2530 448 2591 autem
459 2527 559 2592 habet
570 2528 621 2592 vel
633 2527 764 2606 deo'oris,
777 2521 828 2592 vel
839 2526 1018 2612 gravitatis,
1031 2527 1059 2592 si
1071 2527 1252 2595 dimittatur
1263 2529 1371 2595 oonoio
1382 2551 1455 2595 oum
1464 2529 1573 2615 aliqua

7 2659 8 2662 η
103 2613 249 2693 ,faceta
272 2613 354 2698 quae'
377 2619 504 2682 moveat
526 2616 643 2681 risum:
668 2613 845 2681 (liroulator
863 2615 910 2681 ita
921 2637 1071 2684 eoronam
1086 2638 1178 2682 suam
1190 2617 1335 2698 dimittit,
1348 2618 1572 2702 suspirandum

103 2703 231 2788 ,potius
247 2707 296 2768 est
306 2708 379 2790 post
390 2705 533 2770 auditum
547 2726 735 2770 sermonem.

149 2792 223 2871 ,50.
247 2790 306 2872 Illi¹
319 2815 437 2878 genera
457 2794 580 2860 dioendi
595 2796 812 2878 corrumpunt,
828 2793 883 2878 qui
899 2817 958 2878 pro
973 2793 1104 2860 sublimi
1124 2795 1295 2880 turgidam,
1308 2798 1332 2862 a
1343 2795 1489 2861 inflatam
1500 2818 1572 2862 ora·

103 2881 246 2959 ,tionem
268 2886 440 2963 sectantur,
464 2905 521 2968 pro
544 2883 707 2948 moderato
730 2882 928 2964 dissolutam,
940 2882 1008 2948 sine
1020 2886 1189 2960 structura,
1203 2884 1343 2950 &nervis
1354 2905 1412 2970 pre
1424 2884 1570 2966 demisso,

104 2969 241 3047 ‚exilem
253 2970 407 3056 humique
418 2975 592 3056 repentem.

149 3059 223 3138 ,5l.
245 3058 384 3126 Ridiculi
395 3063 504 3128 sunt&
519 3061 631 3146 inepti,
643 3061 699 3144 qui
710 3061 871 3125 variorum
883 3060 1070 3128 idiomatum
1082 3060 1229 3126 notitiam
1240 3064 1417 3138 ostentant3
1429 3061 1573 3149 Egregia

104 3149 280 3234 ,quaedam
305 3149 481 3234 scripturae
497 3149 652 3234 mysteria
661 3149 849 3215 brevissimo
861 3150 969 3234 aliquo
980 3149 1129 3214 Hebraeo
1141 3149 1299 3216 Graeoovd
1309 3150 1464 3216 versiculo
1476 3150 1571 3217 innu-

7 3285 8 3288 η
103 3259 187 3315 ,era
211 3238 407 3303 laudandum
429 3243 494 3304 est:
511 3238 679 3324 peregrine
691 3238 780 3322 loqui
790 3239 927 3323 saepius,
941 3237 1140 3305 &Hebraeas
1153 3236 1328 3304 Graeaasve
1340 3238 1458 3324 passim
1470 3239 1570 3306 incul-

103 3347 196 3403 .oare
207 3327 394 3407 sententias,
407 3327 460 3394 vix
471 3328 556 3393 inter
566 3326 786 3412 peritissimos,
799 3327 855 3412 qui
866 3327 927 3392 soli
939 3327 1080 3408 audiant,
1094 3328 1203 3412 probo.
1226 3325 1300 3393 Non
1317 3328 1512 3416 intelligenti
1522 3328 1570 3396 lo·

7 3497 9 3502 ¹
103 3414 190 3500 ,qni,
202 3437 307 3481 nonne
320 3421 369 3481 ost
383 3418 478 3482 surdo
490 3421 627 3482 canere?

7 3559 9 3590 r
148 3503 222 3583 ¹52·
237 3503 335 3581 'Quae
355 3505 467 3592 figuris
478 3507 502 3573 d
513 3505 613 3590 tropis
625 3508 712 3572 earet
723 3505 836 3585 oratio,
849 3505 991 3590 vulgaris
1006 3510 1066 3587 est,
1078 3527 1181 3592 neque
1194 3506 1375 3572 auditorum
1388 3505 1507 3572 excitat
1518 3506 1569 3570 in·

7 3605 9 3680 [
101 3593 237 3678 ‚geniaz
260 3615 342 3680 quae
354 3599 429 3660 verb
441 3593 540 3660 habet
551 3595 682 3681 figuras,
698 3595 753 3660 sed
764 3594 832 3658 sine
844 3593 981 3678 pondere
994 3595 1235 3675 sententiarum,
1248 3598 1397 3679 stupeum
1409 3598 1458 3661 ast
1469 3593 1569 3661 simu-

7 3689 8 3714 *
101 3682 279 3764 ,lachrum
303 3681 378 3748 lieet
399 3683 481 3750 bene
503 3684 665 3750 vesfflnm.
682 3681 773 3759 erod
784 3682 812 3748 si
827 3682 900 3766 plus
912 3705 1014 3768 aequo
1026 3706 1084 3749 noo
1095 3685 1272 3768 opportune
1285 3682 1497 3748 adhibeantur
1512 3705 1568 3768 pe·

7 3791 8 3808 .
101 3772 212 3846 ‚riade
224 3776 274 3837 est
284 3795 322 3838 ao
332 3773 361 3837 si
374 3772 553 3850 conuiuium
565 3773 622 3838 fiat
633 3793 673 3838 ex
683 3771 779 3837 melle
790 3775 906 3839 totum.
917 3769 1022 3838 Midas
1034 3776 1070 3838 ut
1082 3776 1131 3838 est
1142 3772 1176 3836 in
1188 3771 1319 3853 fabulis,
1332 3772 1407 3838 dum
1418 3771 1569 3858 quioquid

119 3863 310 3946 oontreutat,
321 3883 436 3928 aurum
447 3860 535 3940 fauit,
548 3861 633 3927 farne
648 3860 785 3946 peribat.
1525 3907 1534 3922 .

148 3949 222 4028 ,53.
245 3948 462 4016 Peroensendo
484 3950 695 4036 plurimorum
715 3953 862 4015 autorum
885 3950 1041 4036 eatalogo,
1065 3949 1263 4034 aitandiaque
1274 3948 1315 4014 ad
1327 3970 1468 4034 unguem
1480 3948 1568 4029 loois,

123 4040 145 4104 tr
156 4039 198 4103 ad
208 4039 342 4104 verbum
353 4039 522 4104 recitandis
534 4039 655 4124 passim
666 4038 862 4124 longioribus
874 4038 1041 4102 sententiis
1053 4037 1208 4122 occupati,
1221 4038 1293 4122 plus
1305 4036 1427 4103 habent
1434 4036 1568 4126 negotii,
1591 4075 1595 4082 ·

123 4149 220 4213 quam
232 4126 338 4212 pretii.
352 4127 531 4194 Effundunt
542 4127 690 4213 plurima,
706 4131 763 4192 aut
774 4148 898 4212 parum,
911 4130 967 4192 aut
978 4126 1060 4191 nibil
1072 4125 1255 4192 infundunt.

147 4216 221 4295 ,54.
231 4214 399 4282 Verbatim
407 4217 584 4282 orationem
592 4217 742 4282 mandare
751 4215 1467 4300 memoriae,laudariminpueroinriroplanb
1476 4214 1565 4282 dixe-

127 4305 184 4370 rim
196 4305 329 4390 puerile.
342 4303 448 4371 Fallet
456 4309 492 4371 'te
500 4305 670 4388 aliquando
678 4304 841 4385 memoria,
850 4307 886 4368 ut
894 4307 988 4388 saepe
997 4304 1144 4386 vidimus,
1152 4303 1335 4370 balbutiens
1344 4303 1482 4371 efficiere
1492 4302 1564 4370 aliis

127 4393 372 4460 subridentibus.
384 4391 481 4460 Mitto
493 4394 653 4461 modicum
660 4394 789 4460 omnino
798 4393 839 4459 ab
847 4393 1030 4478 hujusmodi
1039 4393 1259 4463 oonoionatore
1269 4392 1408 4464 fructum
1418 4393 1566 4542 esistegg.

1495 4529 1508 4560 ,
1557 4527 1567 4545 .
