<?xml version="1.0" encoding="UTF-8"?>
<!DOCTYPE html PUBLIC "-//W3C//DTD XHTML 1.0 Transitional//EN"
    "http://www.w3.org/TR/xhtml1/DTD/xhtml1-transitional.dtd">
<html xmlns="http://www.w3.org/1999/xhtml" xml:lang="en" lang="en">
 <head>
  <title>
</title>
<meta http-equiv="Content-Type" content="text/html;charset=utf-8" />
  <meta name='ocr-system' content='tesseract 3.04.00' />
  <meta name='ocr-capabilities' content='ocr_page ocr_carea ocr_par ocr_line ocrx_word'/>
</head>
<body>
  <div class='ocr_page' id='page_1' title='image "./gisbertivoetiit00rutggoog_0675.png"; bbox 0 0 3752 4858; ppageno 0'>
   <div class='ocr_carea' id='block_1_1' title="bbox 248 289 1583 360">
    <p class='ocr_par' dir='ltr' id='par_1_1' title="bbox 248 289 1583 360">
     <span class='ocr_line' id='line_1_1' title="bbox 248 289 1583 360; baseline -0.001 -4"><span class='ocrx_word' id='word_1_1' title='bbox 248 291 415 359; x_wconf 72' lang='lat' dir='ltr'>Tuscall.</span> <span class='ocrx_word' id='word_1_2' title='bbox 439 292 526 360; x_wconf 84' lang='lat' dir='ltr'>Sacr.</span> <span class='ocrx_word' id='word_1_3' title='bbox 539 293 596 360; x_wconf 91' lang='lat' dir='ltr'>IV.</span> <span class='ocrx_word' id='word_1_4' title='bbox 621 293 800 360; x_wconf 79' lang='lat' dir='ltr'>DuConuna</span> <span class='ocrx_word' id='word_1_5' title='bbox 824 293 993 359; x_wconf 80' lang='lat' dir='ltr'>Doururcss</span> <span class='ocrx_word' id='word_1_6' title='bbox 1019 289 1295 358; x_wconf 78' lang='lat' dir='ltr'>Auurursralrroun</span> <span class='ocrx_word' id='word_1_7' title='bbox 1319 291 1390 357; x_wconf 79' lang='lat' dir='ltr'>Cle.</span> <span class='ocrx_word' id='word_1_8' title='bbox 1406 291 1446 356; x_wconf 88' lang='lat' dir='ltr'>V.</span> <span class='ocrx_word' id='word_1_9' title='bbox 1517 293 1583 356; x_wconf 82' lang='lat'>267</span> 
     </span>
    </p>
   </div>
   <div class='ocr_carea' id='block_1_2' title="bbox 124 477 1593 656">
    <p class='ocr_par' dir='ltr' id='par_1_2' title="bbox 124 477 1593 656">
     <span class='ocr_line' id='line_1_2' title="bbox 125 477 1592 566; baseline 0.001 -22"><span class='ocrx_word' id='word_1_10' title='bbox 125 479 237 545; x_wconf 84' lang='lat' dir='ltr'>Verba</span> <span class='ocrx_word' id='word_1_11' title='bbox 249 478 357 546; x_wconf 84' lang='lat' dir='ltr'>valent</span> <span class='ocrx_word' id='word_1_12' title='bbox 370 503 439 547; x_wconf 91' lang='lat' dir='ltr'>usu.</span> <span class='ocrx_word' id='word_1_13' title='bbox 460 479 538 558; x_wconf 75' lang='lat' dir='ltr'>Quis</span> <span class='ocrx_word' id='word_1_14' title='bbox 551 486 658 547; x_wconf 84' lang='lat' dir='ltr'>autem</span> <span class='ocrx_word' id='word_1_15' title='bbox 670 479 868 566; x_wconf 72' lang='lat' dir='ltr'>Scriptorum</span> <span class='ocrx_word' id='word_1_16' title='bbox 880 480 1057 558; x_wconf 72' lang='lat' dir='ltr'><strong>ritualium,</strong></span> <span class='ocrx_word' id='word_1_17' title='bbox 1072 479 1161 566; x_wconf 86' lang='lat' dir='ltr'>[pag.</span> <span class='ocrx_word' id='word_1_18' title='bbox 1176 477 1258 564; x_wconf 80' lang='lat'>816]</span> <span class='ocrx_word' id='word_1_19' title='bbox 1271 479 1342 563; x_wconf 89' lang='lat' dir='ltr'>quis</span> <span class='ocrx_word' id='word_1_20' title='bbox 1352 479 1592 564; x_wconf 90' lang='lat' dir='ltr'>disquisitorum</span> 
     </span>
     <span class='ocr_line' id='line_1_3' title="bbox 124 567 1593 656; baseline 0.001 -23"><span class='ocrx_word' id='word_1_21' title='bbox 124 571 162 634; x_wconf 90' lang='lat' dir='ltr'>de</span> <span class='ocrx_word' id='word_1_22' title='bbox 187 569 255 634; x_wconf 88' lang='lat' dir='ltr'>illis</span> <span class='ocrx_word' id='word_1_23' title='bbox 273 569 389 634; x_wconf 91' lang='lat' dir='ltr'>ritibus</span> <span class='ocrx_word' id='word_1_24' title='bbox 407 571 595 654; x_wconf 87' lang='lat' dir='ltr'>praesertim</span> <span class='ocrx_word' id='word_1_25' title='bbox 607 571 642 634; x_wconf 88' lang='lat' dir='ltr'>in</span> <span class='ocrx_word' id='word_1_26' title='bbox 658 570 838 650; x_wconf 75' lang='lat' dir='ltr'>Germania,</span> <span class='ocrx_word' id='word_1_27' title='bbox 851 569 1005 656; x_wconf 72' lang='lat' dir='ltr'>&amp;anglia</span> <span class='ocrx_word' id='word_1_28' title='bbox 1023 590 1130 632; x_wconf 88' lang='lat' dir='ltr'>vocem</span> <span class='ocrx_word' id='word_1_29' title='bbox 1143 567 1225 632; x_wconf 88' lang='lat' dir='ltr'>hanc</span> <span class='ocrx_word' id='word_1_30' title='bbox 1237 568 1270 633; x_wconf 93' lang='lat' dir='ltr'>in</span> <span class='ocrx_word' id='word_1_31' title='bbox 1284 569 1348 634; x_wconf 77' lang='lat' dir='ltr'>lata</span> <span class='ocrx_word' id='word_1_32' title='bbox 1360 568 1593 654; x_wconf 81' lang='lat' dir='ltr'>significatione</span> 
     </span>
    </p>
   </div>
   <div class='ocr_carea' id='block_1_3' title="bbox 9 657 1593 1012">
    <p class='ocr_par' dir='ltr' id='par_1_3' title="bbox 9 655 1593 1012">
     <span class='ocr_line' id='line_1_4' title="bbox 124 657 1591 746; baseline 0 -24"><span class='ocrx_word' id='word_1_33' title='bbox 124 681 189 722; x_wconf 92' lang='lat' dir='ltr'>nou</span> <span class='ocrx_word' id='word_1_34' title='bbox 213 658 397 743; x_wconf 85' lang='lat' dir='ltr'>usurpavit:</span> <span class='ocrx_word' id='word_1_35' title='bbox 415 662 452 724; x_wconf 95' lang='lat' dir='ltr'>ut</span> <span class='ocrx_word' id='word_1_36' title='bbox 466 658 561 739; x_wconf 89' lang='lat' dir='ltr'>idem,</span> <span class='ocrx_word' id='word_1_37' title='bbox 576 663 667 725; x_wconf 90' lang='lat' dir='ltr'>notet</span> <span class='ocrx_word' id='word_1_38' title='bbox 678 659 761 746; x_wconf 90' lang='lat' dir='ltr'>quod</span> <span class='ocrx_word' id='word_1_39' title='bbox 775 659 963 738; x_wconf 84' lang='lat' dir='ltr'>observatio,</span> <span class='ocrx_word' id='word_1_40' title='bbox 977 662 1033 723; x_wconf 89' lang='lat' dir='ltr'>aut</span> <span class='ocrx_word' id='word_1_41' title='bbox 1045 657 1257 735; x_wconf 85' lang='lat' dir='ltr'>observantia,</span> <span class='ocrx_word' id='word_1_42' title='bbox 1274 661 1330 721; x_wconf 89' lang='lat' dir='ltr'>aut</span> <span class='ocrx_word' id='word_1_43' title='bbox 1342 658 1453 722; x_wconf 91' lang='lat' dir='ltr'>modus</span> <span class='ocrx_word' id='word_1_44' title='bbox 1465 657 1591 742; x_wconf 83' lang='lat' dir='ltr'>agendi.</span> 
     </span>
     <span class='ocr_line' id='line_1_5' title="bbox 9 744 1592 834; baseline -0.003 -20"><span class='ocrx_word' id='word_1_45' title='bbox 9 777 10 792; x_wconf 61' lang='lat'>2</span> <span class='ocrx_word' id='word_1_46' title='bbox 126 748 337 828; x_wconf 71' lang='lat' dir='ltr'><strong><em>ceremoniae,</em></strong></span> <span class='ocrx_word' id='word_1_47' title='bbox 349 747 455 833; x_wconf 88' lang='lat' dir='ltr'>inquit</span> <span class='ocrx_word' id='word_1_48' title='bbox 472 747 612 813; x_wconf 88' lang='lat' dir='ltr'>Bucerus</span> <span class='ocrx_word' id='word_1_49' title='bbox 633 749 666 814; x_wconf 91' lang='lat' dir='ltr'>in</span> <span class='ocrx_word' id='word_1_50' title='bbox 679 747 771 814; x_wconf 90' lang='lat' dir='ltr'>Rom.</span> <span class='ocrx_word' id='word_1_51' title='bbox 791 749 819 812; x_wconf 88' lang='grc'>1.</span> <span class='ocrx_word' id='word_1_52' title='bbox 832 761 906 814; x_wconf 80' lang='lat' dir='ltr'>sant</span> <span class='ocrx_word' id='word_1_53' title='bbox 922 749 1055 814; x_wconf 80' lang='lat' dir='ltr'>actiones</span> <span class='ocrx_word' id='word_1_54' title='bbox 1070 744 1337 812; x_wconf 64' lang='lat' dir='ltr'>&amp;observationes</span> <span class='ocrx_word' id='word_1_55' title='bbox 1349 747 1503 834; x_wconf 73' lang='lat' dir='ltr'>pometiam</span> <span class='ocrx_word' id='word_1_56' title='bbox 1516 767 1592 811; x_wconf 77' lang='lat' dir='ltr'>sear-</span> 
     </span>
     <span class='ocr_line' id='line_1_6' title="bbox 9 833 1593 926; baseline -0.001 -24"><span class='ocrx_word' id='word_1_57' title='bbox 9 837 10 840; x_wconf 69' lang='grc'>’</span> <span class='ocrx_word' id='word_1_58' title='bbox 123 837 228 904; x_wconf 75' lang='lat' dir='ltr'>sititet</span> <span class='ocrx_word' id='word_1_59' title='bbox 248 833 280 902; x_wconf 72' lang='lat' dir='ltr'>a</span> <span class='ocrx_word' id='word_1_60' title='bbox 294 837 525 926; x_wconf 78' lang='lat' dir='ltr'>aipaificativae,</span> <span class='ocrx_word' id='word_1_61' title='bbox 547 839 597 904; x_wconf 80' lang='lat' dir='ltr'>&amp;a</span> <span class='ocrx_word' id='word_1_62' title='bbox 622 836 712 914; x_wconf 82' lang='lat' dir='ltr'>Quod</span> <span class='ocrx_word' id='word_1_63' title='bbox 723 837 769 902; x_wconf 91' lang='lat' dir='ltr'>sic</span> <span class='ocrx_word' id='word_1_64' title='bbox 779 837 1025 922; x_wconf 85' lang='lat' dir='ltr'>intelligendum</span> <span class='ocrx_word' id='word_1_65' title='bbox 1040 839 1076 900; x_wconf 93' lang='lat' dir='ltr'>ut</span> <span class='ocrx_word' id='word_1_66' title='bbox 1089 835 1129 898; x_wconf 89' lang='lat' dir='ltr'>ad</span> <span class='ocrx_word' id='word_1_67' title='bbox 1144 834 1301 900; x_wconf 77' lang='lat' dir='ltr'>actionem</span> <span class='ocrx_word' id='word_1_68' title='bbox 1313 837 1483 900; x_wconf 78' lang='lat' dir='ltr'><strong>reducatur</strong></span> <span class='ocrx_word' id='word_1_69' title='bbox 1494 835 1593 900; x_wconf 91' lang='lat' dir='ltr'>omis-</span> 
     </span>
     <span class='ocr_line' id='line_1_7' title="bbox 9 923 1593 1012; baseline -0.001 -20"><span class='ocrx_word' id='word_1_70' title='bbox 9 987 10 992; x_wconf 73' lang='grc'>,</span> <span class='ocrx_word' id='word_1_71' title='bbox 124 925 173 990; x_wconf 90' lang='lat' dir='ltr'>sio</span> <span class='ocrx_word' id='word_1_72' title='bbox 185 947 244 991; x_wconf 88' lang='lat' dir='ltr'>seu</span> <span class='ocrx_word' id='word_1_73' title='bbox 255 925 450 992; x_wconf 73' lang='lat' dir='ltr'><strong>abstinentia</strong></span> <span class='ocrx_word' id='word_1_74' title='bbox 462 930 482 992; x_wconf 78' lang='lat' dir='ltr'>h</span> <span class='ocrx_word' id='word_1_75' title='bbox 493 927 657 1007; x_wconf 87' lang='lat' dir='ltr'>suffocato,</span> <span class='ocrx_word' id='word_1_76' title='bbox 670 926 836 1012; x_wconf 80' lang='lat' dir='ltr'>sanguine,</span> <span class='ocrx_word' id='word_1_77' title='bbox 849 925 1042 990; x_wconf 79' lang='lat' dir='ltr'>animalibus</span> <span class='ocrx_word' id='word_1_78' title='bbox 1053 923 1236 1002; x_wconf 91' lang='lat' dir='ltr'>immundis,</span> <span class='ocrx_word' id='word_1_79' title='bbox 1250 924 1299 989; x_wconf 80' lang='lat' dir='ltr'>duc.</span> <span class='ocrx_word' id='word_1_80' title='bbox 1314 923 1431 990; x_wconf 87' lang='lat' dir='ltr'>Omnes</span> <span class='ocrx_word' id='word_1_81' title='bbox 1439 925 1593 990; x_wconf 66' lang='lat' dir='ltr'>tomara</span> 
     </span>
    </p>
   </div>
   <div class='ocr_carea' id='block_1_4' title="bbox 122 1012 1622 2255">
    <p class='ocr_par' dir='ltr' id='par_1_4' title="bbox 122 1012 1622 2168">
     <span class='ocr_line' id='line_1_8' title="bbox 125 1012 1622 1102; baseline -0.003 -20"><span class='ocrx_word' id='word_1_82' title='bbox 125 1013 346 1082; x_wconf 72' lang='lat' dir='ltr'>commeatum</span> <span class='ocrx_word' id='word_1_83' title='bbox 369 1015 538 1100; x_wconf 73' lang='lat' dir='ltr'>Scriptores</span> <span class='ocrx_word' id='word_1_84' title='bbox 561 1014 616 1080; x_wconf 91' lang='lat' dir='ltr'>ubi</span> <span class='ocrx_word' id='word_1_85' title='bbox 632 1019 734 1102; x_wconf 79' lang='lat' dir='ltr'>agunt</span> <span class='ocrx_word' id='word_1_86' title='bbox 749 1017 786 1080; x_wconf 83' lang='lat' dir='ltr'>de</span> <span class='ocrx_word' id='word_1_87' title='bbox 804 1015 947 1082; x_wconf 63' lang='lat' dir='ltr'>(testibus</span> <span class='ocrx_word' id='word_1_88' title='bbox 960 1013 1158 1100; x_wconf 79' lang='lat' dir='ltr'>precationis,</span> <span class='ocrx_word' id='word_1_89' title='bbox 1171 1025 1356 1078; x_wconf 80' lang='lat' dir='ltr'>enumerant</span> <span class='ocrx_word' id='word_1_90' title='bbox 1367 1012 1464 1078; x_wconf 88' lang='lat' dir='ltr'>situm</span> <span class='ocrx_word' id='word_1_91' title='bbox 1480 1035 1592 1098; x_wconf 88' lang='lat' dir='ltr'>corpo·</span> <span class='ocrx_word' id='word_1_92' title='bbox 1619 1045 1622 1052; x_wconf 93' lang='lat'>·</span> 
     </span>
     <span class='ocr_line' id='line_1_9' title="bbox 125 1101 1592 1190; baseline -0.001 -22"><span class='ocrx_word' id='word_1_93' title='bbox 125 1103 182 1185; x_wconf 90' lang='lat' dir='ltr'>ris,</span> <span class='ocrx_word' id='word_1_94' title='bbox 207 1103 290 1168; x_wconf 85' lang='lat' dir='ltr'>flexa</span> <span class='ocrx_word' id='word_1_95' title='bbox 313 1125 429 1190; x_wconf 84' lang='lat' dir='ltr'>genua,</span> <span class='ocrx_word' id='word_1_96' title='bbox 454 1126 567 1169; x_wconf 85' lang='lat' dir='ltr'>manus</span> <span class='ocrx_word' id='word_1_97' title='bbox 590 1125 756 1188; x_wconf 87' lang='lat' dir='ltr'>expansas,</span> <span class='ocrx_word' id='word_1_98' title='bbox 779 1109 836 1169; x_wconf 91' lang='lat' dir='ltr'>aut</span> <span class='ocrx_word' id='word_1_99' title='bbox 859 1103 1042 1174; x_wconf 89' lang='lat' dir='ltr'>adCoelum</span> <span class='ocrx_word' id='word_1_100' title='bbox 1055 1101 1204 1168; x_wconf 87' lang='lat' dir='ltr'>elevatas.</span> <span class='ocrx_word' id='word_1_101' title='bbox 1220 1101 1543 1185; x_wconf 89' lang='lat' dir='ltr'>oculosdejectosaut</span> <span class='ocrx_word' id='word_1_102' title='bbox 1559 1102 1592 1166; x_wconf 90' lang='lat' dir='ltr'>in</span> 
     </span>
     <span class='ocr_line' id='line_1_10' title="bbox 125 1188 1590 1278; baseline -0.001 -20"><span class='ocrx_word' id='word_1_103' title='bbox 125 1191 259 1258; x_wconf 88' lang='lat' dir='ltr'>Caelum</span> <span class='ocrx_word' id='word_1_104' title='bbox 283 1192 436 1274; x_wconf 87' lang='lat' dir='ltr'>sublatos,</span> <span class='ocrx_word' id='word_1_105' title='bbox 460 1193 511 1258; x_wconf 79' lang='lat' dir='ltr'>tc.</span> <span class='ocrx_word' id='word_1_106' title='bbox 538 1192 715 1259; x_wconf 74' lang='lat' dir='ltr'>&amp;adductis</span> <span class='ocrx_word' id='word_1_107' title='bbox 728 1193 881 1278; x_wconf 85' lang='lat' dir='ltr'>exemplis</span> <span class='ocrx_word' id='word_1_108' title='bbox 896 1191 1016 1257; x_wconf 83' lang='lat' dir='ltr'>Christi</span> <span class='ocrx_word' id='word_1_109' title='bbox 1029 1213 1065 1256; x_wconf 91' lang='lat' dir='ltr'>ac</span> <span class='ocrx_word' id='word_1_110' title='bbox 1077 1188 1267 1254; x_wconf 81' lang='lat' dir='ltr'>Sanctorum</span> <span class='ocrx_word' id='word_1_111' title='bbox 1279 1191 1319 1254; x_wconf 92' lang='lat' dir='ltr'>ad</span> <span class='ocrx_word' id='word_1_112' title='bbox 1331 1191 1457 1255; x_wconf 87' lang='lat' dir='ltr'>eosdem</span> <span class='ocrx_word' id='word_1_113' title='bbox 1469 1194 1590 1276; x_wconf 84' lang='lat' dir='ltr'>gestus,</span> 
     </span>
     <span class='ocr_line' id='line_1_11' title="bbox 125 1278 1592 1366; baseline -0.001 -20"><span class='ocrx_word' id='word_1_114' title='bbox 125 1281 240 1366; x_wconf 90' lang='lat' dir='ltr'>positis</span> <span class='ocrx_word' id='word_1_115' title='bbox 263 1282 427 1366; x_wconf 88' lang='lat' dir='ltr'>ponendis,</span> <span class='ocrx_word' id='word_1_116' title='bbox 451 1304 509 1347; x_wconf 81' lang='lat' dir='ltr'>uos</span> <span class='ocrx_word' id='word_1_117' title='bbox 531 1282 719 1358; x_wconf 87' lang='lat' dir='ltr'>hortantur;</span> <span class='ocrx_word' id='word_1_118' title='bbox 742 1304 799 1348; x_wconf 88' lang='lat' dir='ltr'>nos</span> <span class='ocrx_word' id='word_1_119' title='bbox 823 1283 953 1366; x_wconf 88' lang='lat' dir='ltr'>insuper</span> <span class='ocrx_word' id='word_1_120' title='bbox 972 1280 1181 1345; x_wconf 78' lang='lat' dir='ltr'>dehortantur</span> <span class='ocrx_word' id='word_1_121' title='bbox 1197 1278 1491 1362; x_wconf 82' lang='lat' dir='ltr'>aprocessionibus,</span> <span class='ocrx_word' id='word_1_122' title='bbox 1504 1279 1592 1345; x_wconf 92' lang='lat' dir='ltr'>horis</span> 
     </span>
     <span class='ocr_line' id='line_1_12' title="bbox 124 1366 1590 1456; baseline -0.002 -20"><span class='ocrx_word' id='word_1_123' title='bbox 124 1369 295 1444; x_wconf 89' lang='lat' dir='ltr'>canonicis,</span> <span class='ocrx_word' id='word_1_124' title='bbox 319 1371 457 1452; x_wconf 88' lang='lat' dir='ltr'>rosariis,</span> <span class='ocrx_word' id='word_1_125' title='bbox 482 1370 617 1456; x_wconf 88' lang='lat' dir='ltr'>aliisque</span> <span class='ocrx_word' id='word_1_126' title='bbox 640 1371 788 1456; x_wconf 87' lang='lat' dir='ltr'>precandi</span> <span class='ocrx_word' id='word_1_127' title='bbox 811 1370 923 1450; x_wconf 88' lang='lat' dir='ltr'>modis,</span> <span class='ocrx_word' id='word_1_128' title='bbox 947 1391 1004 1434; x_wconf 87' lang='lat' dir='ltr'>nac</span> <span class='ocrx_word' id='word_1_129' title='bbox 1027 1390 1090 1433; x_wconf 92' lang='lat' dir='ltr'>uon</span> <span class='ocrx_word' id='word_1_130' title='bbox 1107 1370 1126 1432; x_wconf 79' lang='lat' dir='ltr'>a</span> <span class='ocrx_word' id='word_1_131' title='bbox 1142 1366 1289 1432; x_wconf 90' lang='lat' dir='ltr'>manibus</span> <span class='ocrx_word' id='word_1_132' title='bbox 1299 1367 1384 1432; x_wconf 85' lang='lat' dir='ltr'>inter</span> <span class='ocrx_word' id='word_1_133' title='bbox 1396 1368 1590 1452; x_wconf 88' lang='lat' dir='ltr'>precandum</span> 
     </span>
     <span class='ocr_line' id='line_1_13' title="bbox 124 1454 1591 1541; baseline -0.001 -17"><span class='ocrx_word' id='word_1_134' title='bbox 124 1463 181 1524; x_wconf 84' lang='lat' dir='ltr'>aut</span> <span class='ocrx_word' id='word_1_135' title='bbox 197 1460 448 1539; x_wconf 85' lang='lat' dir='ltr'>benedicendum</span> <span class='ocrx_word' id='word_1_136' title='bbox 461 1460 501 1524; x_wconf 92' lang='lat' dir='ltr'>ad</span> <span class='ocrx_word' id='word_1_137' title='bbox 512 1458 649 1524; x_wconf 85' lang='lat' dir='ltr'>formam</span> <span class='ocrx_word' id='word_1_138' title='bbox 664 1460 766 1525; x_wconf 86' lang='lat' dir='ltr'>crucis</span> <span class='ocrx_word' id='word_1_139' title='bbox 782 1459 966 1538; x_wconf 73' lang='lat' dir='ltr'>decussatis</span> <span class='ocrx_word' id='word_1_140' title='bbox 983 1459 1034 1525; x_wconf 79' lang='lat' dir='ltr'>&amp;a</span> <span class='ocrx_word' id='word_1_141' title='bbox 1059 1457 1103 1522; x_wconf 91' lang='lat' dir='ltr'>Et</span> <span class='ocrx_word' id='word_1_142' title='bbox 1115 1455 1169 1541; x_wconf 92' lang='lat' dir='ltr'>qui</span> <span class='ocrx_word' id='word_1_143' title='bbox 1181 1454 1233 1521; x_wconf 90' lang='lat' dir='ltr'>his</span> <span class='ocrx_word' id='word_1_144' title='bbox 1245 1457 1401 1541; x_wconf 85' lang='lat' dir='ltr'>exemplis</span> <span class='ocrx_word' id='word_1_145' title='bbox 1413 1460 1591 1540; x_wconf 87' lang='lat' dir='ltr'>opponeret</span> 
     </span>
     <span class='ocr_line' id='line_1_14' title="bbox 125 1544 1591 1634; baseline -0.003 -20"><span class='ocrx_word' id='word_1_146' title='bbox 125 1549 361 1633; x_wconf 77' lang='lat' dir='ltr'>exceptionem:</span> <span class='ocrx_word' id='word_1_147' title='bbox 391 1550 466 1615; x_wconf 85' lang='lat' dir='ltr'>Tota</span> <span class='ocrx_word' id='word_1_148' title='bbox 490 1549 528 1614; x_wconf 81' lang='lat' dir='ltr'>tia</span> <span class='ocrx_word' id='word_1_149' title='bbox 547 1548 801 1634; x_wconf 80' lang='lat' dir='ltr'>eatdepestibaa:</span> <span class='ocrx_word' id='word_1_150' title='bbox 814 1545 1515 1634; x_wconf 78' lang='lat' dir='ltr'>iraporraaderpodispatalardcactioaibus.</span> <span class='ocrx_word' id='word_1_151' title='bbox 1540 1544 1591 1610; x_wconf 90' lang='lat' dir='ltr'>Ne</span> 
     </span>
     <span class='ocr_line' id='line_1_15' title="bbox 124 1634 1589 1722; baseline -0.002 -20"><span class='ocrx_word' id='word_1_152' title='bbox 124 1637 237 1722; x_wconf 90' lang='lat' dir='ltr'>procul</span> <span class='ocrx_word' id='word_1_153' title='bbox 247 1637 410 1712; x_wconf 89' lang='lat' dir='ltr'>abeamus,</span> <span class='ocrx_word' id='word_1_154' title='bbox 420 1637 530 1722; x_wconf 89' lang='lat' dir='ltr'>inepta</span> <span class='ocrx_word' id='word_1_155' title='bbox 537 1637 617 1702; x_wconf 87' lang='lat' dir='ltr'>haec</span> <span class='ocrx_word' id='word_1_156' title='bbox 629 1636 790 1702; x_wconf 83' lang='lat' dir='ltr'>subtilitas</span> <span class='ocrx_word' id='word_1_157' title='bbox 804 1637 949 1702; x_wconf 89' lang='lat' dir='ltr'>difflatur</span> <span class='ocrx_word' id='word_1_158' title='bbox 965 1635 1005 1701; x_wconf 86' lang='lat' dir='ltr'>ab</span> <span class='ocrx_word' id='word_1_159' title='bbox 1018 1635 1176 1720; x_wconf 78' lang='lat' dir='ltr'>Episcopo</span> <span class='ocrx_word' id='word_1_160' title='bbox 1192 1634 1336 1699; x_wconf 72' lang='lat' dir='ltr'>Mariano</span> <span class='ocrx_word' id='word_1_161' title='bbox 1349 1634 1384 1699; x_wconf 90' lang='lat' dir='ltr'>ia</span> <span class='ocrx_word' id='word_1_162' title='bbox 1396 1634 1462 1700; x_wconf 82' lang='lat' dir='ltr'>tit.</span> <span class='ocrx_word' id='word_1_163' title='bbox 1476 1657 1589 1700; x_wconf 87' lang='lat' dir='ltr'>verua-</span> 
     </span>
     <span class='ocr_line' id='line_1_16' title="bbox 122 1720 1590 1810; baseline -0.003 -18"><span class='ocrx_word' id='word_1_164' title='bbox 122 1727 196 1792; x_wconf 88' lang='lat' dir='ltr'>culo</span> <span class='ocrx_word' id='word_1_165' title='bbox 219 1748 304 1790; x_wconf 90' lang='lat' dir='ltr'>anno</span> <span class='ocrx_word' id='word_1_166' title='bbox 330 1725 426 1791; x_wconf 83' lang='lat'>1618.</span> <span class='ocrx_word' id='word_1_167' title='bbox 450 1748 522 1792; x_wconf 90' lang='lat' dir='ltr'>cnm</span> <span class='ocrx_word' id='word_1_168' title='bbox 546 1725 666 1792; x_wconf 80' lang='lat' dir='ltr'>Christi</span> <span class='ocrx_word' id='word_1_169' title='bbox 682 1727 704 1792; x_wconf 83' lang='lat' dir='ltr'>du</span> <span class='ocrx_word' id='word_1_170' title='bbox 720 1724 909 1791; x_wconf 83' lang='lat' dir='ltr'>Sanctorum</span> <span class='ocrx_word' id='word_1_171' title='bbox 922 1724 1075 1810; x_wconf 87' lang='lat' dir='ltr'>exemplis</span> <span class='ocrx_word' id='word_1_172' title='bbox 1092 1720 1259 1787; x_wconf 83' lang='lat' dir='ltr'>defendere</span> <span class='ocrx_word' id='word_1_173' title='bbox 1275 1727 1408 1787; x_wconf 92' lang='lat' dir='ltr'>conatur</span> <span class='ocrx_word' id='word_1_174' title='bbox 1423 1728 1487 1788; x_wconf 91' lang='lat' dir='ltr'>tres</span> <span class='ocrx_word' id='word_1_175' title='bbox 1500 1724 1590 1788; x_wconf 89' lang='lat' dir='ltr'>iuno·</span> 
     </span>
     <span class='ocr_line' id='line_1_17' title="bbox 122 1810 1590 1901; baseline -0.003 -20"><span class='ocrx_word' id='word_1_176' title='bbox 122 1819 232 1881; x_wconf 88' lang='lat' dir='ltr'>centes</span> <span class='ocrx_word' id='word_1_177' title='bbox 257 1817 350 1901; x_wconf 89' lang='lat' dir='ltr'>(quas</span> <span class='ocrx_word' id='word_1_178' title='bbox 369 1814 416 1879; x_wconf 90' lang='lat' dir='ltr'>ita</span> <span class='ocrx_word' id='word_1_179' title='bbox 427 1815 532 1900; x_wconf 81' lang='lat' dir='ltr'>vocat)</span> <span class='ocrx_word' id='word_1_180' title='bbox 545 1814 749 1896; x_wconf 82' lang='lat' dir='ltr'>ceremonias,</span> <span class='ocrx_word' id='word_1_181' title='bbox 766 1814 1032 1900; x_wconf 84' lang='lat' dir='ltr'>genuflexionem,</span> <span class='ocrx_word' id='word_1_182' title='bbox 1045 1833 1179 1890; x_wconf 88' lang='lat' dir='ltr'>crucem,</span> <span class='ocrx_word' id='word_1_183' title='bbox 1193 1810 1303 1875; x_wconf 89' lang='lat' dir='ltr'>album</span> <span class='ocrx_word' id='word_1_184' title='bbox 1316 1834 1412 1896; x_wconf 88' lang='lat' dir='ltr'>super</span> <span class='ocrx_word' id='word_1_185' title='bbox 1423 1812 1590 1876; x_wconf 89' lang='lat' dir='ltr'>indumen·</span> 
     </span>
     <span class='ocr_line' id='line_1_18' title="bbox 122 1900 1591 1990; baseline -0.002 -22"><span class='ocrx_word' id='word_1_186' title='bbox 122 1907 220 1968; x_wconf 85' lang='lat' dir='ltr'>tum?</span> <span class='ocrx_word' id='word_1_187' title='bbox 244 1903 297 1967; x_wconf 81' lang='lat' dir='ltr'>An</span> <span class='ocrx_word' id='word_1_188' title='bbox 319 1903 510 1990; x_wconf 82' lang='lat' dir='ltr'>genuflexio,</span> <span class='ocrx_word' id='word_1_189' title='bbox 533 1904 566 1970; x_wconf 91' lang='lat' dir='ltr'>h.</span> <span class='ocrx_word' id='word_1_190' title='bbox 592 1927 619 1968; x_wconf 90' lang='lat' dir='ltr'>e.</span> <span class='ocrx_word' id='word_1_191' title='bbox 643 1905 725 1968; x_wconf 87' lang='lat' dir='ltr'>situs</span> <span class='ocrx_word' id='word_1_192' title='bbox 748 1903 887 1988; x_wconf 86' lang='lat' dir='ltr'>corporis</span> <span class='ocrx_word' id='word_1_193' title='bbox 911 1901 1084 1968; x_wconf 89' lang='lat' dir='ltr'>secundum</span> <span class='ocrx_word' id='word_1_194' title='bbox 1103 1900 1219 1984; x_wconf 91' lang='lat' dir='ltr'>ipsum,</span> <span class='ocrx_word' id='word_1_195' title='bbox 1236 1923 1276 1964; x_wconf 89' lang='lat' dir='ltr'>an</span> <span class='ocrx_word' id='word_1_196' title='bbox 1289 1900 1521 1976; x_wconf 88' lang='lat' dir='ltr'>indumentum,</span> <span class='ocrx_word' id='word_1_197' title='bbox 1534 1905 1591 1965; x_wconf 89' lang='lat' dir='ltr'>aut</span> 
     </span>
     <span class='ocr_line' id='line_1_19' title="bbox 122 1988 1590 2079; baseline -0.001 -23"><span class='ocrx_word' id='word_1_198' title='bbox 122 1993 310 2058; x_wconf 88' lang='lat' dir='ltr'>indumento</span> <span class='ocrx_word' id='word_1_199' title='bbox 321 1991 469 2058; x_wconf 83' lang='lat' dir='ltr'>indutum</span> <span class='ocrx_word' id='word_1_200' title='bbox 480 2015 559 2069; x_wconf 87' lang='lat' dir='ltr'>esse,</span> <span class='ocrx_word' id='word_1_201' title='bbox 573 1997 621 2058; x_wconf 90' lang='lat' dir='ltr'>est</span> <span class='ocrx_word' id='word_1_202' title='bbox 633 1992 725 2072; x_wconf 88' lang='lat' dir='ltr'>actio,</span> <span class='ocrx_word' id='word_1_203' title='bbox 742 1997 799 2058; x_wconf 88' lang='lat' dir='ltr'>aut</span> <span class='ocrx_word' id='word_1_204' title='bbox 810 1996 931 2079; x_wconf 82' lang='lat' dir='ltr'>gestus.</span> <span class='ocrx_word' id='word_1_205' title='bbox 954 1989 1018 2057; x_wconf 89' lang='lat' dir='ltr'>Cur</span> <span class='ocrx_word' id='word_1_206' title='bbox 1033 2011 1109 2076; x_wconf 88' lang='lat' dir='ltr'>ergo</span> <span class='ocrx_word' id='word_1_207' title='bbox 1122 1991 1190 2053; x_wconf 92' lang='lat' dir='ltr'>toto</span> <span class='ocrx_word' id='word_1_208' title='bbox 1203 1988 1291 2053; x_wconf 93' lang='lat' dir='ltr'>coelo</span> <span class='ocrx_word' id='word_1_209' title='bbox 1305 1989 1440 2055; x_wconf 80' lang='lat' dir='ltr'>actiones</span> <span class='ocrx_word' id='word_1_210' title='bbox 1452 1991 1476 2056; x_wconf 83' lang='lat' dir='ltr'>a</span> <span class='ocrx_word' id='word_1_211' title='bbox 1486 2001 1590 2075; x_wconf 77' lang='lat' dir='ltr'>pertas</span> 
     </span>
     <span class='ocr_line' id='line_1_20' title="bbox 122 2079 970 2168; baseline 0 -21"><span class='ocrx_word' id='word_1_212' title='bbox 122 2081 319 2168; x_wconf 78' lang='lat' dir='ltr'>distinguit?</span> <span class='ocrx_word' id='word_1_213' title='bbox 343 2079 405 2146; x_wconf 85' lang='lat' dir='ltr'>Sed</span> <span class='ocrx_word' id='word_1_214' title='bbox 416 2103 598 2168; x_wconf 87' lang='lat' dir='ltr'>pergamus.</span> <span class='ocrx_word' id='word_1_215' title='bbox 968 2119 970 2124; x_wconf 68' lang='lat'>,</span> 
     </span>
    </p>

    <p class='ocr_par' dir='ltr' id='par_1_5' title="bbox 167 2164 1589 2255">
     <span class='ocr_line' id='line_1_21' title="bbox 167 2164 1589 2255; baseline -0.001 -20"><span class='ocrx_word' id='word_1_216' title='bbox 167 2168 210 2235; x_wconf 91' lang='grc' dir='ltr'>ΙΙ.</span> <span class='ocrx_word' id='word_1_217' title='bbox 240 2169 433 2249; x_wconf 81' lang='lat' dir='ltr'>,Observata</span> <span class='ocrx_word' id='word_1_218' title='bbox 456 2171 600 2252; x_wconf 80' lang='lat' dir='ltr'>secundo,</span> <span class='ocrx_word' id='word_1_219' title='bbox 617 2174 755 2255; x_wconf 89' lang='lat' dir='ltr'>quatuor</span> <span class='ocrx_word' id='word_1_220' title='bbox 766 2171 823 2235; x_wconf 89' lang='lat' dir='ltr'>illa</span> <span class='ocrx_word' id='word_1_221' title='bbox 835 2171 950 2236; x_wconf 89' lang='lat' dir='ltr'>ultima</span> <span class='ocrx_word' id='word_1_222' title='bbox 965 2170 988 2236; x_wconf 81' lang='lat' dir='ltr'>b</span> <span class='ocrx_word' id='word_1_223' title='bbox 1001 2167 1159 2233; x_wconf 89' lang='lat' dir='ltr'>minorum</span> <span class='ocrx_word' id='word_1_224' title='bbox 1171 2164 1316 2252; x_wconf 82' lang='lat' dir='ltr'>gentium</span> <span class='ocrx_word' id='word_1_225' title='bbox 1326 2167 1589 2252; x_wconf 82' lang='lat' dir='ltr'>praedicamenta,</span> 
     </span>
    </p>
   </div>
   <div class='ocr_carea' id='block_1_5' title="bbox 128 2255 1705 2346">
    <p class='ocr_par' dir='ltr' id='par_1_6' title="bbox 128 2255 1705 2346">
     <span class='ocr_line' id='line_1_22' title="bbox 128 2255 1705 2346; baseline -0.004 -20"><span class='ocrx_word' id='word_1_226' title='bbox 128 2260 212 2340; x_wconf 64' lang='lat' dir='ltr'>,ati</span> <span class='ocrx_word' id='word_1_227' title='bbox 236 2260 365 2346; x_wconf 83' lang='lat' dir='ltr'>qaaaao</span> <span class='ocrx_word' id='word_1_228' title='bbox 389 2261 496 2340; x_wconf 71' lang='lat' dir='ltr'>sittim,</span> <span class='ocrx_word' id='word_1_229' title='bbox 516 2259 547 2327; x_wconf 82' lang='lat' dir='ltr'>a</span> <span class='ocrx_word' id='word_1_230' title='bbox 562 2261 713 2340; x_wconf 81' lang='lat' dir='ltr'>tabitam,</span> <span class='ocrx_word' id='word_1_231' title='bbox 727 2260 866 2345; x_wconf 85' lang='lat' dir='ltr'>ejusdem</span> <span class='ocrx_word' id='word_1_232' title='bbox 881 2261 945 2324; x_wconf 84' lang='lat' dir='ltr'>lere</span> <span class='ocrx_word' id='word_1_233' title='bbox 958 2280 1026 2324; x_wconf 89' lang='lat' dir='ltr'>esse</span> <span class='ocrx_word' id='word_1_234' title='bbox 1042 2255 1176 2323; x_wconf 89' lang='lat' dir='ltr'>rationis</span> <span class='ocrx_word' id='word_1_235' title='bbox 1189 2256 1212 2321; x_wconf 80' lang='lat' dir='ltr'>tr</span> <span class='ocrx_word' id='word_1_236' title='bbox 1226 2256 1381 2320; x_wconf 85' lang='lat' dir='ltr'>momenti</span> <span class='ocrx_word' id='word_1_237' title='bbox 1396 2259 1543 2341; x_wconf 86' lang='lat' dir='ltr'>respectu</span> <span class='ocrx_word' id='word_1_238' title='bbox 1555 2256 1591 2320; x_wconf 89' lang='lat' dir='ltr'>il·</span> <span class='ocrx_word' id='word_1_239' title='bbox 1697 2327 1705 2340; x_wconf 42' lang='grc'><em>,</em></span> 
     </span>
    </p>
   </div>
   <div class='ocr_carea' id='block_1_6' title="bbox 60 2344 1626 4394">
    <p class='ocr_par' dir='ltr' id='par_1_7' title="bbox 60 2344 1626 4394">
     <span class='ocr_line' id='line_1_23' title="bbox 128 2344 1590 2433; baseline -0.003 -19"><span class='ocrx_word' id='word_1_240' title='bbox 128 2349 253 2428; x_wconf 87' lang='lat' dir='ltr'>,larum</span> <span class='ocrx_word' id='word_1_241' title='bbox 277 2350 446 2429; x_wconf 84' lang='lat' dir='ltr'>actionum,</span> <span class='ocrx_word' id='word_1_242' title='bbox 471 2350 586 2433; x_wconf 89' lang='lat' dir='ltr'>quibus</span> <span class='ocrx_word' id='word_1_243' title='bbox 610 2351 698 2415; x_wconf 85' lang='lat' dir='ltr'>velut</span> <span class='ocrx_word' id='word_1_244' title='bbox 722 2348 852 2414; x_wconf 89' lang='lat' dir='ltr'>comites</span> <span class='ocrx_word' id='word_1_245' title='bbox 877 2349 1111 2433; x_wconf 81' lang='lat' dir='ltr'>adjunguntur:</span> <span class='ocrx_word' id='word_1_246' title='bbox 1138 2344 1393 2428; x_wconf 88' lang='lat' dir='ltr'>quandoquidem</span> <span class='ocrx_word' id='word_1_247' title='bbox 1408 2345 1590 2410; x_wconf 89' lang='lat' dir='ltr'>nihilaliud</span> 
     </span>
     <span class='ocr_line' id='line_1_24' title="bbox 127 2434 1591 2524; baseline -0.002 -21"><span class='ocrx_word' id='word_1_248' title='bbox 127 2442 233 2518; x_wconf 90' lang='lat' dir='ltr'>,sunt,</span> <span class='ocrx_word' id='word_1_249' title='bbox 258 2459 355 2522; x_wconf 87' lang='lat' dir='ltr'>quam</span> <span class='ocrx_word' id='word_1_250' title='bbox 378 2437 548 2504; x_wconf 84' lang='lat' dir='ltr'>relationes</span> <span class='ocrx_word' id='word_1_251' title='bbox 560 2439 715 2524; x_wconf 87' lang='lat' dir='ltr'>quaedam</span> <span class='ocrx_word' id='word_1_252' title='bbox 728 2437 887 2503; x_wconf 83' lang='lat' dir='ltr'>inferioris</span> <span class='ocrx_word' id='word_1_253' title='bbox 903 2441 1007 2516; x_wconf 86' lang='lat' dir='ltr'>notae,</span> <span class='ocrx_word' id='word_1_254' title='bbox 1024 2435 1311 2500; x_wconf 67' lang='lat' dir='ltr'>&amp;arcamstaatiac</span> <span class='ocrx_word' id='word_1_255' title='bbox 1322 2434 1500 2500; x_wconf 87' lang='lat' dir='ltr'>actionibus</span> <span class='ocrx_word' id='word_1_256' title='bbox 1512 2434 1591 2518; x_wconf 87' lang='lat' dir='ltr'>ipsis</span> 
     </span>
     <span class='ocr_line' id='line_1_25' title="bbox 126 2521 1587 2611; baseline -0.004 -19"><span class='ocrx_word' id='word_1_257' title='bbox 126 2549 276 2611; x_wconf 87' lang='lat' dir='ltr'>,prorsus</span> <span class='ocrx_word' id='word_1_258' title='bbox 298 2527 494 2593; x_wconf 82' lang='lat' dir='ltr'>catriaoecac.</span> <span class='ocrx_word' id='word_1_259' title='bbox 518 2526 596 2592; x_wconf 90' lang='lat' dir='ltr'>Inde</span> <span class='ocrx_word' id='word_1_260' title='bbox 612 2549 675 2592; x_wconf 88' lang='lat' dir='ltr'>noa</span> <span class='ocrx_word' id='word_1_261' title='bbox 688 2527 755 2592; x_wconf 90' lang='lat' dir='ltr'>sine</span> <span class='ocrx_word' id='word_1_262' title='bbox 771 2525 1017 2610; x_wconf 85' lang='lat' dir='ltr'>amplificatione</span> <span class='ocrx_word' id='word_1_263' title='bbox 1029 2522 1149 2588; x_wconf 90' lang='lat' dir='ltr'>diducit</span> <span class='ocrx_word' id='word_1_264' title='bbox 1162 2521 1222 2586; x_wconf 90' lang='lat' dir='ltr'>hoc</span> <span class='ocrx_word' id='word_1_265' title='bbox 1236 2523 1386 2605; x_wconf 89' lang='lat' dir='ltr'>porisma,</span> <span class='ocrx_word' id='word_1_266' title='bbox 1399 2522 1474 2589; x_wconf 91' lang='lat' dir='ltr'>Non</span> <span class='ocrx_word' id='word_1_267' title='bbox 1486 2523 1587 2587; x_wconf 85' lang='lat' dir='ltr'>videri</span> 
     </span>
     <span class='ocr_line' id='line_1_26' title="bbox 60 2609 1586 2698; baseline -0.004 -16"><span class='ocrx_word' id='word_1_268' title='bbox 60 2647 67 2659; x_wconf 94' lang='lat'><strong>·</strong></span> <span class='ocrx_word' id='word_1_269' title='bbox 121 2614 242 2681; x_wconf 88' lang='lat' dir='ltr'>rationi</span> <span class='ocrx_word' id='word_1_270' title='bbox 253 2620 499 2682; x_wconf 87' lang='lat' dir='ltr'>consentaneum</span> <span class='ocrx_word' id='word_1_271' title='bbox 511 2638 569 2681; x_wconf 91' lang='lat' dir='ltr'>nos</span> <span class='ocrx_word' id='word_1_272' title='bbox 581 2616 849 2682; x_wconf 89' lang='lat' dir='ltr'>communicantes</span> <span class='ocrx_word' id='word_1_273' title='bbox 862 2615 1007 2698; x_wconf 85' lang='lat' dir='ltr'>exempla</span> <span class='ocrx_word' id='word_1_274' title='bbox 1020 2611 1141 2679; x_wconf 78' lang='lat' dir='ltr'>Christi</span> <span class='ocrx_word' id='word_1_275' title='bbox 1152 2610 1176 2676; x_wconf 78' lang='lat' dir='ltr'>dt</span> <span class='ocrx_word' id='word_1_276' title='bbox 1189 2609 1417 2694; x_wconf 82' lang='lat' dir='ltr'>Apostolorum</span> <span class='ocrx_word' id='word_1_277' title='bbox 1429 2611 1532 2697; x_wconf 85' lang='lat' dir='ltr'>magis</span> <span class='ocrx_word' id='word_1_278' title='bbox 1546 2613 1586 2676; x_wconf 90' lang='lat' dir='ltr'>ad</span> 
     </span>
     <span class='ocr_line' id='line_1_27' title="bbox 121 2699 1587 2790; baseline -0.005 -20"><span class='ocrx_word' id='word_1_279' title='bbox 121 2705 223 2770; x_wconf 86' lang='lat' dir='ltr'>situm</span> <span class='ocrx_word' id='word_1_280' title='bbox 245 2704 393 2790; x_wconf 81' lang='lat' dir='ltr'>obligari,</span> <span class='ocrx_word' id='word_1_281' title='bbox 417 2727 513 2790; x_wconf 89' lang='lat' dir='ltr'>quam</span> <span class='ocrx_word' id='word_1_282' title='bbox 536 2706 576 2770; x_wconf 87' lang='lat' dir='ltr'>ad</span> <span class='ocrx_word' id='word_1_283' title='bbox 596 2706 661 2786; x_wconf 89' lang='lat' dir='ltr'>ubi,</span> <span class='ocrx_word' id='word_1_284' title='bbox 674 2705 814 2790; x_wconf 88' lang='lat' dir='ltr'>privatas</span> <span class='ocrx_word' id='word_1_285' title='bbox 826 2703 893 2768; x_wconf 90' lang='lat' dir='ltr'>scil.</span> <span class='ocrx_word' id='word_1_286' title='bbox 907 2702 1000 2768; x_wconf 88' lang='lat' dir='ltr'>aedes</span> <span class='ocrx_word' id='word_1_287' title='bbox 1012 2706 1068 2767; x_wconf 91' lang='lat' dir='ltr'>aut</span> <span class='ocrx_word' id='word_1_288' title='bbox 1089 2699 1229 2775; x_wconf 67' lang='grc' dir='ltr'>ὑπερῷονς</span> <span class='ocrx_word' id='word_1_289' title='bbox 1248 2700 1287 2764; x_wconf 90' lang='lat' dir='ltr'>ad</span> <span class='ocrx_word' id='word_1_290' title='bbox 1299 2700 1436 2784; x_wconf 87' lang='lat' dir='ltr'>quando,</span> <span class='ocrx_word' id='word_1_291' title='bbox 1449 2699 1587 2784; x_wconf 90' lang='lat' dir='ltr'>primam</span> 
     </span>
     <span class='ocr_line' id='line_1_28' title="bbox 121 2788 1587 2879; baseline -0.005 -19"><span class='ocrx_word' id='word_1_292' title='bbox 121 2793 193 2860; x_wconf 84' lang='lat' dir='ltr'>scil.</span> <span class='ocrx_word' id='word_1_293' title='bbox 209 2796 345 2874; x_wconf 74' lang='lat' dir='ltr'>noctem,</span> <span class='ocrx_word' id='word_1_294' title='bbox 362 2795 384 2860; x_wconf 81' lang='lat' dir='ltr'>dt</span> <span class='ocrx_word' id='word_1_295' title='bbox 399 2797 472 2879; x_wconf 89' lang='lat' dir='ltr'>post</span> <span class='ocrx_word' id='word_1_296' title='bbox 483 2793 635 2873; x_wconf 66' lang='lat' dir='ltr'>Coenam</span> <span class='ocrx_word' id='word_1_297' title='bbox 648 2794 688 2858; x_wconf 87' lang='lat' dir='ltr'>ad</span> <span class='ocrx_word' id='word_1_298' title='bbox 700 2792 858 2873; x_wconf 91' lang='lat' dir='ltr'>habitum,</span> <span class='ocrx_word' id='word_1_299' title='bbox 871 2791 1012 2857; x_wconf 87' lang='lat' dir='ltr'>tunicam</span> <span class='ocrx_word' id='word_1_300' title='bbox 1024 2791 1091 2856; x_wconf 91' lang='lat' dir='ltr'>scil.</span> <span class='ocrx_word' id='word_1_301' title='bbox 1104 2789 1352 2869; x_wconf 64' lang='lat' dir='ltr'>inconsutilem,</span> <span class='ocrx_word' id='word_1_302' title='bbox 1365 2791 1429 2872; x_wconf 80' lang='lat' dir='ltr'>quet</span> <span class='ocrx_word' id='word_1_303' title='bbox 1441 2788 1587 2853; x_wconf 87' lang='lat' dir='ltr'>Christus</span> 
     </span>
     <span class='ocr_line' id='line_1_29' title="bbox 121 2876 1586 2966; baseline -0.006 -18"><span class='ocrx_word' id='word_1_304' title='bbox 121 2881 317 2948; x_wconf 89' lang='lat' dir='ltr'>distribuens</span> <span class='ocrx_word' id='word_1_305' title='bbox 341 2881 479 2948; x_wconf 90' lang='lat' dir='ltr'>Coenam</span> <span class='ocrx_word' id='word_1_306' title='bbox 501 2883 631 2948; x_wconf 89' lang='lat' dir='ltr'>indutus</span> <span class='ocrx_word' id='word_1_307' title='bbox 654 2885 732 2948; x_wconf 89' lang='lat' dir='ltr'>erat.</span> <span class='ocrx_word' id='word_1_308' title='bbox 758 2884 846 2966; x_wconf 79' lang='lat' dir='ltr'>lictp.</span> <span class='ocrx_word' id='word_1_309' title='bbox 867 2881 894 2944; x_wconf 88' lang='lat'>1.</span> <span class='ocrx_word' id='word_1_310' title='bbox 918 2880 988 2945; x_wconf 93' lang='lat' dir='ltr'>Hoc</span> <span class='ocrx_word' id='word_1_311' title='bbox 1003 2880 1051 2944; x_wconf 89' lang='lat' dir='ltr'>ita</span> <span class='ocrx_word' id='word_1_312' title='bbox 1061 2884 1239 2963; x_wconf 85' lang='lat' dir='ltr'>retorqueo</span> <span class='ocrx_word' id='word_1_313' title='bbox 1264 2876 1338 2942; x_wconf 89' lang='lat' dir='ltr'>Nou</span> <span class='ocrx_word' id='word_1_314' title='bbox 1351 2877 1450 2941; x_wconf 85' lang='lat' dir='ltr'>videri</span> <span class='ocrx_word' id='word_1_315' title='bbox 1462 2876 1586 2940; x_wconf 89' lang='lat' dir='ltr'>ratione</span> 
     </span>
     <span class='ocr_line' id='line_1_30' title="bbox 121 2964 1588 3057; baseline -0.006 -19"><span class='ocrx_word' id='word_1_316' title='bbox 121 2973 372 3038; x_wconf 86' lang='lat' dir='ltr'>consentaneum</span> <span class='ocrx_word' id='word_1_317' title='bbox 388 2971 564 3036; x_wconf 90' lang='lat' dir='ltr'>Ecclesiam</span> <span class='ocrx_word' id='word_1_318' title='bbox 575 2970 789 3057; x_wconf 85' lang='lat' dir='ltr'>Anglicanam</span> <span class='ocrx_word' id='word_1_319' title='bbox 800 2968 905 3056; x_wconf 83' lang='lat' dir='ltr'>magis</span> <span class='ocrx_word' id='word_1_320' title='bbox 918 2969 957 3034; x_wconf 88' lang='lat' dir='ltr'>ad</span> <span class='ocrx_word' id='word_1_321' title='bbox 970 2968 1263 3052; x_wconf 88' lang='lat' dir='ltr'>praedicamentum</span> <span class='ocrx_word' id='word_1_322' title='bbox 1274 2965 1363 3044; x_wconf 83' lang='lat' dir='ltr'>situs,</span> <span class='ocrx_word' id='word_1_323' title='bbox 1377 2964 1436 3030; x_wconf 92' lang='lat' dir='ltr'>hoc</span> <span class='ocrx_word' id='word_1_324' title='bbox 1449 2969 1498 3030; x_wconf 90' lang='lat' dir='ltr'>est</span> <span class='ocrx_word' id='word_1_325' title='bbox 1510 2965 1588 3029; x_wconf 92' lang='lat' dir='ltr'>reti·</span> 
     </span>
     <span class='ocr_line' id='line_1_31' title="bbox 122 3052 1589 3146; baseline -0.007 -20"><span class='ocrx_word' id='word_1_326' title='bbox 122 3060 260 3126; x_wconf 81' lang='lat' dir='ltr'>nondam</span> <span class='ocrx_word' id='word_1_327' title='bbox 284 3059 538 3146; x_wconf 80' lang='lat' dir='ltr'>genuflexionem</span> <span class='ocrx_word' id='word_1_328' title='bbox 554 3060 689 3126; x_wconf 88' lang='lat' dir='ltr'>saeculis</span> <span class='ocrx_word' id='word_1_329' title='bbox 701 3060 824 3144; x_wconf 91' lang='lat' dir='ltr'>aliquot</span> <span class='ocrx_word' id='word_1_330' title='bbox 835 3057 907 3125; x_wconf 90' lang='lat' dir='ltr'>istic</span> <span class='ocrx_word' id='word_1_331' title='bbox 922 3061 1027 3123; x_wconf 87' lang='lat' dir='ltr'>stante</span> <span class='ocrx_word' id='word_1_332' title='bbox 1040 3055 1207 3122; x_wconf 76' lang='lat' dir='ltr'>artolatrit</span> <span class='ocrx_word' id='word_1_333' title='bbox 1218 3053 1426 3132; x_wconf 88' lang='lat' dir='ltr'>obtinentem,</span> <span class='ocrx_word' id='word_1_334' title='bbox 1439 3075 1497 3138; x_wconf 88' lang='lat' dir='ltr'>per</span> <span class='ocrx_word' id='word_1_335' title='bbox 1508 3052 1589 3138; x_wconf 90' lang='lat' dir='ltr'>Epi·</span> 
     </span>
     <span class='ocr_line' id='line_1_32' title="bbox 121 3143 1587 3294; baseline -0.006 -78"><span class='ocrx_word' id='word_1_336' title='bbox 121 3171 236 3234; x_wconf 86' lang='lat' dir='ltr'>scopos</span> <span class='ocrx_word' id='word_1_337' title='bbox 253 3149 390 3235; x_wconf 81' lang='lat' dir='ltr'>obligari</span> <span class='ocrx_word' id='word_1_338' title='bbox 407 3149 539 3214; x_wconf 87' lang='lat' dir='ltr'>debere:</span> <span class='ocrx_word' id='word_1_339' title='bbox 553 3171 651 3235; x_wconf 85' lang='lat' dir='ltr'>quam</span> <span class='ocrx_word' id='word_1_340' title='bbox 664 3149 704 3214; x_wconf 85' lang='lat' dir='ltr'>ad</span> <span class='ocrx_word' id='word_1_341' title='bbox 719 3148 860 3214; x_wconf 83' lang='lat' dir='ltr'>tabitam</span> <span class='ocrx_word' id='word_1_342' title='bbox 873 3146 1080 3214; x_wconf 85' lang='lat' dir='ltr'>Saccrdotum</span> <span class='ocrx_word' id='word_1_343' title='bbox 1096 3143 1310 3216; x_wconf 69' lang='lat' dir='ltr'>missaticum</span> <span class='ocrx_word' id='word_1_344' title='bbox 1323 3145 1379 3206; x_wconf 92' lang='lat' dir='ltr'>aut</span> <span class='ocrx_word' id='word_1_345' title='bbox 1395 3143 1435 3205; x_wconf 92' lang='lat' dir='ltr'>ad</span> <span class='ocrx_word' id='word_1_346' title='bbox 1448 3143 1587 3294; x_wconf 52' lang='lat' dir='ltr'>pecario,</span> 
     </span>
     <span class='ocr_line' id='line_1_33' title="bbox 120 3231 1588 3322; baseline -0.005 -19"><span class='ocrx_word' id='word_1_347' title='bbox 120 3239 184 3304; x_wconf 89' lang='lat' dir='ltr'>hoo</span> <span class='ocrx_word' id='word_1_348' title='bbox 208 3241 267 3318; x_wconf 86' lang='lat' dir='ltr'>cst,</span> <span class='ocrx_word' id='word_1_349' title='bbox 291 3237 331 3303; x_wconf 85' lang='lat' dir='ltr'>ad</span> <span class='ocrx_word' id='word_1_350' title='bbox 355 3237 450 3303; x_wconf 89' lang='lat' dir='ltr'>horas</span> <span class='ocrx_word' id='word_1_351' title='bbox 473 3238 659 3317; x_wconf 87' lang='lat' dir='ltr'>matutinas,</span> <span class='ocrx_word' id='word_1_352' title='bbox 678 3237 793 3322; x_wconf 89' lang='lat' dir='ltr'>quibus</span> <span class='ocrx_word' id='word_1_353' title='bbox 806 3237 921 3303; x_wconf 86' lang='lat' dir='ltr'>missae</span> <span class='ocrx_word' id='word_1_354' title='bbox 937 3234 1091 3300; x_wconf 87' lang='lat' dir='ltr'>celebrari</span> <span class='ocrx_word' id='word_1_355' title='bbox 1106 3233 1238 3310; x_wconf 90' lang='lat' dir='ltr'>solitae;</span> <span class='ocrx_word' id='word_1_356' title='bbox 1256 3231 1363 3296; x_wconf 89' lang='lat' dir='ltr'>autad</span> <span class='ocrx_word' id='word_1_357' title='bbox 1376 3231 1441 3310; x_wconf 92' lang='lat' dir='ltr'>ubi,</span> <span class='ocrx_word' id='word_1_358' title='bbox 1477 3253 1514 3296; x_wconf 90' lang='lat' dir='ltr'>oc</span> <span class='ocrx_word' id='word_1_359' title='bbox 1529 3234 1588 3311; x_wconf 89' lang='lat' dir='ltr'>est,</span> 
     </span>
     <span class='ocr_line' id='line_1_34' title="bbox 121 3319 1588 3413; baseline -0.005 -21"><span class='ocrx_word' id='word_1_360' title='bbox 121 3328 163 3392; x_wconf 90' lang='lat' dir='ltr'>ad</span> <span class='ocrx_word' id='word_1_361' title='bbox 176 3325 320 3406; x_wconf 89' lang='lat' dir='ltr'>chorum,</span> <span class='ocrx_word' id='word_1_362' title='bbox 333 3326 373 3391; x_wconf 89' lang='lat' dir='ltr'>ad</span> <span class='ocrx_word' id='word_1_363' title='bbox 385 3327 510 3407; x_wconf 86' lang='lat' dir='ltr'>altaria,</span> <span class='ocrx_word' id='word_1_364' title='bbox 526 3326 566 3392; x_wconf 91' lang='lat' dir='ltr'>ad</span> <span class='ocrx_word' id='word_1_365' title='bbox 578 3328 722 3413; x_wconf 83' lang='lat' dir='ltr'>angulos,</span> <span class='ocrx_word' id='word_1_366' title='bbox 740 3327 780 3390; x_wconf 92' lang='lat' dir='ltr'>ad</span> <span class='ocrx_word' id='word_1_367' title='bbox 795 3327 912 3392; x_wconf 87' lang='lat' dir='ltr'>sacella</span> <span class='ocrx_word' id='word_1_368' title='bbox 923 3323 1111 3390; x_wconf 85' lang='lat' dir='ltr'>Sanctorum</span> <span class='ocrx_word' id='word_1_369' title='bbox 1124 3319 1267 3405; x_wconf 78' lang='lat' dir='ltr'>Templis</span> <span class='ocrx_word' id='word_1_370' title='bbox 1283 3320 1433 3406; x_wconf 78' lang='lat' dir='ltr'>contigua</span> <span class='ocrx_word' id='word_1_371' title='bbox 1446 3324 1502 3385; x_wconf 90' lang='lat' dir='ltr'>aut</span> <span class='ocrx_word' id='word_1_372' title='bbox 1513 3341 1588 3385; x_wconf 89' lang='lat' dir='ltr'>con-</span> 
     </span>
     <span class='ocr_line' id='line_1_35' title="bbox 120 3409 1588 3500; baseline -0.005 -19"><span class='ocrx_word' id='word_1_373' title='bbox 120 3417 217 3482; x_wconf 91' lang='lat' dir='ltr'>tinua</span> <span class='ocrx_word' id='word_1_374' title='bbox 236 3416 275 3479; x_wconf 90' lang='lat' dir='ltr'>ad</span> <span class='ocrx_word' id='word_1_375' title='bbox 291 3415 429 3500; x_wconf 90' lang='lat' dir='ltr'>capellas</span> <span class='ocrx_word' id='word_1_376' title='bbox 449 3416 625 3500; x_wconf 89' lang='lat' dir='ltr'>portatilcs,</span> <span class='ocrx_word' id='word_1_377' title='bbox 638 3417 671 3480; x_wconf 91' lang='lat' dir='ltr'>in</span> <span class='ocrx_word' id='word_1_378' title='bbox 687 3415 803 3500; x_wconf 86' lang='lat' dir='ltr'>quibus</span> <span class='ocrx_word' id='word_1_379' title='bbox 815 3415 931 3480; x_wconf 90' lang='lat' dir='ltr'>missae</span> <span class='ocrx_word' id='word_1_380' title='bbox 944 3413 1098 3478; x_wconf 89' lang='lat' dir='ltr'>celebrari</span> <span class='ocrx_word' id='word_1_381' title='bbox 1109 3411 1221 3476; x_wconf 88' lang='lat' dir='ltr'>solent.</span> <span class='ocrx_word' id='word_1_382' title='bbox 1247 3409 1432 3490; x_wconf 84' lang='lat' dir='ltr'>Addo,cum</span> <span class='ocrx_word' id='word_1_383' title='bbox 1444 3409 1588 3495; x_wconf 85' lang='lat' dir='ltr'>genufle-</span> 
     </span>
     <span class='ocr_line' id='line_1_36' title="bbox 121 3498 1589 3587; baseline -0.005 -18"><span class='ocrx_word' id='word_1_384' title='bbox 121 3505 176 3570; x_wconf 88' lang='lat' dir='ltr'>xio</span> <span class='ocrx_word' id='word_1_385' title='bbox 202 3527 257 3570; x_wconf 86' lang='lat' dir='ltr'>aeu</span> <span class='ocrx_word' id='word_1_386' title='bbox 281 3504 361 3568; x_wconf 89' lang='lat' dir='ltr'>situs</span> <span class='ocrx_word' id='word_1_387' title='bbox 384 3527 449 3569; x_wconf 92' lang='lat' dir='ltr'>non</span> <span class='ocrx_word' id='word_1_388' title='bbox 461 3505 603 3583; x_wconf 83' lang='lat' dir='ltr'>situatio,</span> <span class='ocrx_word' id='word_1_389' title='bbox 617 3506 670 3571; x_wconf 82' lang='lat' dir='ltr'>seat</span> <span class='ocrx_word' id='word_1_390' title='bbox 682 3515 807 3571; x_wconf 79' lang='lat' dir='ltr'>tantum</span> <span class='ocrx_word' id='word_1_391' title='bbox 818 3505 926 3570; x_wconf 84' lang='lat' dir='ltr'>relatio</span> <span class='ocrx_word' id='word_1_392' title='bbox 943 3503 1103 3587; x_wconf 80' lang='lat' dir='ltr'>inser-ioris</span> <span class='ocrx_word' id='word_1_393' title='bbox 1116 3511 1215 3579; x_wconf 86' lang='lat' dir='ltr'>actae,</span> <span class='ocrx_word' id='word_1_394' title='bbox 1228 3499 1362 3564; x_wconf 83' lang='lat' dir='ltr'>actiones</span> <span class='ocrx_word' id='word_1_395' title='bbox 1374 3519 1472 3562; x_wconf 81' lang='lat' dir='ltr'>comcs</span> <span class='ocrx_word' id='word_1_396' title='bbox 1484 3498 1589 3583; x_wconf 83' lang='lat' dir='ltr'>(juxta</span> 
     </span>
     <span class='ocr_line' id='line_1_37' title="bbox 121 3585 1589 3678; baseline -0.004 -21"><span class='ocrx_word' id='word_1_397' title='bbox 121 3591 365 3678; x_wconf 86' lang='lat' dir='ltr'>Philosophiam</span> <span class='ocrx_word' id='word_1_398' title='bbox 392 3592 614 3678; x_wconf 83' lang='lat' dir='ltr'>Opponentis),</span> <span class='ocrx_word' id='word_1_399' title='bbox 638 3616 694 3658; x_wconf 92' lang='lat' dir='ltr'>cur</span> <span class='ocrx_word' id='word_1_400' title='bbox 712 3593 815 3678; x_wconf 82' lang='lat' dir='ltr'>magis</span> <span class='ocrx_word' id='word_1_401' title='bbox 829 3615 900 3657; x_wconf 89' lang='lat' dir='ltr'>eam</span> <span class='ocrx_word' id='word_1_402' title='bbox 916 3585 1589 3676; x_wconf 82' lang='lat' dir='ltr'>exPapaturetiueri,&amp;Ministrosvolentes</span> 
     </span>
     <span class='ocr_line' id='line_1_38' title="bbox 121 3673 1626 3769; baseline -0.005 -23"><span class='ocrx_word' id='word_1_403' title='bbox 121 3682 268 3760; x_wconf 84' lang='lat' dir='ltr'>polentes</span> <span class='ocrx_word' id='word_1_404' title='bbox 277 3681 454 3766; x_wconf 73' lang='lat' dir='ltr'>justissime</span> <span class='ocrx_word' id='word_1_405' title='bbox 467 3682 557 3768; x_wconf 85' lang='lat' dir='ltr'>[pag.</span> <span class='ocrx_word' id='word_1_406' title='bbox 574 3683 656 3769; x_wconf 85' lang='lat'>817]</span> <span class='ocrx_word' id='word_1_407' title='bbox 669 3682 708 3746; x_wconf 88' lang='lat' dir='ltr'>ad</span> <span class='ocrx_word' id='word_1_408' title='bbox 721 3705 789 3747; x_wconf 92' lang='lat' dir='ltr'>eam</span> <span class='ocrx_word' id='word_1_409' title='bbox 804 3681 948 3768; x_wconf 85' lang='lat' dir='ltr'>obligare</span> <span class='ocrx_word' id='word_1_410' title='bbox 961 3679 1118 3766; x_wconf 89' lang='lat' dir='ltr'>(terminis</span> <span class='ocrx_word' id='word_1_411' title='bbox 1130 3678 1182 3742; x_wconf 92' lang='lat' dir='ltr'>his</span> <span class='ocrx_word' id='word_1_412' title='bbox 1194 3675 1296 3741; x_wconf 88' lang='lat' dir='ltr'>utitur</span> <span class='ocrx_word' id='word_1_413' title='bbox 1309 3673 1467 3740; x_wconf 86' lang='lat' dir='ltr'>eruditiss.</span> <span class='ocrx_word' id='word_1_414' title='bbox 1484 3674 1588 3740; x_wconf 85' lang='lat' dir='ltr'>Dave-</span> <span class='ocrx_word' id='word_1_415' title='bbox 1618 3751 1626 3766; x_wconf 34' lang='lat'>⁸</span> 
     </span>
     <span class='ocr_line' id='line_1_39' title="bbox 121 3763 1588 3857; baseline -0.006 -21"><span class='ocrx_word' id='word_1_416' title='bbox 121 3771 259 3836; x_wconf 67' lang='lat' dir='ltr'>nauticas</span> <span class='ocrx_word' id='word_1_417' title='bbox 278 3771 311 3835; x_wconf 86' lang='lat' dir='ltr'>ia</span> <span class='ocrx_word' id='word_1_418' title='bbox 333 3771 653 3838; x_wconf 81' lang='lat' dir='ltr'>Determiaatioaibaa</span> <span class='ocrx_word' id='word_1_419' title='bbox 669 3771 895 3857; x_wconf 74' lang='lat' dir='ltr'>qaaestionem,</span> <span class='ocrx_word' id='word_1_420' title='bbox 913 3770 978 3853; x_wconf 79' lang='lat' dir='ltr'>tc.)</span> <span class='ocrx_word' id='word_1_421' title='bbox 992 3769 1170 3846; x_wconf 88' lang='lat' dir='ltr'>voluerunt,</span> <span class='ocrx_word' id='word_1_422' title='bbox 1183 3786 1278 3850; x_wconf 91' lang='lat' dir='ltr'>quam</span> <span class='ocrx_word' id='word_1_423' title='bbox 1292 3763 1331 3828; x_wconf 88' lang='lat' dir='ltr'>ud</span> <span class='ocrx_word' id='word_1_424' title='bbox 1341 3763 1437 3847; x_wconf 84' lang='lat' dir='ltr'>paais</span> <span class='ocrx_word' id='word_1_425' title='bbox 1448 3763 1588 3828; x_wconf 87' lang='lat' dir='ltr'>clevatio-</span> 
     </span>
     <span class='ocr_line' id='line_1_40' title="bbox 120 3851 1588 3945; baseline -0.005 -19"><span class='ocrx_word' id='word_1_426' title='bbox 120 3881 207 3939; x_wconf 67' lang='grc' dir='ltr'><em>πεπυ,</em></span> <span class='ocrx_word' id='word_1_427' title='bbox 232 3860 434 3944; x_wconf 86' lang='lat' dir='ltr'>ejusdemque</span> <span class='ocrx_word' id='word_1_428' title='bbox 458 3859 490 3924; x_wconf 92' lang='lat' dir='ltr'>in</span> <span class='ocrx_word' id='word_1_429' title='bbox 514 3859 767 3944; x_wconf 89' lang='lat' dir='ltr'>processionibus</span> <span class='ocrx_word' id='word_1_430' title='bbox 790 3859 1124 3945; x_wconf 75' lang='lat' dir='ltr'>circarapeototioaem:</span> <span class='ocrx_word' id='word_1_431' title='bbox 1148 3876 1229 3940; x_wconf 89' lang='lat' dir='ltr'>quae</span> <span class='ocrx_word' id='word_1_432' title='bbox 1252 3873 1315 3916; x_wconf 91' lang='lat' dir='ltr'>nou</span> <span class='ocrx_word' id='word_1_433' title='bbox 1335 3855 1410 3916; x_wconf 87' lang='lat' dir='ltr'>sunt</span> <span class='ocrx_word' id='word_1_434' title='bbox 1425 3851 1588 3918; x_wconf 77' lang='lat' dir='ltr'>relationes</span> 
     </span>
     <span class='ocr_line' id='line_1_41' title="bbox 120 3940 1587 4034; baseline -0.006 -19"><span class='ocrx_word' id='word_1_435' title='bbox 120 3949 286 4034; x_wconf 69' lang='lat' dir='ltr'>inferioris</span> <span class='ocrx_word' id='word_1_436' title='bbox 298 3961 398 4029; x_wconf 74' lang='lat' dir='ltr'>rectae,</span> <span class='ocrx_word' id='word_1_437' title='bbox 410 3971 468 4014; x_wconf 89' lang='lat' dir='ltr'>nec</span> <span class='ocrx_word' id='word_1_438' title='bbox 480 3971 536 4034; x_wconf 88' lang='lat' dir='ltr'>per</span> <span class='ocrx_word' id='word_1_439' title='bbox 550 3972 583 4014; x_wconf 89' lang='lat' dir='ltr'>se</span> <span class='ocrx_word' id='word_1_440' title='bbox 597 3949 620 4014; x_wconf 78' lang='lat' dir='ltr'>b</span> <span class='ocrx_word' id='word_1_441' title='bbox 633 3949 750 4014; x_wconf 72' lang='lat' dir='ltr'>directe</span> <span class='ocrx_word' id='word_1_442' title='bbox 761 3947 794 4012; x_wconf 94' lang='lat' dir='ltr'>in</span> <span class='ocrx_word' id='word_1_443' title='bbox 810 3948 968 4013; x_wconf 89' lang='lat' dir='ltr'>minorum</span> <span class='ocrx_word' id='word_1_444' title='bbox 982 3945 1132 4012; x_wconf 81' lang='lat' dir='ltr'>Gentium</span> <span class='ocrx_word' id='word_1_445' title='bbox 1144 3940 1407 4028; x_wconf 79' lang='lat' dir='ltr'>praedicamentis</span> <span class='ocrx_word' id='word_1_446' title='bbox 1418 3963 1483 4005; x_wconf 93' lang='lat' dir='ltr'>non</span> <span class='ocrx_word' id='word_1_447' title='bbox 1494 3945 1587 4025; x_wconf 77' lang='lat' dir='ltr'>prae·</span> 
     </span>
     <span class='ocr_line' id='line_1_42' title="bbox 121 4029 1588 4122; baseline -0.005 -18"><span class='ocrx_word' id='word_1_448' title='bbox 121 4037 322 4116; x_wconf 90' lang='lat' dir='ltr'>dicamentis,</span> <span class='ocrx_word' id='word_1_449' title='bbox 336 4037 434 4102; x_wconf 89' lang='lat' dir='ltr'>sedin</span> <span class='ocrx_word' id='word_1_450' title='bbox 447 4038 702 4122; x_wconf 86' lang='lat' dir='ltr'>praedicamento</span> <span class='ocrx_word' id='word_1_451' title='bbox 714 4037 847 4102; x_wconf 89' lang='lat' dir='ltr'>actionis</span> <span class='ocrx_word' id='word_1_452' title='bbox 860 4036 1078 4102; x_wconf 86' lang='lat' dir='ltr'>collocantur?</span> <span class='ocrx_word' id='word_1_453' title='bbox 1095 4033 1158 4098; x_wconf 88' lang='lat' dir='ltr'>Cur</span> <span class='ocrx_word' id='word_1_454' title='bbox 1170 4032 1209 4097; x_wconf 90' lang='lat' dir='ltr'>ad</span> <span class='ocrx_word' id='word_1_455' title='bbox 1222 4029 1280 4094; x_wconf 89' lang='lat' dir='ltr'>has</span> <span class='ocrx_word' id='word_1_456' title='bbox 1293 4029 1436 4113; x_wconf 88' lang='lat' dir='ltr'>aliasque</span> <span class='ocrx_word' id='word_1_457' title='bbox 1447 4030 1588 4096; x_wconf 83' lang='lat' dir='ltr'>actiones</span> 
     </span>
     <span class='ocr_line' id='line_1_43' title="bbox 119 4117 1589 4211; baseline -0.008 -17"><span class='ocrx_word' id='word_1_458' title='bbox 119 4129 146 4194; x_wconf 79' lang='lat' dir='ltr'>a</span> <span class='ocrx_word' id='word_1_459' title='bbox 170 4126 364 4191; x_wconf 86' lang='lat' dir='ltr'>ceremonias</span> <span class='ocrx_word' id='word_1_460' title='bbox 388 4129 437 4191; x_wconf 91' lang='lat' dir='ltr'>tot</span> <span class='ocrx_word' id='word_1_461' title='bbox 448 4127 583 4192; x_wconf 86' lang='lat' dir='ltr'>saeculis</span> <span class='ocrx_word' id='word_1_462' title='bbox 595 4127 628 4191; x_wconf 92' lang='lat' dir='ltr'>in</span> <span class='ocrx_word' id='word_1_463' title='bbox 641 4125 784 4192; x_wconf 74' lang='lat' dir='ltr'>Ecclesia</span> <span class='ocrx_word' id='word_1_464' title='bbox 796 4124 975 4211; x_wconf 78' lang='lat' dir='ltr'>Anglicana</span> <span class='ocrx_word' id='word_1_465' title='bbox 991 4123 1126 4188; x_wconf 87' lang='lat' dir='ltr'>usitatas</span> <span class='ocrx_word' id='word_1_466' title='bbox 1138 4141 1238 4206; x_wconf 87' lang='lat' dir='ltr'>aeque</span> <span class='ocrx_word' id='word_1_467' title='bbox 1251 4121 1307 4184; x_wconf 91' lang='lat' dir='ltr'>aut</span> <span class='ocrx_word' id='word_1_468' title='bbox 1318 4118 1423 4205; x_wconf 77' lang='lat' dir='ltr'>magis</span> <span class='ocrx_word' id='word_1_469' title='bbox 1436 4140 1499 4183; x_wconf 92' lang='lat' dir='ltr'>non</span> <span class='ocrx_word' id='word_1_470' title='bbox 1511 4117 1589 4183; x_wconf 90' lang='lat' dir='ltr'>obli·</span> 
     </span>
     <span class='ocr_line' id='line_1_44' title="bbox 119 4206 1587 4303; baseline -0.007 -22"><span class='ocrx_word' id='word_1_471' title='bbox 119 4218 253 4303; x_wconf 74' lang='lat' dir='ltr'>garant,</span> <span class='ocrx_word' id='word_1_472' title='bbox 269 4236 365 4299; x_wconf 87' lang='lat' dir='ltr'>quam</span> <span class='ocrx_word' id='word_1_473' title='bbox 381 4216 422 4280; x_wconf 94' lang='lat' dir='ltr'>ad</span> <span class='ocrx_word' id='word_1_474' title='bbox 432 4215 711 4303; x_wconf 82' lang='lat' dir='ltr'>genuflexionem?</span> <span class='ocrx_word' id='word_1_475' title='bbox 735 4213 962 4298; x_wconf 83' lang='lat' dir='ltr'>Quamcunque</span> <span class='ocrx_word' id='word_1_476' title='bbox 974 4212 1130 4276; x_wconf 90' lang='lat' dir='ltr'>rationem</span> <span class='ocrx_word' id='word_1_477' title='bbox 1143 4210 1196 4275; x_wconf 89' lang='lat' dir='ltr'>hic</span> <span class='ocrx_word' id='word_1_478' title='bbox 1211 4206 1360 4286; x_wconf 82' lang='lat' dir='ltr'>dixerint,</span> <span class='ocrx_word' id='word_1_479' title='bbox 1371 4207 1587 4294; x_wconf 82' lang='lat' dir='ltr'>genuflexioni</span> 
     </span>
     <span class='ocr_line' id='line_1_45' title="bbox 120 4294 1586 4394; baseline -0.009 -23"><span class='ocrx_word' id='word_1_480' title='bbox 120 4327 188 4371; x_wconf 90' lang='lat' dir='ltr'>uon</span> <span class='ocrx_word' id='word_1_481' title='bbox 207 4303 323 4385; x_wconf 89' lang='lat' dir='ltr'>miuus,</span> <span class='ocrx_word' id='word_1_482' title='bbox 336 4305 391 4370; x_wconf 87' lang='lat' dir='ltr'>sed</span> <span class='ocrx_word' id='word_1_483' title='bbox 403 4305 504 4370; x_wconf 80' lang='lat' dir='ltr'>multo</span> <span class='ocrx_word' id='word_1_484' title='bbox 520 4305 623 4391; x_wconf 78' lang='lat' dir='ltr'>magis</span> <span class='ocrx_word' id='word_1_485' title='bbox 635 4302 740 4388; x_wconf 87' lang='lat' dir='ltr'>aptari</span> <span class='ocrx_word' id='word_1_486' title='bbox 756 4303 884 4388; x_wconf 89' lang='lat' dir='ltr'>poterit.</span> <span class='ocrx_word' id='word_1_487' title='bbox 907 4301 994 4366; x_wconf 86' lang='lat' dir='ltr'>Audi</span> <span class='ocrx_word' id='word_1_488' title='bbox 1006 4301 1098 4366; x_wconf 89' lang='lat' dir='ltr'>modo</span> <span class='ocrx_word' id='word_1_489' title='bbox 1110 4294 1515 4394; x_wconf 42' lang='lat' dir='ltr'>Liturgiam‘ringlicanam</span> <span class='ocrx_word' id='word_1_490' title='bbox 1527 4295 1586 4359; x_wconf 87' lang='lat' dir='ltr'>sub</span> 
     </span>
    </p>
   </div>
   <div class='ocr_carea' id='block_1_7' title="bbox 120 4389 1588 4553">
    <p class='ocr_par' dir='ltr' id='par_1_8' title="bbox 120 4389 1588 4553">
     <span class='ocr_line' id='line_1_46' title="bbox 120 4389 1539 4541; baseline -0.006 -81"><span class='ocrx_word' id='word_1_491' title='bbox 120 4392 215 4480; x_wconf 80' lang='lat' dir='ltr'>Rege</span> <span class='ocrx_word' id='word_1_492' title='bbox 227 4391 376 4460; x_wconf 83' lang='lat' dir='ltr'>Eduardo</span> <span class='ocrx_word' id='word_1_493' title='bbox 388 4392 445 4459; x_wconf 90' lang='lat' dir='ltr'>VI.</span> <span class='ocrx_word' id='word_1_494' title='bbox 463 4394 503 4458; x_wconf 93' lang='lat' dir='ltr'>ab</span> <span class='ocrx_word' id='word_1_495' title='bbox 519 4392 626 4460; x_wconf 82' lang='lat' dir='ltr'>Aleaio</span> <span class='ocrx_word' id='word_1_496' title='bbox 639 4393 672 4460; x_wconf 91' lang='lat' dir='ltr'>in</span> <span class='ocrx_word' id='word_1_497' title='bbox 684 4391 835 4460; x_wconf 86' lang='lat' dir='ltr'>Latinum</span> <span class='ocrx_word' id='word_1_498' title='bbox 847 4391 1026 4458; x_wconf 86' lang='lat' dir='ltr'>traductam</span> <span class='ocrx_word' id='word_1_499' title='bbox 1038 4409 1110 4478; x_wconf 77' lang='lat' dir='ltr'>pap.</span> <span class='ocrx_word' id='word_1_500' title='bbox 1128 4389 1180 4452; x_wconf 91' lang='grc'>41.</span> <span class='ocrx_word' id='word_1_501' title='bbox 1193 4408 1224 4455; x_wconf 86' lang='lat' dir='ltr'>a.</span> <span class='ocrx_word' id='word_1_502' title='bbox 1505 4473 1539 4541; x_wconf 78' lang='lat' dir='ltr'><em>H</em></span> 
     </span>
     <span class='ocr_line' id='line_1_47' title="bbox 1487 4493 1588 4553; baseline 0 -14"><span class='ocrx_word' id='word_1_503' title='bbox 1487 4521 1499 4553; x_wconf 87' lang='lat'>,</span> <span class='ocrx_word' id='word_1_504' title='bbox 1536 4493 1588 4540; x_wconf 85' lang='lat' dir='ltr'>uec</span> 
     </span>
    </p>
   </div>
   <div class='ocr_carea' id='block_1_8' title="bbox 0 0 1880 4858">
    <p class='ocr_par' dir='ltr' id='par_1_9' title="bbox 0 0 1880 4858">
     <span class='ocr_line' id='line_1_48' title="bbox 0 0 1880 4858; baseline 0 1"><span class='ocrx_word' id='word_1_505' title='bbox 0 0 1880 4858; x_wconf 95' lang='lat' dir='ltr'> </span> 
     </span>
    </p>
   </div>
  </div>
 </body>
</html>
