3732 4840
266 327 423 394 Taacr.
461 327 487 406 I,
523 326 581 392 Da
616 325 840 392 Ecczzsrr
873 324 1132 392 lnsrrrurl.
1169 324 1263 394 Gar.
1299 323 1340 391 V.
1499 327 1542 392 69

80 519 299 590 &spartariae
312 514 346 579 in
359 515 521 580 exercitiis
533 515 713 582 domesticis
730 513 999 590 cpmnu'ttendam.
1013 512 1543 600 Danaeusloc.cit.scribit:Hnj1n
1603 529 1614 565 ⁸

70 606 160 670 'uerbi
176 593 199 668 ri
223 606 291 671 Deo
308 605 434 670 reserari
452 602 599 669 Minister
610 599 675 671 etot
688 606 830 670 Adatnus
841 604 950 669 naon:
961 625 998 668 cc
1006 597 1140 689 prolaeta
1151 605 1260 670 caeteri
1271 625 1374 670 naeres
1386 605 1542 690 fannion,

83 693 110 762 e
126 695 240 760 rnerin'
257 696 327 759 ann
346 694 507 772 urentur,
521 692 552 759 a·
561 708 705 779 parentes
721 694 824 760 liberis
837 693 975 758 IIinistri
989 691 1020 758 a
1034 694 1269 760 Goneiormtorea
1282 693 1372 780 [pag.
1388 693 1445 780 79]
1459 695 1543 778 0]οε-

84 785 147 849 dein
175 783 240 850 Dei
262 783 347 848 serbi
367 795 458 848 nant
471 784 576 868 futuri
586 785 690 850 eodem
706 783 797 848 inodo
808 780 863 848 ee.
875 781 919 847 Et
931 783 1122 867 paulopost:
1136 784 1278 868 Denique
1289 783 1377 848 locus
1393 784 1543 850 Ecclesiae

83 875 146 958 suit,
163 871 197 938 a·
208 874 341 958 suturae
352 873 478 959 quietern
494 873 594 956 ipsius
606 875 666 940 Dei
676 895 748 939 curn
759 872 880 938 Adoreo
892 873 916 937 b
924 873 1056 956 pectens
1067 875 1134 956 ejna
1149 872 1358 939 collocutionis
1369 872 1479 940 Iwrtns
1492 875 1542 940 bc.

82 965 216 1029 ferretne
242 974 350 1028 entem
370 973 540 1046 parentum
562 984 634 1028 cnm
662 963 774 1041 liberis,
798 960 829 1028 d·
847 961 1036 1027 mardorum
1051 982 1122 1028 enm
1134 961 1295 1041 moribus,
1311 962 1349 1028 de
1363 962 1469 1028 eodem
1485 964 1545 1029 Ilei
1667 999 1677 1045 .·

84 1051 163 1116 mdo
187 1052 494 1130 communicationis,
512 1053 596 1118 Iocus
621 1053 684 1137 snit
707 1064 819 1118 nentno
841 1052 1040 1130 eonvnscIio,
1065 1051 1326 1138 donnaticnnrqne
1341 1053 1541 1118 consortium.

82 1139 162 1206 llaec
174 1141 279 1205 statui
291 1140 487 1226 integritatis
500 1142 665 1206 convenire
676 1163 739 1206 non
751 1161 904 1226 negamus
915 1164 922 1218 ;
935 1139 1011 1225 quia
1022 1139 1250 1225 impedimenta
1262 1141 1355 1205 modo
1368 1143 1545 1208 memorata

81 1237 147 1295 tnnc
171 1229 366 1296 abfuissent.
382 1227 445 1295 Sed
459 1233 532 1314 post
544 1230 724 1316 ingressum
735 1235 910 1315 peccatum,
924 1230 1019 1315 longe
1034 1229 1129 1294 aliter
1140 1228 1220 1294 haec
1233 1252 1266 1294 se
1279 1229 1474 1296 habuerunt:
1491 1253 1544 1297 eo·

80 1341 135 1404 qne
146 1319 273 1384 factum
286 1323 324 1382 ut
334 1318 549 1384 Ecclesiarum
561 1319 782 1386 institutarum
795 1319 1046 1404 particularium,
1059 1310 1344 1386 &ministeriorum
1357 1341 1394 1384 ac
1406 1320 1543 1386 vocatio-

28 1458 32 1472 .
81 1431 150 1474 num
170 1409 237 1474 alia
253 1407 354 1474 fuerit
365 1407 457 1488 ratio,
473 1430 537 1473 non
552 1409 657 1474 minus
669 1431 705 1474 ac
716 1409 821 1474 cultus
832 1407 988 1488 instituti3
1002 1410 1025 1474 dt
1038 1411 1265 1491 consequenter
1276 1408 1310 1472 in
1322 1409 1480 1474 exercitiis
1492 1432 1543 1476 so·

81 1497 131 1562 riis
143 1520 201 1582 per
213 1497 356 1567 familias
369 1497 581 1576 observandis,
594 1521 658 1562 non
670 1521 794 1585 semper
805 1497 917 1564 Patres
929 1501 985 1563 aut
996 1496 1117 1578 Mariti,
1130 1498 1184 1562 sed
1195 1519 1423 1582 nonmmquam
1438 1498 1541 1564 idonei

80 1588 179 1676 magis
203 1587 237 1652 in
265 1587 324 1651 illa
350 1586 472 1651 familia
500 1586 652 1662 incineret
670 1587 878 1672 hacinparte
890 1587 1133 1652 constituantur.
1146 1587 1196 1652 Ex
1207 1587 1268 1652 hac
1281 1587 1543 1654 determinatione

81 1681 175 1760 patet,
195 1676 276 1760 quid
288 1675 540 1760 respondendum
557 1677 596 1742 ad
608 1681 793 1760 sequentem
809 1677 1037 1761 quaestionem.
1056 1715 1096 1724 -
1113 1675 1188 1743 XII.
1209 1675 1332 1756 Qnaert
1345 1676 1397 1741 An
1412 1701 1469 1763 per
1480 1676 1544 1742 Pa·

80 1771 140 1832 tres
162 1771 221 1831 aut
232 1764 356 1850 Matres
368 1763 518 1842 familias,
532 1770 588 1829 aut
598 1787 656 1850 per
671 1765 852 1832 Praefectos
868 1765 1050 1850 &Ephorcs
1063 1765 1278 1851 orphanorum
1288 1767 1323 1831 in
1333 1767 1543 1851 orphanotro·
1676 1809 1684 1832 .

80 1854 183 1939 pheio,
196 1855 276 1940 eligi
293 1854 484 1938 &postulari
507 1855 630 1939 possint
653 1878 692 1920 ex
706 1855 796 1921 verbi
808 1854 976 1936 Ministris,
990 1861 1046 1921 aut
1057 1860 1260 1941 aegrotorum
1276 1853 1543 1937 consolatoribus,

80 1949 132 2008 aut
154 1940 327 2012 ministerii
351 1942 544 2022 Candidatis,
570 1949 626 2009 aut
652 1943 906 2031 Ludimagistris,
935 1949 991 2010 aut
1014 1946 1257 2030 quibuscunque
1272 1943 1344 2010 aliis
1356 1946 1419 2030 piis
1432 1945 1544 2011 adhoc

80 2033 209 2110 idoneis,
225 2032 282 2116 qui
295 2031 382 2097 domi
393 2055 469 2098 suae
482 2036 538 2098 aut
549 2033 583 2098 in
595 2034 896 2119 orphanotropheic,
908 2057 981 2100 suos
996 2034 1030 2098 in
1046 2034 1211 2100 elementis
1223 2034 1386 2120 religionis
1402 2038 1424 2102 It
1440 2035 1542 2120 pieta·

81 2122 119 2188 tis
140 2121 331 2188 instituant:
356 2121 477 2206 absque
501 2117 568 2187 ullo
590 2123 831 2189 Ecclesiastioae
846 2124 1014 2208 potestatis
1026 2123 1229 2209 praejudicio,
1241 2125 1309 2188 ulla
1323 2122 1459 2204 εὐταξίας
1469 2147 1542 2209 per-

81 2211 261 2276 turbatione
272 2213 288 2275 1
301 2212 391 2295 desp.
404 2210 542 2286 Quidni?
558 2210 637 2276 Cum
650 2213 734 2278 enim
747 2213 864 2297 triplex
873 2213 1089 2293 catechizatio,
1099 2213 1272 2278 domestica
1280 2235 1333 2289 sc,
1343 2213 1543 2294 scholastica,

79 2299 303 2366 Ecclesiastico
327 2323 366 2365 ex
389 2301 471 2365 Aetia
497 2300 616 2388 Synodi
633 2303 1303 2370 1110ιὶ00011011001000000000.1619.0000.
1323 2302 1373 2368 17.
1390 2303 1566 2405 apudnos.

81 2391 364 2475 praesupponatur,
387 2389 498 2473 utique
512 2390 641 2475 'absque
664 2389 751 2456 omni
775 2392 878 2476 specie
895 2391 1130 2477 praejudicandi
1148 2392 1314 2479 'regiminis
1326 2391 1542 2458 Ecclesiastici

82 2481 194 2564 cuique
217 2477 308 2543 Patri
332 2481 388 2543 aut
410 2476 508 2543 Matri
523 2479 674 2561 familias,
691 2481 815 2546 licitum
831 2486 889 2560 est,
903 2481 1055 2546 asciscere
1071 2482 1211 2566 aliquem
1225 2482 1291 2546 sive
1302 2481 1463 2567 privatum
1475 2482 1542 2548 sive

82 2569 113 2632 in
137 2567 268 2653 publico
285 2588 417 2632 munere
429 2568 647 2650 constitutum,
663 2571 718 2655 qui
728 2571 811 2654 uices
823 2570 966 2655 ipsorum
977 2571 1090 2636 subeat
1101 2571 1135 2636 in
1147 2570 1278 2637 rudibus
1290 2571 1441 2656 privatim
1457 2576 1542 2638 cate-

81 2656 250 2734 chizandis,
274 2657 308 2721 in
320 2657 495 2722 formandis
511 2659 759 2744 &concipiendis
771 2660 928 2744 precibus.
944 2658 1092 2725 Dilatum
1104 2661 1199 2725 nimis
1212 2664 1270 2738 est,
1287 2661 1371 2745 quod
1386 2661 1426 2725 ab
1442 2660 1542 2746 impe·

82 2747 149 2812 ritis
172 2747 195 2814 It
218 2745 435 2824 contentiosis,
448 2747 502 2830 qui
515 2745 576 2832 ipsi
589 2748 670 2815 nihil
684 2749 841 2834 praeclari
856 2762 951 2836 agere
964 2750 1075 2815 volunt
1090 2753 1147 2815 ant
1161 2754 1305 2835 possunt,
1319 2753 1341 2818 b
1353 2750 1432 2815 alios
1445 2771 1540 2836 agere

82 2859 140 2900 non
157 2836 276 2914 sinunt,
290 2835 449 2920 objectum
459 2836 600 2916 memini,
613 2838 831 2923 praejudicare
842 2839 921 2906 haec
933 2839 1083 2904 exercitia
1098 2840 1270 2904 domestica
1283 2842 1305 2907 b
1317 2839 1402 2904 socia
1413 2839 1541 2919 unitati,

83 2925 197 3004 unioni,
220 2924 392 2989 directirac
414 2927 566 3008 potestati
577 2926 740 2992 Ecclesiae
752 2931 808 2992 aut
819 2926 966 3014 Syuedrii
978 2928 1210 2994 Ecclesiastici:
1224 2927 1322 3005 Quasi
1334 2928 1541 2994 domesticum

82 3038 134 3081 seu
156 3013 394 3079 oeconomicum
417 3014 559 3098 regimen
582 3016 789 3097 familiarum,
813 3039 869 3100 per
893 3040 926 3082 se
946 3018 1178 3102 praejudicaret
1189 3018 1341 3102 potestati
1357 3017 1542 3103 &regimini

82 3101 291 3190 Magistratus
313 3102 426 3181 urbici,
450 3099 588 3188 Regum,
602 3104 797 3190 Principum.
810 3105 931 3173 Eadem
942 3107 1167 3191 consequentia
1182 3106 1344 3192 prohiberi
1355 3110 1462 3192 posset
1473 3130 1541 3172 om·

82 3193 127 3258 nis
149 3191 280 3258 collatio
306 3193 345 3257 de
368 3192 524 3276 scriptura
538 3195 560 3260 b
572 3194 666 3260 rebus
678 3195 785 3272 sacris,
799 3196 883 3260 inter
894 3196 971 3261 duos
984 3200 1087 3262 tresve
1101 3197 1195 3276 domi,
1209 3199 1265 3262 aut
1276 3196 1310 3262 in
1320 3195 1470 3280 hospitio,
1484 3201 1540 3262 aut

84 3283 187 3349 eodem
213 3281 245 3346 in
269 3280 344 3346 navi
367 3281 521 3361 sedentes,
546 3287 601 3348 aut
625 3284 665 3348 ad
677 3285 857 3368 exemplum
870 3285 1094 3370 discipulorum
1108 3288 1193 3372 (Luc.
1211 3286 1278 3369 24.)
1291 3285 1541 3352 deambulantes.

82 3371 122 3437 Et
143 3370 268 3457 quidni,
280 3373 383 3436 omnis
394 3370 521 3455 privata
537 3394 573 3437 ac
585 3373 728 3438 solitaria
740 3374 914 3459 scripturae
927 3375 1031 3456 lectio,
1044 3377 1067 3442 b
1078 3375 1275 3441 medidatio?
1287 3375 1327 3441 ob
1343 3375 1542 3442 incommoda

83 3461 275 3538 scismatum,
302 3461 325 3526 It
348 3459 525 3540 haeresibn,
545 3485 626 3547 quae
643 3463 726 3542 inde,
739 3464 793 3528 sed
808 3486 865 3548 per
877 3464 1031 3542 accidens,
1047 3465 1136 3548 sequi
1148 3468 1288 3549 possent,
1301 3466 1323 3532 dt
1335 3486 1397 3528 non
1410 3469 1482 3530 rarb
1494 3487 1542 3530 se·

82 3555 149 3616 enta
172 3553 259 3615 sunt.
285 3547 355 3614 Hoc
379 3549 479 3616 velint
498 3549 647 3636 Papistae
663 3552 753 3616 laicis
769 3553 945 3638 scripturae
957 3554 1125 3619 lectionem
1140 3554 1355 3638 prohibentes.
1369 3552 1431 3618 Sed
1442 3555 1542 3620 instet

83 3640 157 3724 quis,
183 3637 300 3704 saltem
323 3639 561 3706 antecedentem
584 3663 781 3722 consensum,
808 3645 1010 3726 potestatem,
1038 3643 1180 3708 ordinem
1207 3643 1247 3708 ad
1267 3642 1541 3724 catechizationem,

83 3731 256 3814 scripturae
269 3727 429 3805 lectiones,
444 3729 627 3795 concionum
639 3731 854 3816 repetitiones,
868 3731 996 3797 deberet
1008 3733 1143 3817 quisque
1156 3729 1338 3816 aSynedrio
1347 3755 1404 3798 suo
1413 3754 1540 3817 exspec-

84 3821 143 3882 tr··
168 3821 193 3884 dr
218 3817 392 3902 postulare.
415 3815 474 3884 Oui
486 3819 678 3904 reponimus,
691 3825 905 3886 commentum
920 3821 981 3886 hoc
993 3822 1157 3907 geminum
1169 3845 1237 3886 esse
1252 3821 1302 3886 illi
1315 3821 1487 3906 Papistico,
1504 3823 1542 3888 de
1644 3877 1656 3906 ,

84 3906 103 3972 fl
143 3907 204 3986 liis,
232 3909 253 3970 ia
276 3905 358 3971 laico
367 3906 518 3990 privatim
530 3929 592 3972 non
609 3910 761 3995 legendis,
778 3910 840 3978 nisi
852 3911 892 3975 ad
908 3911 940 3975 id
952 3911 1115 3976 licentiam
1126 3910 1161 3976 in
1176 3911 1304 3995 scriptis
1322 3909 1440 3976 habeat
1454 3914 1541 3976 bauo

83 3995 103 4062 Ε
143 4017 249 4079 scopo.
273 3994 356 4060 Vide
381 3997 513 4082 Regulos
544 3996 673 4066 Consilii
701 4001 876 4064 Tridentini
898 4001 935 4065 de
946 4001 1048 4066 tibris
1061 4001 1236 4086 probitate,
1250 4001 1319 4086 dep.
1332 4000 1363 4065 4.
1377 4000 1468 4086 [pag.
1483 3991 1552 4088 80]

85 4109 103 4150 e
143 4107 208 4170 que
220 4083 516 4169 interpretationem
528 4086 561 4151 in
582 4089 700 4154 Urbani
710 4090 785 4154 VIII.
800 4090 903 4154 Indice
917 4090 1086 4156 Librorum
1095 4090 1335 4174 prohibitorum.
1349 4087 1429 4155 Cum
1440 4091 1541 4176 Sync-

85 4175 103 4240 d
151 4173 357 4242 nomenata
369 4195 442 4240 seer.
458 4175 508 4242 17.
524 4177 683 4261 triplicem
695 4177 814 4243 faceret
825 4179 1115 4258 catechizationem,
1131 4179 1233 4244 noluit
1245 4179 1406 4244 licentiam
1418 4179 1541 4245 domes·

87 4261 104 4327 b'
152 4287 159 4328 e
182 4268 239 4329 ant
261 4262 471 4330 scholasticae
495 4266 752 4332 catechizationis
776 4268 877 4333 denuo
896 4269 963 4353 peti
980 4267 1164 4353 bSynedrio
1176 4273 1232 4334 aut
1244 4268 1361 4333 Classe.
1375 4267 1445 4332 Hbc
1457 4269 1542 4333 enim

87 4357 104 4416 le
152 4355 263 4420 undem
292 4357 385 4433 esset,
413 4375 449 4419 ac
473 4356 501 4421 si
518 4353 664 4422 Minister
680 4361 809 4422 vocatus
822 4357 862 4422 ad
873 4358 1141 4442 praedicationem
1153 4357 1251 4436 verbi,
1265 4358 1367 4422 denub
1379 4357 1542 4424 licentiam

75 4463 104 4526 ψ
148 4442 277 4510 ulierandi
301 4445 426 4529 petclel·
439 4442 621 4532 tSynedrio
633 4469 707 4513 suc:
720 4469 792 4514 cum
804 4469 919 4514 munus
935 4447 1137 4537 praedicandi
1149 4447 1212 4532 ipsi
1224 4469 1281 4534 per
1293 4447 1472 4533 legitimam
1484 4469 1540 4513 vo·
1661 4489 1666 4503 ·

380 4547 390 4568 ⁰
1460 4535 1539 4601 cati-
