3766 4866
329 313 441 380 Tusca.
453 313 512 381 llI.
537 315 583 380 Dn
597 315 731 380 Assume
744 315 921 379 Oamsnaus
934 314 1224 380 Patrico-enatans,
1249 314 1318 380 (lar.
1333 313 1373 378 V.
1520 313 1583 378 361

116 503 224 566 onmia
237 502 322 564 bona
334 503 466 566 ecclesia
474 503 547 567 stica
560 503 769 567 communiter
782 502 985 584 appellantur
996 504 1215 588 Eleemosynae
1226 503 1379 591 fideliam,
1392 503 1586 580 clamationes,

117 603 312 675 spontaneae
334 591 511 667 oblationes,
537 593 568 656 id
588 593 625 655 fit
649 591 896 676 synrthdochice,
921 591 1178 657 denominatione
1202 595 1338 656 sumtab
1354 591 1469 674 potiori
1485 595 1587 674 parte.

116 679 232 744 Mirari
249 680 347 756 subit,
364 681 448 764 quod
465 679 793 744 Romano-Gallicana
809 679 952 744 Ecclesia
966 679 998 743 in
1012 679 1139 764 Synodo
1152 680 1295 763 Aquedsi
1311 702 1394 744 anno
1410 679 1505 743 1585.
1519 702 1588 762 cap.

104 769 171 832 12.
196 769 298 854 (apud
321 768 510 833 Bochellum
535 770 603 834 Lib.
630 770 659 832 5.
674 769 723 832 tit.
743 769 1008 850 1311166611,
1026 771 1102 834 utet
1120 771 1203 834 Laici
1216 770 1357 834 tornines
1371 770 1588 854 Eleemosynae

118 859 197 923 darc
209 870 372 922 0060601αο
384 859 622 944 {respuendamque
635 860 807 934 reametur,
820 877 870 922 eos
884 859 1054 941 Episcopus
1066 879 1103 923 ea
1118 879 1276 924 matonam
1283 861 1358 942 jure
1369 859 1412 922 act
1426 859 1475 940 pie
1491 858 1589 922 intro·

115 949 247 1013 ductant
270 949 523 1012 consuetudinem
548 960 694 1032 perpetuo
707 948 903 1011 retinendam
915 958 1002 1031 caput
1013 949 1287 1032 atquccompellot.
1313 945 1402 1022 Quod
1415 946 1441 1010 si
1455 945 1588 1024 dicatur,

115 1036 295 1119 Episcopus
309 1035 452 1118 aliosque
466 1035 613 1113 Clericus,
626 1039 663 1099 ut
675 1035 893 1104 &Praefectos
905 1034 1046 1098 fabricae
1059 1036 1252 1118 templorum
1265 1059 1303 1100 ex
1319 1034 1486 1118 stipendiis
1502 1034 1525 1100 6
1538 1056 1587 1098 re·

118 1125 242 1188 ditibus
256 1125 327 1206 jure
340 1124 401 1188 sibi
415 1125 530 1188 debitis
543 1125 674 1206 elargiri
685 1128 924 1207 Eleemosynae,
939 1124 1015 1206 quin
1029 1123 1249 1208 Magistratus,
1264 1123 1390 1205 aliaque
1403 1123 1538 1207 collegia
1554 1123 1587 1187 in

116 1211 299 1296 Republica
324 1235 362 1276 ex
387 1214 509 1277 aerario
533 1213 671 1297 publice,
695 1219 718 1282 6
741 1213 832 1276 bonis
846 1212 1082 1296 collegialibus:
1098 1213 1311 1297 suggerimus,
1325 1210 1587 1296 distinguendum

117 1325 188 1366 esse
206 1303 289 1365 inter
303 1306 383 1379 titur
395 1303 619 1385 acceptionem,
634 1304 656 1366 6
668 1305 749 1364 δόσιν
761 1302 919 1364 dationem
933 1305 1028 1384 atque
1042 1302 1258 1386 erogationem
1275 1301 1408 1365 istorum
1420 1300 1585 1364 bonorum.

116 1389 279 1473 Respectu
293 1391 419 1473 prioris,
433 1391 521 1454 nulla
534 1395 581 1454 est
594 1391 675 1454 ratio
688 1387 917 1474 Eleemosynae
928 1420 935 1464 ;
953 1390 1028 1472 quia
1040 1389 1247 1474 Magistratui
1260 1390 1388 1458 telonia,
1401 1388 1523 1452 tributa
1535 1389 1586 1453 60.

117 1481 208 1545 Rom.
237 1481 287 1542 13.
312 1501 340 1542 c.
366 1482 395 1543 6.
420 1480 446 1542 7.
462 1483 483 1546 6
496 1479 653 1542 Ministris
667 1480 762 1560 atque
775 1478 941 1544 Aedilibus
954 1479 1091 1553 solvunt,
1104 1479 1159 1563 qui
1174 1479 1300 1556 debent,
1316 1479 1417 1543 Galat.
1435 1476 1465 1541 6.
1478 1498 1506 1540 c.
1519 1478 1550 1540 6.
1565 1477 1588 1541 6

117 1568 153 1632 bi
178 1567 318 1631 vicissim
329 1569 415 1650 juste
432 1569 566 1652 exigunt
578 1571 600 1634 6
614 1567 781 1650 accipiunt,
796 1589 877 1650 quae
891 1566 1054 1631 debentur.
1080 1567 1237 1651 Respectu
1252 1589 1324 1632 vero
1338 1565 1532 1651 posterioria,
1550 1587 1587 1630 ex

116 1656 334 1720 misericordia
359 1657 486 1740 proprie
509 1657 691 1741 largiuntur
715 1656 781 1720 sire
794 1655 1003 1738 Magistratus
1017 1679 1055 1720 ex
1069 1657 1191 1721 aerario
1204 1656 1342 1739 publicu,
1360 1659 1416 1719 aut
1428 1677 1466 1718 ex
1479 1654 1588 1738 spoliis

116 1745 151 1808 in
175 1745 300 1808 hostico
324 1745 436 1827 partis,
462 1747 528 1810 sire
544 1745 748 1810 ecclesiastici
766 1743 930 1810 &Aediles
943 1767 981 1807 ex
994 1745 1059 1808 suis
1072 1745 1248 1829 stipendiis,
1263 1747 1285 1810 6
1301 1743 1457 1809 reditibus
1469 1765 1526 1826 pro
1540 1742 1589 1806 fa·

117 1835 210 1897 bricia
230 1834 344 1917 templi
369 1857 425 1916 per
447 1835 570 1897 tributa
582 1833 727 1916 justitiae
741 1836 763 1898 6
777 1855 832 1916 per
844 1832 961 1896 liberas
975 1833 1160 1898 donationes
1173 1833 1299 1917 proprie
1313 1831 1463 1896 fundatis.
1490 1831 1589 1896 Vives

116 1927 189 1986 toto
208 1922 273 1986 Lib.
296 1923 327 1985 2.
344 1924 382 1986 de
399 1923 606 1986 subventione
623 1921 814 2004 Pauperunr,
828 1921 973 2003 pluribus
990 1922 1172 1986 &distincte
1185 1923 1284 1996 docet,
1300 1922 1384 2005 quod
1396 1922 1418 1986 6
1431 1922 1588 2004 quomodo

116 2010 328 2093 Magistratui
340 2011 567 2094 Eleemosynae
580 2011 682 2075 facere
700 2011 878 2074 conveniat.
895 2008 933 2073 ln
949 2009 1062 2094 Belgio
1075 2015 1182 2075 nostro
1196 2010 1354 2094 imprimis
1368 2010 1470 2074 elucet
1483 2007 1590 2094 Magi·

116 2103 279 2164 stratuum
304 2100 551 2184 magnificentia,
576 2100 608 2162 in
633 2099 816 2182 supplendis
841 2099 1036 2174 necessariis,
1049 2099 1105 2162 ubi
1117 2099 1268 2164 collectae
1279 2121 1341 2162 non
1356 2098 1530 2162 sufficiunt.
1557 2099 1588 2161 2.

116 2189 214 2253 concl.
228 2187 302 2252 Non
316 2192 443 2252 tautum
456 2189 711 2270 exspectandum,
725 2191 761 2251 ut
774 2192 885 2270 sponte
897 2187 1072 2251 offerantur
1085 2187 1325 2270 Eleemosynae,
1339 2187 1434 2251 sicuti
1446 2187 1546 2252 Actor.
1557 2188 1588 2250 2.

117 2299 148 2342 0.
158 2277 212 2340 44.
228 2279 250 2342 6
263 2286 329 2341 tn.
345 2277 396 2339 37.
412 2277 465 2341 sed
479 2276 575 2340 etiam
587 2277 731 2340 homines
744 2275 870 2359 publice
884 2275 1096 2359 privatimque
1111 2277 1149 2340 ad
1162 2277 1193 2340 id
1207 2275 1376 2354 excitandi,
1390 2275 1590 2360 petitiones&

118 2364 273 2430 collectae
297 2366 527 2430 instituendae:
550 2367 645 2448 idque
661 2364 805 2447 exemplo
823 2364 996 2447 apostolico
1013 2366 1031 2426 2
1052 2365 1120 2430 Cor.
1137 2366 1166 2430 8.
1179 2367 1279 2431 Actor.
1296 2365 1346 2428 11.
1359 2387 1387 2429 0.
1402 2364 1455 2440 28.
1470 2365 1521 2428 29.
1536 2367 1589 2429 36.

118 2457 210 2521 lione.
230 2455 279 2519 15.
292 2475 321 2518 v.
335 2455 388 2518 25.
403 2454 454 2517 26.
481 2455 571 2540 [pag.
586 2454 667 2538 935]

164 2540 208 2606 ll.
235 2545 358 2625 Qrtaea.
385 2544 547 2625 Qttotnoclo
573 2543 733 2628 petitiones
756 2540 787 2606 a
809 2543 944 2606 collectae
967 2543 1029 2608 sint
1055 2543 1289 2608 instituendae?
1314 2544 1402 2626 desp.
1426 2565 1484 2626 pro
1504 2545 1588 2606 statu

118 2631 347 2706 Ecclesiarum,
361 2655 423 2694 606
435 2636 561 2695 tantum
574 2635 727 2714 perpetuo
742 2631 774 2693 in
788 2630 923 2714 singulis
937 2631 1078 2694 coetibus
1091 2634 1113 2697 6
1126 2632 1343 2708 0060106166ος
1357 2631 1520 2695 sedetiam
1533 2653 1589 2714 per

117 2723 319 2784 recurrentes
343 2721 523 2805 quotannis,
548 2723 603 2783 aut
626 2719 761 2802 singulis
786 2719 991 2782 semestribus
1019 2723 1075 2783 aut
1097 2720 1322 2798 trimestribus,
1341 2719 1584 2798 autmensibuS,

117 2811 177 2872 aut
204 2831 261 2890 per
285 2809 552 2872 extraordinarias
575 2809 775 2892 singularum
803 2806 998 2871 familiarum
1022 2808 1059 2870 de
1075 2807 1218 2872 Ecclesia
1231 2808 1342 2893 (etiam
1355 2811 1588 2883 extranearum,

116 2896 177 2960 ubi
192 2895 328 2961 Diacani
352 2897 499 2961 omnibns
525 2896 723 2979 Pauperibus
750 2895 822 2959 Vici
836 2899 891 2958 aut
905 2894 1051 2958 Civitatis
1065 2897 1232 2960 subvenire
1246 2897 1362 2971 solent)
1375 2895 1587 2960 circuitiones.

116 2985 163 3049 Et
176 2985 205 3048 si
216 2986 388 3050 necessitas
405 2985 551 3068 postulet¹
568 2985 651 3068 apud
667 2989 791 3048 exteras
804 2983 962 3047 Ecclesiae
975 2985 1125 3048 collectae
1138 2985 1302 3068 petendae.
1327 2983 1376 3048 De
1390 2983 1552 3049 ordinarit
1566 2985 1589 3048 6

117 3077 276 3157 perpetua
289 3073 322 3136 in
338 3074 544 3138 corruentibus
558 3073 717 3136 Ecclesiae
731 3072 899 3155 colligendi
912 3072 1034 3136 ratione
1045 3077 1148 3136 exstat
1161 3077 1365 3156 praeceptum
1378 3072 1589 3154 apostolicum

120 3163 137 3224 1
155 3163 295 3227 Corin-tlt.
311 3161 363 3225 16.
376 3183 404 3226 υ.
421 3163 449 3226 1.
464 3164 493 3225 2.
518 3160 566 3225 De
578 3161 719 3230 collectis
736 3162 819 3244 apud
832 3164 956 3223 exteras
969 3161 1128 3225 Ecclesiae
1146 3167 1163 3222 ‘2
1181 3162 1318 3226 Corinth.
1346 3162 1480 3227 811061.
1496 3161 1546 3223 15.
1560 3183 1588 3226 e.

118 3251 173 3313 25.
199 3249 251 3313 Ad
278 3250 543 3314 extraordinarias
568 3250 715 3314 collectas
735 3249 828 3324 refer,
847 3271 924 3333 quas
938 3271 994 3331 pro
1011 3249 1218 3314 subventione
1232 3249 1447 3314 Ecclesiarum
1463 3254 1587 3314 extera-

117 3361 191 3402 rum
218 3337 349 3404 Diaconi
367 3339 399 3403 in
424 3339 591 3402 ordinariis
619 3337 779 3402 Ecclesiae
804 3337 841 3400 de
856 3359 892 3400 eo
904 3341 998 3401 antea
1012 3341 1134 3402 exserte
1151 3339 1369 3422 praemonitae
1382 3339 1588 3402 conventibus

117 3432 300 3510 peragunt:
325 3428 409 3512 quod
432 3427 562 3490 memini
586 3427 619 3489 in
644 3427 766 3509 aliquot
779 3425 885 3508 Belgii
898 3425 1048 3489 Ecclesiis
1061 3425 1181 3492 factum
1195 3449 1278 3491 anno
1292 3428 1386 3491 1624.
1404 3449 1461 3510 pro
1473 3425 1591 3510 Rupel·

116 3516 273 3592 lensibuS,
302 3517 323 3580 6
352 3537 434 3578 6660
460 3516 555 3578 1643.
572 3537 628 3597 pro
648 3513 865 3578 afflictissimis
878 3514 1028 3578 Ecclesiis
1041 3515 1072 3578 in
1090 3514 1301 3598 Hybernia,&
1318 3538 1402 3579 anno
1421 3513 1516 3578 1655.
1530 3537 1588 3598 pro

116 3604 272 3668 Ecclesiis
300 3604 332 3667 in
356 3603 560 3668 Convallibus
574 3603 827 3667 Pedemontanis.
851 3601 913 3666 Pro
925 3603 1036 3666 iisdem
1052 3625 1134 3666 6660
1153 3605 1360 3669 1662110660
1376 3604 1526 3668 collectae
1537 3604 1588 3667 in-

118 3693 264 3772 st'tutae,
278 3693 333 3756 sed
345 3693 505 3775 privatim.
530 3692 592 3756 Pro
609 3691 680 3754 aliis
698 3690 863 3754 Fratribus
877 3691 960 3754 dorni
974 3690 1102 3754 afflictis
1123 3697 1179 3756 aut
1195 3693 1397 3758 exulantibus
1410 3691 1588 3774 complures

118 3781 271 3846 collectae
292 3785 419 3844 curatae
436 3784 520 3857 sunt,
534 3781 557 3844 6
573 3781 647 3843 data
660 3779 821 3843 occasione
838 3781 989 3842 curantur
1000 3801 1057 3861 per
1068 3779 1202 3858 Classes,
1216 3781 1239 3845 6
1255 3778 1397 3863 Synndos
1411 3779 1587 3864 provincia·

118 3870 184 3944 les;
212 3869 251 3933 ad
279 3891 415 3954 quarum
440 3869 560 3932 monita
576 3868 773 3950 &postulata
786 3866 931 3950 singulae
945 3867 1160 3931 Ecclesiarum
1172 3868 1355 3948 Diaconiae,
1372 3867 1528 3954 &singuli
1541 3868 1590 3932 fe·

117 3958 228 4022 bricae
256 3957 448 4039 templorum
472 3956 630 4021 Praefecti
642 3979 699 4038 pro
715 3955 868 4019 facultate
884 3959 941 4018 sut
954 3977 1010 4037 per
1021 3977 1135 4020 manus
1147 3955 1367 4021 Ministrorum
1380 3957 1419 4022 ad
1435 3956 1590 4032 Quaesto-

118 4067 200 4120 rem,
225 4049 281 4110 aut
305 4046 443 4130 aliquem
465 4049 483 4109 a
506 4044 640 4130 Synodis
665 4047 687 4109 6
711 4043 872 4108 Classibus
896 4044 935 4106 ad
958 4045 991 4107 id
1003 4044 1183 4130 delegatum
1195 4045 1272 4118 δῶρα
1285 4069 1342 4110 sua
1354 4045 1512 4110 deferunt.
1528 4045 1591 4111 Per

119 4134 249 4199 easdem
266 4133 408 4217 Synodos
420 4135 443 4199 6
455 4133 578 4198 Classes
593 4133 798 4196 interceditur
815 4133 898 4215 apud
915 4155 1078 4215 supremos
1100 4136 1122 4199 6
1135 4133 1355 4198 subordinatus
1368 4133 1589 4220 Magistratus,

119 4223 250 4308 aliaque
279 4222 413 4305 collegia
434 4222 580 4305 politica;
605 4222 660 4306 qui
681 4221 890 4308 beneficentiae
915 4219 1257 4286 Ecorttmutticatiotu's
1278 4221 1392 4304 (Hebr.
1412 4224 1461 4287 13.
1474 4245 1504 4288 v.
1524 4224 1589 4304 16.)

118 4311 268 4375 oblivisci
296 4333 359 4374 606
386 4311 499 4374 solent.
523 4309 613 4385 Quod
635 4308 662 4374 si
685 4310 856 4373 necessitas
881 4309 926 4372 ita
942 4309 1077 4394 flagitet,
1091 4309 1422 4394 insuperaMinistris
1439 4312 1590 4396 privatim

118 4399 314 4465 sollicitatur
325 4398 502 4464 liberalitas
510 4397 681 4463 Ditiorurn.
705 4395 866 4462 Posterior
877 4395 956 4462 haec
969 4398 1173 4466 collectarum
1185 4399 1267 4464 ratio
1280 4400 1467 4488 plerumque
1480 4422 1590 4465 serra·

1537 4493 1591 4556 tur
