3752 4858
314 303 379 368 204
695 299 1248 368 PonrrrcsnEcceesusmcasPsaaI.
1271 299 1392 366 mall.

313 489 501 554 &saturatis
514 509 629 571 panem
642 487 664 553 0
677 487 786 552 vinum
803 487 1015 553 eucharistiae
1026 486 1199 552 distribuit.
1219 484 1288 552 Nec
1300 507 1338 552 ex
1355 487 1456 552 altera
1471 491 1563 571 parte
1574 491 1640 552 tam
1654 485 1773 550 minuta

313 576 416 641 frusta
428 576 645 656 conficiantur,
658 580 695 639 ut
707 576 861 642 similiora
875 577 1040 641 rideantur
1048 575 1148 654 micis,
1157 598 1254 659 quam
1263 575 1473 641 mediocribus
1481 575 1642 640 buccellis.
1652 573 1772 639 Iaudat

316 667 478 732 60000100
499 664 588 731 Part.
606 667 637 729 2.
658 667 704 730 til.
723 666 751 728 7.
763 686 837 750 pop.
852 666 925 731 132.
938 665 1018 729 illud
1033 664 1208 728 Alexandri
1221 663 1327 748 Papae
1339 665 1482 743 dicentis,
1497 666 1624 746 000010
1634 665 1771 748 parcam,

315 766 400 820 10010
416 754 529 837 pocior,
553 752 616 817 Sed
631 756 699 816 tam
718 755 890 837 pauculum
909 776 1054 818 essenon
1070 753 1175 832 debet,
1191 757 1228 817 01
1243 757 1333 816 actus
1348 757 1400 810 τοῦ
1411 761 1523 832 φαγεῖν,
1536 751 1569 816 id
1582 755 1639 828 est,
1654 751 1770 828 edendi,

315 863 377 906 non
398 841 476 906 satis
494 841 688 906 sensibiliter
707 841 829 922 haberi,
847 845 870 908 1
885 842 957 907 inde
970 841 1118 927 analogia
1131 842 1354 906 sacramentali
1366 841 1527 907 observari
1538 840 1648 924 possit.
1673 837 1771 903 Multo

313 929 429 1008 minua,
449 933 486 994 ut
503 951 559 1014 per
576 929 713 994 formam
732 930 856 996 hostiae
877 930 917 995 ab
937 930 1030 1010 altili,
1047 931 1161 1008 usuali,
1179 932 1289 1014 &apto
1301 951 1383 1013 pane
1400 931 1494 1014 longe
1506 929 1698 1005 discedatur,
1712 950 1770 1011 quo

314 1041 423 1084 omnes
447 1018 616 1096 Pontifieii,
635 1019 825 1101 praesertim
844 1018 959 1085 Glerici
983 1021 1036 1104 (ne
1060 1019 1137 1104 quid
1156 1019 1260 1084 dicam
1275 1019 1313 1082 de
1330 1018 1437 1103 Papis,
1450 1016 1685 1094 cardinalibus,
1697 1015 1770 1099 Epi-

314 1108 427 1191 scopis,
450 1105 644 1185 Abbatibus,
668 1109 691 1172 0
714 1109 877 1192 regalibus
901 1106 1138 1188 Sacerdotibus)
1153 1111 1308 1191 perpetui)
1320 1108 1378 1186 uti,
1391 1106 1456 1172 frui
1468 1106 1581 1184 solent,
1594 1109 1651 1170 aut
1663 1105 1768 1171 saltem

315 1196 424 1260 velint.
448 1195 612 1271 Quomodo
628 1199 736 1260 autem
752 1219 789 1260 ex
801 1197 1000 1282 negligentia
1011 1196 1127 1280 Populi
1140 1196 1162 1260 1
1176 1195 1354 1274 Pastorum,
1368 1199 1404 1260 01
1416 1197 1519 1260 multa
1530 1195 1605 1272 alia,
1617 1194 1665 1258 ita
1680 1193 1770 1258 tabae

314 1285 460 1348 lamellae
479 1285 711 1349 nummulariae
724 1285 807 1350 circa
822 1308 942 1350 annum
957 1285 1053 1349 1000.
1067 1289 1193 1367 praet-er
1207 1288 1338 1368 propter
1348 1283 1545 1368 irrepserint.
1558 1283 1671 1367 pandit
1686 1281 1770 1346 nobis

314 1375 474 1438 lloaorias
496 1373 790 1456 Aapccstodoaeasis
813 1374 883 1458 (qni
906 1373 1014 1437 floruit
1037 1395 1120 1437 anno
1146 1373 1255 1454 1220.)
1272 1373 1303 1436 in
1318 1371 1452 1437 Gemma
1468 1372 1593 1436 animae
1606 1371 1769 1454 aliquoties

313 1462 411 1524 citata
436 1463 578 1527 Gooarcto
600 1462 636 1526 ia
664 1463 816 1528 Thesauri
839 1475 912 1527 torri.
938 1463 966 1525 1.
991 1463 1031 1525 ad
1053 1461 1196 1526 rectrices
1218 1459 1768 1546 111001000066101101,100011,

318 1551 419 1636 ,quod
435 1550 511 1614 olim
532 1548 717 1616 Sacerdotes
738 1554 755 1615 e
776 1551 911 1636 singulis
932 1551 1077 1614 domibus
1097 1551 1148 1615 vel
1165 1550 1297 1616 familiis
1312 1549 1450 1614 farinam
1467 1548 1676 1632 accipiebant,
1693 1545 1770 1630 quod

318 1639 437 1716 ,adhuc
449 1637 563 1702 Graeci
576 1643 717 1716 servant3
731 1640 838 1706 &inde
851 1639 1043 1703 dominicum
1056 1659 1171 1722 panem
1182 1638 1353 1716 faciebant,
1367 1660 1461 1722 quem
1471 1659 1527 1721 pro
1536 1637 1656 1720 populo
1664 1635 1771 1700 offere·

317 1727 422 1804 ,bant,
436 1728 458 1792 1
472 1727 556 1790 hunc
568 1749 652 1792 nunc
660 1733 878 1792 consecratum
888 1728 933 1791 eis
942 1727 1182 1792 distribuerunt.
1192 1727 1366 1810 Postquam
1376 1730 1483 1791 autem
1494 1724 1635 1790 Ecclesia
1644 1745 1771 1788 numero

316 1815 462 1900 ,quidem
476 1815 664 1898 augebatur,
678 1819 732 1881 sed
745 1817 913 1882 sanctitate
925 1816 1146 1880 minuebatur:
1159 1819 1291 1899 propter
1302 1816 1444 1880 carnales
1456 1817 1613 1878 statutum
1622 1817 1770 1890 est(aotc,
1855 1887 1857 1896 .

319 1904 491 1988 ,qao-morto
504 1905 538 1968 ia
551 1904 663 1969 totitas
676 1906 1296 1991 009100000100100010001000001010
1310 1906 1453 1969 Pastores
1464 1902 1645 1976 0000110101,
1657 1921 1728 1966 carn
1739 1900 1771 1964 ic

318 1994 529 2068 ,contraria-m
549 1991 725 2060 debuissent
743 1994 890 2080 praeire),
907 1996 944 2057 ut
960 1995 1015 2078 qui
1027 1993 1157 2077 possent
1168 1993 1304 2076 singulis
1317 1991 1491 2069 dominicis,
1504 1991 1554 2054 vel
1567 1987 1771 2054 1011111000-

318 2080 416 2158 ,01010
429 2080 479 2144 vel
491 2081 625 2145 summis
637 2081 877 2161 festivitatibus,
890 2082 938 2145 vel
952 2086 1001 2145 ter
1014 2081 1048 2146 in
1060 2103 1143 2146 anuo
1151 2081 1430 2146 communicarent.
1440 2079 1484 2142 Et
1492 2079 1578 2164 quia,
1586 2077 1769 2162 populonou

319 2168 599 2248 ,communicante
619 2193 682 2235 non
702 2177 771 2236 erat
788 2193 915 2236 necesse
937 2192 1051 2253 panem
1065 2170 1138 2234 eum
1153 2191 1307 2254 magnum
1323 2168 1403 2248 fieri,
1419 2171 1577 2232 statutum
1594 2171 1642 2231 est
1657 2187 1727 2230 eum
1738 2165 1768 2227 in

319 2257 465 2334 ,modum
477 2256 598 2321 denarii
612 2258 743 2324 formari
756 2261 807 2325 vel
818 2260 898 2324 fieri.
912 2261 950 2325 Et
961 2261 1058 2343 pareto
1068 2269 1156 2343 post:
1173 2260 1196 2325 s
1212 2262 1248 2322 ut
1262 2258 1398 2342 popalus
1410 2278 1468 2339 pro
1480 2255 1641 2321 oblatione
1652 2253 1769 2318 farinae

319 2345 481 2422 ,denarios
494 2346 631 2425 offerret,
645 2371 702 2432 pro
715 2349 830 2433 quibus
843 2347 997 2412 traditum
1010 2348 1172 2430 dominum
1185 2347 1433 2431 recognosceret.
1454 2343 1545 2419 Quod
1557 2367 1629 2409 cum
1643 2365 1715 2408 casu
1725 2342 1768 2404 ita
1856 2345 1857 2384 ³

319 2433 457 2511 ,facturn
476 2438 559 2498 esset
580 2438 603 2501 1
619 2439 686 2521 jam
703 2438 871 2515 obtineret,
885 2440 996 2520 postea
1007 2436 1090 2500 ratio
1101 2434 1235 2514 consilii,
1249 2437 1271 2501 1
1284 2435 1498 2518 excogitatum
1516 2437 1564 2497 est
1576 2430 1768 2517 mysterium,
1856 2457 1857 2518 j

314 2523 354 2586 ab
374 2521 561 2600 1101011100,
580 2527 599 2588 a
622 2529 763 2591 Gavoato
780 2527 828 2590 cit.
850 2523 1188 2591 &succentoriae
1203 2524 1404 2606 1101100000.
1421 2521 1473 2585 41.
1499 2520 1560 2596 Qui
1572 2520 1656 2585 idem
1667 2523 1768 2583 minen
1801 2601 1804 2606 Ι
1855 2525 1857 2578 f

313 2632 381 2694 cap.
407 2611 459 2675 35.
476 2611 605 2675 veritati
623 2616 712 2700 [pag.
727 2615 805 2698 737]
826 2613 1044 2678 testimonium
1063 2611 1212 2696 perhibet
1228 2612 1280 2676 his
1296 2611 1412 2688 verbis,
1431 2609 1610 2696 Offerebam
1622 2627 1768 2692 acapnum

311 2719 428 2783 pacem
451 2699 482 2766 a
497 2701 644 2768 coraibus
656 2704 874 2792 srcfficicatcrn:
891 2703 974 2786 quod
987 2701 1090 2766 adhuc
1101 2700 1213 2766 Graeci
1226 2721 1351 2764 serrare
1364 2699 1521 2765 dicuntur.
1549 2695 1767 2763 0000000010
1855 2727 1857 2788 3

314 2789 462 2872 titurpiie
473 2809 540 2872 cop.
556 2789 608 2856 27.
621 2791 699 2856 citat
711 2791 914 2868 Bernoldum,
928 2790 983 2875 qui
996 2789 1103 2854 floruit
1114 2789 1197 2854 circa
1209 2810 1328 2854 annum
1342 2787 1438 2866 1060,
1451 2787 1511 2850 has
1522 2786 1673 2850 minutias
1681 2783 1766 2868 panis

313 2881 467 2963 tanquam
479 2878 500 2940 cl
511 2878 579 2978 veri
586 2881 682 2965 panis
693 2881 790 2964 specie
800 2880 919 2945 allerias
932 2879 1151 2942 insectantem.
1163 2877 1288 2964 Legant
1300 2897 1429 2962 quaeso.
1442 2875 1497 2962 qui
1510 2875 1548 2939 de
1559 2875 1698 2940 novitate
1711 2872 1766 2936 tur·

310 2967 363 3049 jus
375 2966 581 3030 nummularu
594 2969 686 3053 panis
699 2968 866 3033 informari
877 2967 1021 3050 cupiunt,
1037 2967 1142 3051 ipsum
1158 2967 1386 3032 6000011το01.

363 3055 413 3118 11.
439 3056 563 3135 (tuaest.
589 3058 638 3123 Aa
662 3050 1765 3141 000001001000000000,0000001000.1100011100-

316 3143 405 3226 plum
417 3141 440 3204 lc
451 3142 612 3210 institutio
628 3147 746 3211 Christi
758 3168 816 3210 nos
828 3147 929 3222 docet,
940 3146 1014 3209 Lace.
1028 3146 1081 3209 22.
1092 3165 1122 3209 0.
1137 3144 1188 3208 18.
1202 3143 1361 3209 ordinario
1374 3143 1447 3206 vino
1461 3145 1588 3206 tantum
1602 3161 1669 3205 esse
1680 3143 1763 3203 uten-

315 3231 404 3295 dum:
417 3231 480 3295 nisi
489 3235 659 3299 necessitas
672 3235 766 3298 aliter
774 3237 878 3318 cogat.
889 3235 919 3296 2.
932 3234 1026 3298 conci.
1039 3233 1077 3296 de
1092 3233 1247 3317 qualitate
1259 3231 1342 3296 nihil
1355 3231 1484 3296 definite
1496 3228 1762 3314 praescribendum

315 3322 374 3383 est.
398 3317 525 3384 Sufficit
536 3320 655 3388 bonum
667 3324 690 3388 1
702 3344 891 3408 generosum
908 3321 1062 3398 adhiberi,
1079 3321 1237 3406 siquidem
1252 3321 1342 3404 copia
1359 3320 1426 3402 ejus
1441 3323 1602 3403 suppetat.
1614 3314 1762 3401 imprimis
1856 3355 1857 3360 κ

314 3407 540 3472 attendendum
561 3412 600 3476 ad
616 3417 741 3497 gratum
760 3432 915 3494 saporem,
931 3414 967 3474 ut
982 3413 1072 3473 tanto
1087 3409 1215 3474 facilius
1227 3409 1323 3474 etiam
1336 3407 1485 3486 abstenti,
1498 3411 1560 3484 aut,
1570 3406 1622 3470 rix
1635 3424 1761 3488 unquam

314 3497 389 3560 rino
408 3501 580 3578 vescentes,
597 3522 674 3564 eum
693 3504 823 3585 gustare
842 3503 971 3583 queant.
984 3498 1142 3562 Errarunt
1153 3519 1229 3582 ergo
1242 3496 1366 3581 antiqui
1378 3495 1540 3574 haeretici,
1554 3494 1630 3559 dicti
1642 3491 1762 3579 Aquarii

316 3584 413 3670 (apud
426 3583 596 3669 Aequalis.
609 3591 647 3654 de
657 3591 783 3654 Horres.
796 3609 864 3672 cop.
877 3588 947 3673 04.)
960 3587 1014 3670 qui
1028 3591 1110 3671 aqua
1124 3587 1192 3650 loco
1204 3587 1270 3651 vini
1282 3585 1463 3650 utebantur.
1477 3582 1565 3648 idem
1577 3579 1759 3648 Marcionitis

314 3672 430 3738 tribuit
441 3673 572 3743 Nicetes
584 3678 641 3743 lib.
658 3678 688 3743 4.
701 3700 769 3761 cap.
786 3677 835 3740 14.
850 3675 879 3740 Α
892 3676 1007 3759 quibus
1019 3697 1082 3740 non
1094 3675 1223 3739 omnino
1235 3675 1377 3738 discessit
1388 3672 1478 3756 Papa
1493 3670 1701 3748 Innocentius,
1712 3666 1758 3752 qui

314 3760 484 3847 Norwegis
504 3789 620 3852 aquam
640 3767 829 3832 concessisse
848 3765 973 3829 dicitur.
993 3762 1055 3828 Sed
1068 3762 1258 3847 equanimis
1274 3762 1393 3827 recedit
1405 3765 1423 3826 a
1435 3761 1519 3840 vino,
1533 3783 1591 3825 nec
1603 3758 1757 3825 secundum

316 3851 507 3936 analogiam,
524 3856 786 3921 sacramentalem
799 3853 1064 3938 significationem
1076 3855 1238 3936 praestare
1251 3855 1367 3935 potest.
1387 3849 1510 3914 Notum
1522 3852 1571 3914 est
1582 3849 1656 3933 quid
1666 3847 1705 3912 sit
1717 3843 1757 3908 ri·

315 3962 391 4004 num
404 3961 460 4004 seu
472 3945 620 4025 genimen
632 3945 718 4010 vitis.
731 3943 780 4007 De
792 3965 829 4007 eo
840 3943 906 4007 ut&
918 3941 1091 4006 virtutibus
1104 3941 1170 4024 ejus
1183 3945 1252 4005 tum
1264 3938 1554 4004 alimentariistum
1562 3936 1756 4002 medicamen·

314 4027 406 4092 tariis
418 4028 484 4112 legi
495 4039 628 4116 possunt
641 4032 772 4108 Medici;
785 4032 869 4096 inter
881 4051 933 4094 eos
948 4031 1091 4095 6011010.
1107 4030 1304 4095 Gratarolias
1321 4030 1420 4093 Troes.
1433 4027 1471 4092 cte
1490 4027 1565 4090 Vino
1577 4025 1608 4092 a·
1618 4023 1701 4089 omni
1708 4041 1756 4106 pc

316 4115 413 4194 101111,
439 4118 656 4188 macenias
677 4118 1252 4201 Τ1001.111100100001000011011,
1273 4116 1547 4182 Valesiasdcsacr.
1557 4109 1754 4199 1111100027.

317 4204 461 4272 Arcados
480 4211 547 4276 tit.
568 4210 620 4275 29.
641 4211 805 4296 Eacpctop.
829 4219 897 4272 secl.
912 4207 942 4270 5.
956 4206 1044 4271 luter
1055 4207 1204 4288 antiquos
1215 4205 1370 4271 Albeceia
1381 4204 1447 4271 tib.
1463 4205 1492 4266 1.
1505 4224 1572 4288 cap.
1587 4197 1755 4266 23.-30.1

316 4295 382 4364 tic.
396 4292 426 4358 2.
439 4315 506 4380 cap.
523 4302 551 4364 l.
564 4299 679 4365 Exstat
692 4299 825 4364 libellas
839 4296 927 4364 Petri
940 4297 1058 4361 Parisii
1069 4295 1179 4360 medici
1190 4295 1286 4361 Sicuti
1298 4295 1368 4358 Ital.
1381 4293 1412 4360 a·
1425 4292 1588 4359 (1011101010
1598 4291 1654 4358 otei
1667 4284 1756 4354 deici
1856 4343 1857 4358 ,

316 4406 388 4453 aaa*
402 4382 437 4448 ia
460 4385 622 4477 chirarqiti
630 4411 642 4464 ;
653 4388 709 4472 qui
721 4387 761 4451 ad
772 4384 1019 4452 illustrationem
1028 4385 1101 4451 Luc.
1116 4383 1167 4448 10.
1180 4405 1209 4448 0.
1223 4383 1274 4448 36.
1289 4382 1412 4447 utiliter
1424 4383 1442 4447 “a
1453 4379 1625 4468 Theologis
1637 4380 1754 4463 legetur.

1713 4461 1754 4528 12.
