3752 4858
325 297 389 363 230
720 292 881 360 Ponrnrcan
896 291 1148 358 Eccnasnsnrcix
1172 289 1253 357 Pras
1266 290 1291 357 I.
1315 291 1380 357 Lis.
1393 289 1437 357 H.

324 490 374 552 ter
392 483 554 563 curabilis,
582 485 705 547 nonest
721 480 835 546 saltem
846 481 926 545 illud
940 481 1060 544 malum
1075 477 1306 558 Israelitarum,
1319 478 1408 562 cujus
1421 477 1483 541 duo
1492 475 1586 564 signa
1598 477 1776 564 diagnostica

327 576 508 640 indicantur
531 572 651 638 levitic.
679 571 728 634 13.
751 591 779 634 v.
801 571 830 634 3.
845 569 930 656 quod
944 569 1003 653 pili
1016 568 1098 633 cutis
1110 571 1312 633 mutarentur
1324 567 1358 631 in
1369 567 1459 630 albos
1473 589 1480 642 ;
1494 568 1518 632 tr
1530 568 1615 651 quod
1627 568 1694 652 ipsa
1704 569 1778 653 lepra

326 664 480 730 humilior
498 685 554 728 seu
577 659 755 745 depressior
780 663 862 724 esset
877 659 1002 742 reliqua
1014 661 1096 723 cute.
1113 657 1157 720 Et
1173 657 1256 742 quod
1273 657 1306 720 in
1322 657 1413 740 lepra
1425 655 1539 740 capitis
1551 679 1588 720 ac
1602 657 1724 737 barbae,
1734 681 1777 722 aa·

328 753 426 842 pillos
439 751 551 830 flavus,
565 749 722 832 solitoque
735 748 884 812 subtilior
900 752 983 812 esset
1000 769 1027 812 u.
1042 749 1083 812 30
1096 747 1214 830 &quod
1227 747 1261 810 in
1273 745 1400 810 calvitio
1413 767 1468 809 seu
1481 745 1690 811 recalvatione
1701 747 1777 810 altus

328 843 379 907 vel
402 841 493 906 rufus
517 840 603 905 color
625 837 944 902 ostensuram.
970 835 1094 901 Effecta
1106 836 1187 919 eius,
1205 836 1288 899 inter
1304 835 1378 914 alia,
1392 832 1584 911 referuntur,
1598 836 1679 920 quod
1690 839 1778 900 vestes

330 932 440 996 laneas
467 951 504 994 ac
531 929 643 997 lineas.
668 926 767 1011 pelles
792 929 814 992 dc
828 949 866 991 ex
878 926 1018 1012 pellibus
1030 924 1174 990 confecta
1187 946 1214 989 u.
1228 923 1381 988 47.-5o.
1399 923 1496 988 etiam
1508 923 1618 988 domos
1634 925 1722 990 lecit.
1735 925 1776 990 ld.

329 1043 357 1087 υ.
385 1019 438 1084 30.
462 1018 614 1096 inficeret,
642 1015 743 1101 Atqui
769 1015 848 1080 talia
871 1039 935 1080 non
967 1019 1146 1098 competere
1169 1013 1340 1078 hodiernae
1363 1014 1483 1097 leprae,
1504 1013 1704 1078 notissimum
1725 1019 1778 1078 est:

331 1112 560 1193 consequenter
578 1129 650 1170 eam
672 1103 931 1191 distinguendam
956 1107 975 1169 a
994 1105 1084 1188 lepra
1104 1103 1308 1189 antiquorum
1319 1107 1390 1167 tum
1402 1101 1598 1168 Judaeorum
1611 1106 1678 1166 tum
1694 1102 1778 1167 Grae-

331 1221 450 1264 corum.
472 1194 556 1261 Vide
584 1195 738 1262 Valerium
762 1215 828 1279 cop.
852 1195 903 1259 19.
926 1193 1043 1259 Philas.
1073 1213 1188 1270 samoe,
1209 1191 1445 1257 distinctionem
1468 1190 1551 1256 hanc
1575 1193 1779 1276 explicantem,

332 1291 356 1354 A
382 1285 500 1371 Lepide
523 1285 557 1350 tn
580 1284 701 1350 Levitis.
727 1284 778 1347 13.
801 1305 830 1348 0.
856 1283 886 1348 5.
908 1283 931 1349 tt
955 1281 1006 1346 47.
1036 1281 1168 1346 eandem
1194 1283 1304 1346 contra
1332 1280 1528 1345 abulensem
1551 1282 1780 1365 argumentis&

331 1373 523 1442 testimoniis
550 1372 781 1437 defendentem.
808 1370 952 1436 Conferri
976 1374 1082 1455 potest
1098 1370 1215 1434 abillis
1234 1369 1350 1456 quibus
1361 1373 1464 1448 vacat,
1477 1371 1622 1436 Ferocius
1638 1371 1672 1434 in
1685 1371 1781 1436 Obser-

334 1477 395 1532 vat.
418 1462 594 1530 medietarii.
618 1461 674 1525 ubi
697 1461 735 1525 de
757 1461 847 1545 lepra
869 1460 1032 1526 hodierni..
1056 1457 1165 1523 Merae
1193 1479 1270 1545 ergo
1294 1458 1505 1544 ignorantiae,
1531 1459 1783 1542 superstitioni&

335 1556 505 1632 κακοζηλὶᾳ,
521 1545 728 1616 adscribenda
751 1552 819 1613 tota
837 1549 895 1614 illa
918 1549 1117 1634 pragmatica
1135 1547 1278 1633 Papatus
1302 1547 1385 1612 circa
1408 1546 1573 1632 Leprosos,
1598 1547 1680 1631 quod
1706 1551 1782 1612 extra

231 1717 233 1722 ¹
335 1640 439 1707 Urbes
454 1639 612 1718 habitent,
627 1639 711 1722 quod
734 1639 774 1702 ab
792 1635 1012 1703 ecelesiasticis
1029 1637 1237 1702 conventibus
1249 1638 1377 1716 exclusi,
1391 1641 1546 1720 tanquam
1563 1636 1725 1715 immundi,
1736 1659 1782 1721 pe-

335 1731 471 1798 culiares
494 1728 518 1794 b
533 1727 625 1813 quasi
648 1748 798 1812 segreges
814 1727 984 1808 Ecclesiae,
1001 1729 1059 1790 aut
1073 1726 1267 1792 Ecclesiolas
1280 1725 1487 1805 constituant,
1500 1726 1523 1790 dc
1535 1747 1627 1791 sacra
1643 1747 1699 1790 sua
1712 1748 1784 1790 seor·

336 1821 396 1886 sim
420 1818 570 1896 habeant,
594 1816 804 1880 nihilominus
829 1815 889 1881 osti
911 1816 971 1880 tim
995 1816 1111 1900 stipem
1127 1813 1568 1900 petentestrbesdrVicos
1596 1815 1784 1894 circumeant,
1845 1877 1849 1900 .

336 1909 420 1995 quod
444 1905 594 1992 regimini
617 1907 640 1972 b
659 1905 873 1989 jurisdictioni
898 1905 1128 1970 ecclesiasticae
1155 1909 1225 1969 tum
1250 1926 1403 1989 personae
1426 1907 1496 1968 tum
1512 1926 1573 1984 res,
1596 1907 1666 1968 tum
1685 1927 1783 1969 causae
1847 1907 1849 1980 t

338 2016 446 2064 eorum
474 1995 634 2079 subjectae
658 1993 732 2073 sint,
761 1997 857 2078 atque
873 1993 952 2059 adeo
975 1992 1197 2059 ecclesiasticis
1209 1993 1383 2058 canonibus
1399 1992 1570 2058 &decretis
1582 1993 1784 2077 circumscrip
1847 1981 1849 2058 ἕ

337 2091 400 2152 tae.
425 2085 512 2162 Quae
536 2083 642 2148 omnia
665 2104 832 2166 perperam
857 2106 895 2147 ex
910 2080 1329 2168 pragmaticrtSacerdotum
1342 2080 1383 2146 V.
1396 2081 1433 2146 T.
1457 2082 1621 2147 tentala.
1642 2083 1665 2147 ts
1686 2083 1730 2147 14.
1741 2083 1785 2146 de·
1847 2069 1849 2088 ⁴

339 2175 457 2259 scripta
480 2175 692 2237 accersuntur.
717 2169 819 2256 Lepre
842 2170 899 2236 illa
921 2172 955 2235 in
978 2171 1135 2256 Europeis
1150 2172 1295 2256 partibus
1311 2169 1470 2235 numerari
1484 2169 1642 2254 potuisset
1657 2175 1675 2236 s
1688 2171 1784 2238 Paaci·
1848 2183 1849 2186 ’

339 2261 454 2330 rollo&
471 2259 633 2328 Salmutto
649 2261 733 2324 inter
755 2260 886 2344 antiquie
903 2261 1084 2345 deperdita;
1108 2261 1131 2325 c
1155 2261 1277 2325 scabies
1290 2283 1346 2326 seu
1359 2259 1428 2324 lues
1440 2259 1497 2324 illa
1509 2260 1620 2345 (quam
1637 2259 1785 2338 Gallicam,
1847 2331 1849 2346 Ι

344 2349 560 2437 Hispanicam,
578 2347 828 2433 Neapolitanam
841 2349 1016 2434 appellant,
1029 2350 1141 2434 quisvis
1154 2350 1254 2434 leprst,
1263 2349 1426 2434 judicante
1438 2349 1574 2414 Ercsmo
1587 2350 1622 2414 ia·
1637 2349 1785 2436 Colloquiis
1847 2347 1849 2360 “

344 2437 546 2526 deteriorem)
562 2438 647 2502 inter
671 2440 751 2502 nove
775 2442 912 2523 reperta.
930 2437 1000 2516 Qua
1015 2440 1148 2518 ratione,
1173 2461 1236 2522 quo
1255 2439 1327 2523 jure
1358 2437 1562 2503 ecclesiastici
1591 2438 1784 2524 pragmatiam

343 2529 425 2595 circa
437 2527 554 2593 dictam
567 2528 690 2611 lepram
701 2525 817 2612 magis,
831 2549 926 2611 quam
944 2528 1027 2592 circa
1039 2527 1124 2592 luem
1138 2527 1356 2612 Hispanicam,
1376 2526 1518 2616 aliosque¹
1531 2527 1616 2592 diros
1629 2532 1684 2592 aut
1694 2531 1785 2592 conta·
1846 2563 1848 2618 ᾗ

341 2619 447 2705 giosos
460 2616 586 2681 morbos
599 2615 661 2680 sibi
673 2615 871 2680 vindicarent
884 2619 900 2680 7
912 2615 976 2681 Gur
987 2623 1100 2682 curant
1112 2617 1136 2683 b
1148 2617 1294 2700 probant,
1317 2620 1354 2681 ut
1376 2616 1508 2681 seorsim
1528 2615 1677 2681 habitent
1688 2615 1785 2700 magis,
1846 2635 1847 2662 1

341 2728 438 2792 quam
450 2705 477 2770 si
490 2703 562 2769 aliis
578 2704 700 2768 morbis
709 2705 915 2768 laborarent?
938 2703 1020 2770 Vide
1040 2707 1083 2770 tir.
1109 2707 1139 2771 8.
1163 2705 1196 2768 in
1216 2705 1363 2771 decretal.
1376 2704 1433 2769 lib.
1448 2706 1479 2769 4.
1496 2705 1535 2769 (10
1546 2707 1688 2792 conjupio
1701 2708 1786 2790 lepro-

342 2795 479 2862 amum?
495 2815 551 2857 cur
562 2793 639 2858 ibid.
655 2792 863 2858 nihilominus
877 2795 1074 2878 compellunt
1094 2798 1220 2880 partem
1232 2809 1341 2860 sanam
1353 2797 1391 2858 ut
1402 2795 1531 2879 conjugi
1544 2794 1634 2878 lepra
1646 2793 1785 2858 laboranti

342 2882 513 2961 cohabitet,
531 2881 629 2953 etiam
640 2881 783 2946 debitum
798 2880 933 2946 reddat?
948 2882 1000 2946 An
1012 2883 1072 2948 hoc
1084 2884 1230 2948 convenit
1237 2882 1458 2948 immunditiae
1472 2883 1674 2948 ceremoniali
1687 2881 1724 2947 V.
1732 2881 1785 2946 lt?

342 2971 435 3048 Vide,
448 2969 634 3038 &massas
649 2969 692 3035 ad
708 2971 766 3036 Tit.
779 2971 827 3036 cit.
846 2971 1094 3038 conmeantes
1106 2974 1153 3048 ;&
1169 2994 1207 3036 ex
1220 2971 1461 3036 Recentioribus
1487 2974 1650 3058 pramm
1665 2973 1698 3037 ia
1711 2971 1786 3037 Anu-

343 3062 397 3147 lyt.
415 3059 565 3144 Explicat.
586 3058 676 3126 Juris
700 3059 849 3124 60000707
860 3059 926 3124 Lib.
944 3060 973 3124 5.
984 3081 1018 3145 p.
1031 3061 1106 3125 305.
1136 3060 1180 3124 Et
1202 3061 1383 3126 Bootettcm
1399 3061 1435 3124 ia
1455 3061 1591 3125 Decretis
1604 3063 1710 3127 Eccles.
1723 3061 1786 3126 Got-

345 3149 393 3216 tic.
416 3147 482 3213 Lib.
500 3146 712 3212 ariarecti
728 3146 766 3212 de
779 3147 929 3212 citatione
950 3153 1168 3233 suspectorum
1188 3151 1225 3214 de
1237 3151 1327 3233 lepra
1343 3171 1449 3212 coram
1460 3149 1652 3213 officialibus
1668 3149 1785 3234 Episco-

345 3257 467 3322 porum,
492 3235 515 3301 dr
542 3235 686 3300 examine
712 3235 817 3300 morbi
831 3235 905 3301 ibid.
922 3237 1127 3303 instituendo.
1145 3237 1189 3302 Et
1200 3239 1266 3304 Lib.
1280 3238 1311 3302 5.
1324 3237 1370 3302 tit.
1385 3239 1436 3300 12.
1453 3237 1508 3301 nbi
1525 3237 1563 3301 de
1579 3237 1644 3323 piis
1659 3238 1788 3304 domibus

344 3326 378 3390 in
390 3345 517 3410 genere.
540 3321 726 3388 Notandum
738 3327 845 3390 antem
861 3325 926 3390 lit.
950 3327 980 3389 3.
995 3327 1039 3390 tit.
1054 3326 1106 3390 16.
1119 3325 1254 3391 Decreta
1265 3326 1355 3390 nulla
1367 3324 1568 3412 Synodorum
1581 3327 1724 3411 proferri,
1737 3325 1789 3390 nisi

345 3413 557 3479 recentiorum
569 3411 609 3476 ab
622 3433 704 3476 anno
723 3411 818 3477 1524.
835 3413 925 3499 [pag.
941 3413 1022 3500 770]
1035 3436 1135 3498 usque
1149 3415 1244 3480 1557.
1262 3416 1378 3500 quibus
1389 3415 1471 3479 ratio
1492 3416 1660 3496 examinis,
1675 3437 1789 3500 separa·

346 3501 442 3567 tionis
465 3499 595 3584 Leprosi
620 3500 660 3565 ab
685 3499 838 3579 Ecclesia,
863 3501 1010 3584 publicae
1022 3525 1095 3566 cum
1107 3503 1223 3567 missae
1235 3507 1340 3580 cantu,
1354 3503 1555 3569 obvelatione
1567 3505 1686 3586 vultus,
1698 3503 1790 3569 osculo

347 3591 446 3676 pedis,
470 3611 532 3653 non
548 3610 671 3668 manue,
695 3585 885 3669 Sacerdotis,
911 3590 1032 3675 triplici
1047 3613 1104 3674 per
1127 3589 1328 3657 Sacerdotem
1341 3593 1502 3676 sparsione
1515 3595 1621 3658 terrae
1633 3595 1671 3659 de
1682 3615 1789 3659 coeme-

348 3680 429 3744 terio
442 3679 605 3742 desumtae
618 3699 714 3762 super
726 3681 823 3762 caput
836 3675 968 3762 Leprosi
981 3680 1115 3763 prolatis
1127 3680 1179 3744 his
1195 3681 1317 3746 verbis:
1335 3683 1410 3746 Mon
1422 3703 1507 3767 amp,
1520 3685 1589 3748 c’cst
1601 3683 1687 3768 ripae
1701 3694 1790 3769 pieta

348 3789 379 3833 es
391 3779 473 3833 rnort
488 3778 588 3853 qaam
599 3787 644 3832 00
655 3767 777 3847 amada
791 3767 822 3834 d
834 3787 955 3852 pauore
973 3788 1045 3854 oyes
1058 3770 1198 3853 patience
1208 3781 1318 3857 enioy.
1343 3769 1623 3855 Quibusperactis
1641 3773 1758 3836 ducitur
1775 3774 1791 3832 ii

348 3855 517 3922 Sacerdote
537 3877 609 3919 cum
621 3877 711 3920 cruce
727 3855 845 3939 unqua
857 3855 1022 3920 benedicta
1034 3857 1074 3920 ad
1086 3857 1213 3922 domum
1226 3881 1282 3923 seu
1295 3859 1403 3923 villam
1420 3881 1510 3923 suam
1523 3859 1697 3925 solitariam
1712 3863 1791 3924 extra

350 3945 528 4023 Civitatem,
553 3965 650 4027 quam
673 3943 729 4008 ubi
751 3945 915 4029 ingressus
931 3947 980 4008 est
992 3945 1134 4028 postulat
1157 3946 1197 4010 ab
1210 3969 1246 4011 eo
1260 3947 1339 4012 haec
1350 3947 1517 4032 sequentia
1528 3948 1647 4034 scripto
1659 3953 1790 4014 contenta

351 4034 410 4098 sub
419 4033 601 4118 juramento
617 4032 776 4116 promitti:
796 4054 859 4116 quo
882 4033 1036 4116 praestito
1060 4033 1100 4098 ad
1123 4057 1181 4098 sna
1193 4036 1363 4100 revertitur
1379 4040 1518 4114 curatus,
1542 4038 1565 4102 t
1575 4035 1789 4120 juribusomni·

349 4122 409 4186 bus
428 4121 680 4202 Parochialibus,
700 4119 794 4186 sicuti
814 4120 851 4186 de
871 4120 943 4185 aliis
955 4121 1022 4186 suis
1037 4121 1253 4205 Perochianis,
1267 4124 1438 4209 (defunctis
1450 4126 1532 4210 scil.)
1545 4125 1681 4192 fruitur:
1697 4127 1789 4210 &post

350 4210 512 4274 decessum
539 4209 695 4275 dictorum
720 4207 939 4294 leprosorum,
963 4209 1070 4276 debent
1100 4215 1201 4277 curati
1222 4213 1334 4278 tatere
1361 4217 1449 4300 (sunt
1471 4215 1569 4279 verba
1584 4213 1788 4297 Bochellitdo-

350 4319 450 4378 mam,
476 4309 580 4374 00000,
603 4300 892 4385 betasemicocta
916 4299 1115 4384 supellectilia
1137 4301 1261 4382 domne,
1285 4301 1435 4369 domicia
1454 4303 1555 4387 ipsius
1584 4305 1788 4370 ricolitiacrtro

350 4387 481 4452 0000000
499 4388 670 4453 manaim.
703 4385 820 4454 Forma
849 4391 957 4453 autem
980 4389 1128 4476 exigendi
1154 4390 1328 4476 juramenti
1362 4393 1408 4458 sic
1439 4391 1512 4457 ibid.
1533 4415 1573 4458 ex
1596 4391 1790 4478 synodalibus
1844 4407 1846 4412 ·

1648 4479 1791 4548 Ecclesiae
