3712 4850
16 1367 18 1434 l

299 313 413 379 Tener.
439 313 481 379 ll.
505 315 553 380 Dr
575 313 713 391 Porsen,
736 306 808 381 Pon.
834 339 869 380 nr
893 316 1006 382 Oinoa.
1031 317 1158 384 Euctus.
1183 319 1252 384 (lue.
1277 317 1316 384 X.
1471 319 1533 384 227

79 503 138 560 tare
160 499 287 563 audent.
300 536 345 548 -
364 501 411 564 VI.
427 500 530 564 Probi.
548 498 600 564 An
621 501 765 566 executio
783 501 946 566 (lenonum
959 503 1042 567 circa
1058 501 1245 587 Adiaphora
1256 509 1324 570 tam
1336 505 1439 591 rigide
1452 528 1535 570 sem·

79 609 126 669 per
148 589 290 672 urgenda
312 593 464 672 tanquam
488 587 610 674 Legum
630 589 798 655 Persarum
814 593 837 656 b
853 589 1028 669 Medorum,
1043 595 1078 656 ut
1092 592 1181 657 nulla
1194 593 1364 680 benignior
1376 595 1533 678 interpre-

77 677 147 740 tatio
171 676 204 740 in
231 677 386 763 generali,
410 683 466 741 aut
490 677 682 762 dispensatio
706 679 737 744 in
759 703 833 745 casu
845 680 1031 764 particulari
1047 680 1151 746 locum
1163 683 1282 748 habere
1295 683 1419 748 debeat.
1443 686 1534 768 neap.

79 765 142 848 u'ep.
166 763 279 850 Neque
306 767 392 832 enim
416 766 550 851 probare
574 790 740 851 possumus
753 792 815 848 eos,
829 769 885 854 qui
897 769 1092 834 subtilitates
1104 769 1126 834 J
1128 771 1193 836 uris
1205 771 1258 837 hic
1271 773 1375 858 magis
1392 777 1533 857 captant,

77 873 164 936 quam
178 853 295 939 Populi
307 855 559 920 aedificationem
573 880 609 921 ac
621 857 767 936 salutem,
780 858 876 942 idque
889 863 925 922 ut
937 859 1032 923 rebus
1045 865 1101 923 aut
1113 859 1306 926 factionibus
1319 862 1455 946 propriis
1467 866 1532 926 stu·

77 942 177 1020 deant3
204 943 325 1029 Legem
349 946 601 1028 praetendentes,
622 969 694 1010 cum
711 946 796 1012 Titio
809 948 919 1011 obesse
934 948 1055 1026 volunt,
1069 951 1092 1015 b
1104 948 1222 1033 Legem
1235 973 1351 1034 susque
1363 952 1463 1034 deque
1475 949 1534 1015 ha·

78 1031 187 1111 beutes,
200 1055 274 1098 cum
286 1032 413 1098 Maesio
426 1035 573 1118 prodesse
591 1035 711 1100 volunt.

666 1246 940 1312 OueurX.

16 1471 18 1554 ᾗ
96 1447 230 1512 Cautum
253 1448 497 1532 paralipomena
515 1449 633 1534 aliquot
651 1450 876 1531 Quaestionum
899 1461 967 1515 lum
983 1451 1177 1535 peaeralium
1189 1463 1255 1516 turn
1270 1451 1531 1535 particularium.

16 1639 18 1654 ’
114 1636 166 1718 §L
175 1635 302 1716 Qrsaest.
309 1636 334 1700 1.
341 1633 393 1699 An
400 1635 541 1701 Oenones
548 1659 635 1702 mera
644 1637 818 1722 adiaphora
827 1642 883 1702 aut
896 1639 1081 1722 peristatica
1093 1638 1339 1703 determinantes
1352 1639 1535 1704 anationali

16 1743 20 1810 l
78 1721 210 1788 Ecclesia
216 1725 514 1808 conscripti,0mnes
522 1730 590 1790 tam
596 1726 698 1810 rigide
710 1727 854 1811 urgendi,
867 1731 923 1792 aut
933 1728 1111 1792 executioni
1120 1725 1184 1790 sint
1197 1728 1377 1806 mandandi,
1391 1728 1424 1791 in
1433 1729 1534 1811 parti-

16 1859 17 1874 ,
78 1813 227 1876 sularibus
239 1813 419 1897 quibusque
427 1814 589 1893 Ecclesiis,
601 1815 697 1879 etiam
705 1816 764 1879 sub
771 1816 1039 1899 poendpublicac,
1047 1820 1103 1880 aut
1111 1817 1337 1900 suspensionis,
1346 1821 1401 1880 aut
1410 1839 1535 1882 excom·

16 1967 18 2044 l

16 1953 17 1962 ,
78 1902 311 1966 amicationis?
321 1904 410 1986 Resp.
424 1906 451 1968 1.
463 1904 599 1990 [Conci]
607 1902 831 1968 Obsistendum
839 1906 965 1988 quidem
977 1905 1095 1984 ἁτκξίᾳ,
1106 1903 1287 1980 autema,
1297 1928 1354 1990 per
1362 1927 1441 1989 quos
1449 1905 1534 1985 unio,

79 1989 243 2077 [png273]
252 1993 441 2072 communio,
448 1995 471 2059 t
479 1992 975 2077 correspondentisEcclesiarum
981 1995 1014 2057 in
1021 1993 1181 2058 communi
1187 1994 1413 2072 aedificatione,
1424 1995 1533 2059 ortho-

77 2079 175 2146 doxiae
187 2083 211 2146 b
225 2080 357 2164 pietatis
366 2082 763 2166 promotione,disciplinae
773 2083 1047 2147 administratione
1057 2083 1248 2168 [turbatur]¹
1264 2085 1295 2147 2.
1307 2085 1408 2149 (buci,
1419 2083 1531 2148 Omnis

16 2201 17 2208 κ
78 2168 192 2232 omissio
201 2173 260 2234 aut
268 2191 332 2234 non
340 2169 519 2235 observatio
535 2171 601 2236 sive
614 2173 653 2235 ad
664 2177 801 2255 tempus,
818 2173 883 2237 sive
897 2173 1064 2236 diuturnae
1077 2172 1313 2236 consuetudinis
1326 2173 1531 2257 praescripti-

16 2331 18 2344 l

16 2359 18 2372 l

16 2373 18 2384 l

16 2385 18 2442 ἱ

16 2305 18 2314 .
78 2277 127 2320 cue
144 2261 302 2342 perpetua
317 2260 470 2342 ejusmodi
492 2261 619 2324 canonis
640 2261 929 2339 circumstantialis,
951 2264 974 2328 b
995 2261 1122 2344 quidem
1139 2261 1337 2345 hypothetici
1352 2265 1374 2328 b
1389 2264 1533 2345 particu-

77 2343 127 2409 lari
138 2347 248 2432 aliqua
259 2352 394 2432 urgente
407 2350 567 2414 occasione
580 2349 656 2413 clim
669 2350 1054 2429 conditiponestewgm
1065 2351 1119 2414 sed
1128 2348 1360 2433 potiusamgu
1371 2351 1403 2414 in
1414 2350 1533 2415 talibus

78 2431 227 2516 Ecclesiis,
258 2436 313 2500 uhi
338 2437 378 2501 ad
405 2438 556 2521 majorem
576 2439 837 2519 aedificationem,
858 2440 881 2505 b
902 2440 941 2503 ad
961 2439 1046 2522 pacis
1068 2439 1338 2503 conservationem
1357 2440 1529 2504 omittitur,

77 2523 101 2586 3.
110 2525 204 2591 Conci.
216 2525 380 2609 Imprimis
389 2526 449 2590 hoc
457 2526 580 2592 obtinet
588 2528 620 2591 in
629 2528 694 2592 illis
705 2527 770 2592 sive
779 2527 958 2592 Canonibus
968 2528 1170 2612 peristaticis,
1182 2528 1248 2591 sive
1256 2529 1361 2610 potius
1369 2528 1533 2593 Canonum

17 2635 19 2666 i
76 2614 273 2699 episagmatis
282 2615 463 2680 &oneribus
475 2616 594 2680 invitae
611 2616 771 2681 Ecclesiae
784 2617 911 2681 aliunde
924 2617 1099 2700 impositis;
1114 2639 1195 2700 quac
1209 2618 1286 2681 velit
1298 2618 1379 2681 nolit
1392 2618 1528 2682 tolerare

76 2703 198 2787 (agitur,
222 2705 301 2788 quia
320 2709 450 2788 propter
461 2705 626 2769 hominum
637 2705 846 2788 pervicaciam
862 2705 974 2770 tollere
987 2727 1049 2770 non
1063 2710 1177 2790 potest.
1195 2705 1456 2771 Molestissinrum
1468 2705 1530 2771 Ec·

76 2790 168 2858 elisiis
180 2799 232 2859 est
245 2815 273 2858 e.
286 2814 334 2878 gr.
350 2794 600 2858 additamentum
611 2794 692 2858 illud
703 2795 742 2859 de
753 2795 774 2859 J
778 2818 832 2860 are
848 2794 1057 2860 Patronatus:
1073 2796 1235 2880 ingratum
1248 2798 1270 2861 b
1282 2795 1463 2859 indecorum
1481 2797 1530 2860 al-

76 2885 167 2946 teram
178 2883 262 2948 illud
274 2883 312 2946 de
326 2886 479 2967 perpetua
491 2881 637 2948 Sessione
650 2882 897 2968 Magistratuum
910 2885 944 2948 in
956 2884 1170 2948 conventibus
1182 2884 1466 2949 consistorialibus.
1480 2883 1530 2949 De

76 2973 232 3052 posteriori
253 2971 378 3056 egimus
399 2995 495 3056 supra
514 2974 589 3057 Gap.
604 2973 634 3036 5.
647 2975 669 3038 dc
682 2974 720 3037 de
733 2973 830 3056 priori
844 2973 978 3037 antehac
988 2974 1140 3056 perreliari
1152 2973 1302 3038 Dialriba
1317 2974 1408 3039 Para
1421 2995 1532 3038 securr-

76 3057 124 3123 ὼε
133 3061 217 3126 intra
231 3061 406 3126 inserenda.
432 3059 499 3126 Nec
511 3066 597 3126 caret
609 3062 797 3126 difficultate
810 3063 1062 3127 additamentum
1074 3061 1186 3140 ἔξωθεν
1194 3063 1361 3126 advectum
1369 3063 1530 3126 invectum

75 3151 140 3228 (nou
149 3173 187 3215 ex
200 3149 333 3235 proprio
346 3149 438 3214 corde
449 3150 636 3232 Ecclesiae),
650 3151 689 3215 de
698 3151 974 3234 correspondentia
983 3173 1054 3216 curn
1063 3148 1256 3235 Magistratu
1268 3151 1329 3215 loci
1336 3151 1369 3215 in
1379 3151 1532 3216 electione

17 3247 20 3298 l
75 3235 270 3304 &vocatione
293 3237 516 3306 Ecclesiastica
536 3239 756 3304 Ministrorum
778 3241 941 3304 servanda.
967 3239 1122 3304 Generale
1143 3240 1224 3303 illud
1236 3240 1488 3304 additamentum
1503 3264 1531 3304 a.

18 3369 20 3396 l

18 3399 20 3420 l

77 3327 161 3394 loru.
182 3327 326 3413 delegati
344 3327 445 3412 aliqui
464 3331 483 3392 a
504 3327 630 3413 Synodo
649 3327 827 3407 Nationali,
849 3329 952 3394 ordini
972 3327 1197 3393 Ecclesiastico
1214 3328 1341 3393 demum
1358 3329 1430 3392 addi
1446 3330 1532 3414 passi

18 3449 20 3510 q
75 3421 138 3480 suut
155 3421 246 3504 (nam
270 3417 304 3480 in
328 3416 436 3481 ordine
456 3422 607 3501 concepto
631 3439 660 3482 a.
675 3419 782 3496 1586,
795 3419 884 3501 cujus
898 3418 1096 3482 confirmatio
1108 3417 1238 3502 politica
1249 3419 1429 3501 petebatur,
1450 3419 1531 3482 nihil

18 3521 19 3584 j
76 3504 129 3570 tale
148 3505 344 3592 comparet);
361 3509 431 3569 tum
443 3507 526 3590 quod
539 3507 633 3570 aliter
644 3528 707 3571 non
720 3512 877 3590 poterant,
891 3511 960 3570 tum
973 3508 1057 3591 quod
1069 3527 1205 3592 magnae
1218 3507 1292 3570 illae
1305 3508 1532 3590 promissiones

18 3593 19 3670 3
76 3591 106 3657 de
119 3595 279 3662 communi
294 3595 413 3660 ordinis
425 3595 641 3660 Ecclesiastici
654 3595 786 3679 politica
798 3596 1036 3660 confirmatione
1050 3600 1068 3659 a
1083 3595 1241 3679 supremis
1256 3596 1410 3660 foederati
1426 3597 1529 3682 Belgii

18 3711 20 3724 =
76 3677 283 3750 Potestatibus
299 3685 367 3768 jam
379 3685 446 3768 jam
463 3688 548 3748 certi)
564 3685 680 3750 certius
694 3686 904 3768 exspectanda
916 3685 1103 3770 prudentem
1118 3685 1199 3748 hanc
1211 3685 1445 3748 conniventiam
1457 3707 1531 3748 sua-

77 3769 190 3840 debant.
207 3773 273 3840 Sed
285 3773 363 3858 quid
374 3773 505 3852 lactum,
518 3774 738 3857 potentissima
751 3773 917 3839 Provincia
930 3796 993 3838 una
1006 3797 1077 3838 cum
1090 3774 1212 3837 duabus
1223 3773 1304 3850 aliis,
1314 3777 1444 3858 propter
1452 3796 1532 3857 quas

18 3909 20 3956 ,
77 3879 106 3925 m
142 3863 201 3929 ‘me
222 3883 358 3928 onerosa
370 3861 428 3926 illa
443 3863 658 3928 additamenta
670 3863 739 3928 ficri
752 3862 920 3943 debebant,
931 3885 1031 3947 usque
1044 3863 1077 3926 in
1086 3861 1170 3926 banc
1179 3863 1262 3927 diem
1271 3862 1413 3926 ordinem
1423 3862 1533 3927 Eccle-

77 3950 106 4014 si:
150 3975 228 4019 rcum
239 3974 306 4017 non
319 3951 555 4017 confirmarunt.
580 3951 713 4016 Interim
726 3973 859 4016 onerosa
869 3952 927 4016 illa
940 3957 1092 4035 tanquam
1106 3952 1271 4035 synodalia
1283 3955 1405 4015 statuta
1415 3974 1453 4014 ex
1463 3974 1532 4016 cor-

76 4037 106 4104 de
138 4041 280 4108 loclesiae
297 4043 320 4107 b
335 4061 375 4105 ex
386 4040 577 4106 reformatae
593 4041 774 4126 theologiae
787 4040 929 4106 fontibus
946 4044 1107 4124 concepta,
1123 4041 1267 4124 probata,
1281 4043 1303 4106 dr
1316 4040 1532 4105 Ecclesiarum

78 4149 106 4192 m
138 4131 264 4198 cientiis
280 4130 510 4210 commendata,
527 4131 646 4214 passim
651 4131 823 4214 jactantur,
837 4130 1011 4215 iisdemque
1023 4129 1167 4194 homines
1179 4151 1237 4213 pro
1250 4152 1284 4194 re
1294 4133 1530 4212 natatanquam

78 4215 106 4281 ba
142 4221 198 4302 ais,
218 4219 402 4305 catapultis,
428 4219 593 4299 arietibus,
618 4218 719 4283 vineis
739 4220 779 4282 ad
799 4220 1046 4304 oppugnandam
1066 4219 1282 4283 Ecclesiarum
1302 4219 1530 4284 &electionum

82 4305 106 4368 lii
142 4315 247 4376 tatem
261 4313 405 4375 utuntur.
419 4308 463 4373 Et
475 4312 559 4373 certe
571 4307 664 4373 aliter
676 4308 746 4372 fieri
758 4307 810 4372 vix
823 4313 938 4392 potest,
948 4307 1047 4391 utqui
1057 4330 1130 4371 suos
1142 4309 1287 4391 quamvis
1296 4307 1401 4370 miuus
1410 4311 1532 4390 alitos&

80 4393 107 4460 E
142 4400 214 4464 aar,
226 4399 332 4464 minus
345 4401 465 4483 gratos,
477 4399 504 4462 si
516 4419 580 4462 non
590 4399 685 4484 plane
699 4397 853 4481 ingratos,
866 4398 1070 4482 praevalente
1084 4396 1207 4461 ambitu
1220 4397 1380 4460 intrudere
1391 4397 1530 4470 student,

1429 4505 1531 4546 corre-
