3768 4842
326 296 369 360 34
530 291 1576 366 Ρ199Ι.1110119919Ρ9111.2991.111111.

326 483 478 568 gumeni‘?
504 485 678 572 11919.Αῇ
703 481 752 550 De
778 484 870 550 modo
893 485 1187 551 communicationis
1210 485 1345 550 saucivit
1368 484 1445 570 quid
1472 483 1605 567 antiqua
1632 481 1791 560 Ecclesia,

327 578 363 637 ut
387 577 478 637 notat
491 573 621 640 Pltotius
637 574 672 638 in
689 575 847 642 Nomoonn
871 575 915 639 tit.
930 576 961 640 3.
974 597 990 639 9
1015 575 1066 638 13.
1091 573 1203 640 Cuma
1218 575 1369 640 daemone
1387 573 1594 657 arripiuntur,
1608 571 1715 636 idonei
1726 593 1794 636 non

326 666 402 726 sunt
423 660 463 727 ad
486 661 706 728 Eucharistiae
718 663 964 747 perceptionem.
988 663 1121 728 Caetera
1135 685 1229 748 pares
1241 665 1313 728 aliis
1327 663 1489 734 fidelibus.
1511 698 1556 712 -
1576 659 1645 726 XX.
1665 659 1794 740 Quaest.

328 751 379 814 An
403 748 631 830 Menstruatae,
656 750 898 837 dtPuerperae.⁹
921 754 1011 836 Hesp.
1035 755 1096 840 Aff.
1125 749 1795 837 899199191991919199199119919191119

327 840 478 924 antiquae
501 839 662 905 Ecclesiae
690 842 775 924 apud
799 842 947 907 Photinus
976 843 1143 908 1191999911.
1169 843 1214 907 tit.
1227 843 1259 906 3.
1273 864 1297 906 9.
1315 843 1364 906 18.
1379 843 1401 908 fi
1415 842 1459 906 tit.
1473 841 1504 928 4.
1520 863 1545 904 9.
1560 840 1611 904 16.
1626 838 1710 923 9991
1727 861 1795 902 non

326 929 493 993 conveniat
514 926 683 993 Mulierem
706 934 850 1015 tempore
862 929 1063 1016 purgationis
1077 930 1251 1015 Baptizari,
1265 936 1321 995 aut
1333 929 1469 995 Coenam
1487 927 1659 1014 percipere.
1684 926 1793 992 Multo

327 1017 430 1102 magis
454 1021 604 1082 consueta
627 1019 736 1101 praxis
760 1017 792 1084 in
816 1018 957 1104 Papatu:
984 1019 1040 1084 ubi
1071 1018 1251 1104 Puerperae
1277 1024 1432 1104 tanquam
1455 1017 1638 1083 immundae
1664 1020 1795 1084 dextra

327 1104 488 1172 Ecclesiae
515 1107 767 1173 communionem
791 1110 982 1174 constitutae
1012 1107 1172 1174 habentur
1185 1114 1329 1192 tempore
1342 1107 1522 1192 puerperii;
1547 1110 1742 1190 9999119919,
1757 1107 1794 1169 in

329 1217 400 1260 eam
411 1195 585 1260 solenniter
597 1196 803 1280 recipiuntur,
816 1201 839 1265 n
852 1199 879 1262 si
891 1199 924 1262 in
936 1199 1106 1282 puerperio
1119 1198 1245 1278 obeant,
1259 1198 1424 1282 sepultura
1437 1195 1661 1262 Ecclesiastica
1673 1195 1794 1260 saltem

328 1285 486 1368 completa
509 1285 532 1351 11
554 1285 682 1369 proprie
705 1285 790 1350 uicta
817 1309 879 1352 non
903 1287 1079 1371 potiuntur,
1099 1288 1154 1352 sed
1166 1286 1317 1352 cadavere
1329 1290 1455 1352 tantum
1472 1290 1574 1350 terrae
1587 1285 1748 1362 mandato,
1769 1287 1795 1350 dt

329 1373 460 1439 candido
483 1374 581 1438 linteo
606 1374 765 1458 imposito,
790 1376 911 1461 absque
934 1376 1060 1441 tumulo
1084 1377 1181 1463 (quod
1204 1375 1236 1439 in
1258 1375 1435 1440 Brabantia
1446 1374 1613 1440 vernacule
1627 1373 1797 1458 appellant

329 1462 374 1552 pt
397 1461 465 1548 liitlt
492 1461 626 1548 11911119),
640 1468 712 1547 post
729 1465 880 1530 ordinarii
892 1465 1046 1550 temporis
1059 1467 1223 1549 puerperis
1235 1465 1370 1549 praefixi
1386 1465 1552 1528 decursum
1562 1463 1651 1546 justa
1663 1463 1795 1527 demum

328 1551 523 1636 persolvunt,
551 1574 640 1616 sacra
664 1553 808 1618 solennia
832 1555 855 1621 fi
878 1554 1032 1640 suffragia
1058 1559 1228 1639 peragunt,
1248 1575 1398 1638 pompam
1420 1552 1586 1617 funebrem
1599 1551 1793 1630 deducenda,

329 1641 490 1706 tumulum
517 1641 716 1722 exstruendo,
741 1665 830 1709 sacra
854 1646 877 1710 n
896 1643 992 1708 solita
1004 1665 1062 1726 pro
1075 1643 1232 1708 defunctis
1245 1643 1399 1728 suffragia
1410 1641 1611 1719 absolvendo,
1624 1643 1647 1707 n
1659 1641 1795 1724 epulum

329 1729 428 1794 ferale
451 1753 507 1794 seu
534 1728 729 1795 silicernium
750 1730 953 1798 absumendo.
979 1729 1075 1796 Ratio
1100 1731 1363 1816 superstitionum
1376 1732 1509 1795 istarum
1523 1730 1644 1813 petitur
1661 1751 1699 1794 ex
1715 1731 1793 1794 Luc.

328 1819 359 1881 2.
375 1840 404 1883 9.
417 1819 469 1883 22.
487 1819 543 1882 ubi
556 1819 736 1902 exemplum
749 1821 980 1904 purificationis
992 1819 1114 1885 Mariae
1127 1843 1209 1906 quae
1222 1821 1275 1886 40.
1289 1820 1400 1886 diebus
1413 1824 1432 1883 a
1447 1820 1567 1903 templo
1581 1819 1794 1884 abstinuerat.

328 1905 431 1983 Quam
454 1908 607 1991 lemPOriS
634 1929 818 1974 mensuram
846 1911 1006 1988 κακοζηλία
1031 1912 1054 1976 lt
1080 1932 1229 1993 perversa
1253 1910 1378 1974 devotio
1405 1907 1609 1972 mulierculas
1621 1907 1795 1972 nonnullas

330 1997 465 2062 antehac
488 1996 602 2081 Belgio
628 2000 737 2060 nostro
760 1998 880 2062 imitari
905 2001 928 2065 n
951 2020 1076 2063 servare
1100 1999 1190 2064 fecit:
1214 2004 1250 2063 ut
1267 1997 1473 2083 puerperium
1488 2019 1552 2061 non
1564 1997 1794 2080 relinquerent,

327 2107 385 2150 nec
411 2086 567 2170 templum
579 2086 753 2150 reviserent
770 2093 843 2152 ante
857 2087 910 2152 39.
923 2091 980 2151 aut
992 2087 1043 2151 to.
1070 2091 1089 2150 ia
1116 2093 1211 2172 partu
1228 2087 1328 2152 diem:
1354 2093 1389 2152 ut
1412 2086 1661 2151 confirmatiores
1685 2091 1795 2150 essent

328 2177 350 2240 fi
378 2174 489 2240 diebus
516 2173 597 2238 forte
622 2175 644 2240 fi
669 2172 877 2240 hebdomadis
906 2176 1028 2259 aliquot
1052 2181 1136 2254 ante,
1149 2177 1338 2260 praesertim
1352 2177 1439 2242 coelo
1454 2173 1652 2240 clementiori
1664 2175 1795 2258 prodire

326 2263 514 2347 potuissent.
540 2261 693 2328 Doctores
719 2263 858 2329 latentur
883 2269 990 2328 tamen
1007 2264 1205 2330 Christianos
1218 2266 1289 2351 lege
1301 2266 1358 2330 illa
1369 2264 1600 2349 purificationis
1612 2285 1695 2327 nunc
1707 2263 1794 2327 abo-

331 2352 398 2430 lita,
423 2352 542 2436 quippe
564 2351 747 2437 figurativa,
773 2376 837 2418 999
860 2354 1015 2438 obligari:
1040 2355 1087 2419 uti
1113 2357 1311 2421 Innocentiam
1334 2356 1389 2420 Ill.
1418 2356 1454 2419 in
1469 2355 1607 2440 Antiqui
1621 2354 1796 2418 collectione

329 2441 478 2506 Decretol.
497 2443 526 2505 3.
545 2441 596 2506 lib.
610 2442 641 2506 3.
655 2442 697 2506 tit.
717 2441 768 2507 36.
786 2444 854 2508 &in
877 2446 951 2508 lure
970 2441 1126 2510 Canonico
1153 2444 1244 2524 Quin,
1268 2445 1307 2508 de
1330 2443 1551 2528 purificatione
1566 2447 1639 2526 post
1650 2445 1793 2525 parturn.

328 2529 373 2594 Et
398 2529 443 2594 sic
469 2532 563 2616 Lyra,
592 2531 736 2606 1911999,
765 2534 784 2595 ὰ
815 2533 1111 2616 LapideinLeoitic.
1132 2535 1181 2598 12.
1203 2533 1301 2598 Addit
1322 2531 1796 2598 1191999919191191191119119

332 2616 482 2686 Cononici
508 2620 573 2685 tit.
600 2622 629 2682 3.
654 2621 699 2685 n't.
724 2620 776 2684 46.
806 2621 833 2684 si
846 2645 884 2686 ex
897 2622 1098 2686 veneratione
1113 2623 1272 2687 voluerint
1287 2621 1482 2705 aliquamdiu
1496 2620 1667 2696 abstinere,
1679 2640 1794 2683 corum

327 2709 517 2774 devotionern
539 2730 605 2774 999
627 2729 691 2773 csse
712 2710 965 2793 improbandum,
991 2710 1023 2775 tt·
1045 2712 1423 2796 19119991191191191·99919
1439 2708 1795 2793 Μ9119199,99191999-

327 2817 402 2862 1199
417 2811 460 2863 cet
476 2800 628 2864 utentium
642 2797 684 2861 ibi
696 2799 801 2862 timere
812 2802 947 2884 culpant,
960 2798 1015 2864 nti
1026 2803 1118 2884 culpo
1135 2802 1266 2866 91191191
1276 2802 1439 2884 reperitur,
1453 2821 1521 2882 cap.
1534 2797 1709 2862 Consilium
1718 2819 1794 2881 sup.

327 2888 377 2952 tit.
401 2909 491 2970 prox.
516 2886 578 2952 Sed
602 2889 631 2952 1.
644 2907 715 2951 9919
729 2887 856 2953 videant
868 2889 1127 2954 consuetudinem
1138 2893 1157 2954 a
1169 2891 1240 2976 lege
1254 2889 1412 2954 Canonica
1425 2890 1457 2952 in
1471 2887 1590 2972 populo
1605 2909 1663 2951 suo
1676 2885 1792 2970 Papali

329 2975 500 3042 divortium
516 2976 628 3056 facere,
642 2978 664 3040 11
676 2976 793 3040 omissa
807 2978 878 3063 lege
895 2976 1091 3062 apprehendi
1102 2979 1185 3044 hanc
1197 2977 1372 3043 Innocentii
1401 2973 1635 3050 σνγκατὰβασιν
1647 2979 1670 3042 lt
1681 2977 1796 3040 conni-

328 3065 479 3144 ventiam,
496 3087 629 3150 eamque
641 3069 798 3149 perpatuit
811 3068 1036 3132 consuetudine
1049 3068 1140 3150 quasi
1153 3067 1317 3152 popularis
1330 3066 1412 3150 legis
1425 3069 1479 3152 (an
1493 3065 1621 3148 erroris)
1634 3065 1795 3129 autorita-

327 3157 392 3217 tem
416 3154 477 3218 sibi
501 3153 714 3239 acquisivisse.
740 3156 770 3220 2.
794 3157 892 3242 Atque
918 3157 1226 3240 itapseudo-devott
1250 3157 1306 3220 itta
1320 3155 1513 3220 abstinentia
1525 3176 1589 3218 non
1601 3153 1755 3218 abstineri
1774 3159 1796 3218 ὸ,

326 3243 431 3326 specie
452 3244 539 3309 mali.
564 3245 593 3308 3.
618 3243 740 3309 11111999
751 3243 948 3310 Christianos
960 3245 1066 3310 doceri
1077 3244 1245 3310 iudaizare
1258 3245 1317 3324 (uti
1336 3246 1437 3310 Galat.
1455 3246 1485 3308 2.
1503 3265 1530 3310 9.
1547 3243 1612 3326 14.)
1636 3244 1666 3308 4.
1693 3245 1795 3308 Ρ199-

327 3343 407 3398 terea
431 3333 549 3398 incurri
571 3336 737 3416 peccatum
760 3333 840 3398 illud
864 3334 1105 3418 superstitiosae
1129 3335 1353 3408 abstinentiae,
1377 3334 1460 3418 quod
1487 3337 1616 3398 taxatur
1646 3331 1743 3400 Colca.
1760 3333 1794 3396 2.

327 3422 380 3486 21.
398 3423 428 3488 5.
453 3423 557 3488 Etiam
583 3423 678 3507 longe
702 3423 804 3486 recedi
833 3427 852 3488 fi
871 3425 997 3508 praxi&
1013 3423 1156 3488 doctrina
1172 3425 1322 3507 antiquae
1335 3422 1507 3502 Ecclesiae,
1524 3443 1605 3505 quae
1618 3423 1748 3486 externe
1768 3425 1795 3488 a

326 3512 535 3576 materialiter
557 3511 639 3576 nihil
664 3511 728 3596 agi,
753 3517 809 3576 aut
827 3513 947 3577 anullo
961 3512 1116 3577 abstineri
1130 3513 1238 3592 voluit,
1252 3534 1315 3596 quo
1328 3510 1502 3576 Christiani
1516 3511 1696 3575 viderentur
1708 3531 1795 3574 con-

326 3600 434 3664 venire
447 3623 519 3665 9919
531 3599 552 3664 J
555 3600 711 3665 udaismo:
736 3601 784 3665 uti
798 3601 903 3666 videre
920 3606 970 3665 est
984 3603 1020 3666 in
1040 3601 1153 3668 Concil.
1171 3603 1292 3668 Luotlic.
1314 3601 1390 3670 Cen.
1405 3601 1458 3664 37.
1473 3601 1525 3664 38.
1542 3599 1584 3664 Et
1599 3599 1631 3664 in
1645 3598 1693 3674 iis,
1707 3621 1795 3682 quae

326 3688 364 3753 de
388 3689 600 3754 celebratione
627 3688 779 3768 Paschae,
804 3695 915 3756 contra
935 3689 1245 3770 Quartodecimanos,
1263 3712 1446 3774 quanquam
1460 3711 1497 3754 ex
1514 3689 1596 3754 falsa
1608 3687 1794 3773 hypothesi,

327 3777 418 3864 [pag.
437 3777 496 3864 37]
511 3783 642 3843 statuta.
657 3779 687 3842 6.
702 3779 836 3862 Insuper
848 3780 1025 3864 periculum
1039 3779 1090 3858 sit,
1104 3801 1143 3842 ne
1156 3779 1300 3844 homines
1314 3801 1370 3863 per
1381 3777 1592 3843 universalem
1609 3777 1732 3842 illam&
1749 3778 1795 3842 ab

326 3865 487 3932 Ecclesiae
516 3867 691 3932 rectoribus
719 3869 930 3952 approbatam
951 3867 1473 3952 919111991199991911991199991
1488 3868 1668 3950 opinionem
1683 3889 1759 3930 nece
1787 3905 1794 3916 ·

326 3955 440 4037 sitatis,
464 3959 487 4024 fi
513 3957 668 4042 mysticae
693 3955 946 4041 significationis,
969 3957 1072 4022 sinon
1085 3957 1225 4042 ejusdem
1239 3957 1343 4042 specie
1356 3979 1437 4040 quae
1450 3955 1513 4020 fuit
1524 3957 1558 4020 in
1571 3955 1610 4022 V.
1625 3955 1662 4020 T.
1676 3955 1767 4019 salte·
1786 3982 1795 4020 ι

325 4045 467 4127 ejusdem
494 4067 610 4131 genere
635 4048 657 4113 fi
681 4046 847 4130 analogia.⁸
872 4047 963 4131 quasi
991 4047 1179 4111 successerit
1203 4046 1383 4130 purificatio
1398 4044 1477 4110 haec
1489 4046 1662 4110 secundum
1674 4066 1758 4109 nova
1786 4069 1794 4110 1

326 4134 430 4219 legem
438 4134 651 4219 purificationi
659 4135 830 4200 secundnm
839 4136 943 4221 legem
951 4140 1091 4200 veterem
1102 4160 1109 4210 ;
1122 4136 1278 4220 99991919
1289 4134 1355 4199 fere
1368 4138 1469 4199 totam
1481 4136 1586 4219 legem
1595 4134 1753 4200 ceremoni
1785 4171 1794 4184 ·

325 4223 389 4287 lem
402 4223 560 4289 refodiunt
568 4222 738 4299 Pontificii,
749 4224 795 4287 uti
802 4224 907 4290 videre
917 4230 965 4288 est
973 4226 1057 4308 apud
1071 4225 1645 4309 711911191912991039113914.
1658 4223 1796 4288 11199.-

325 4333 385 4396 999
398 4311 556 4378 191911οηὶ
569 4313 741 4397 putatitiae
756 4312 837 4377 nihil
852 4313 892 4378 ab
908 4313 1131 4398 ignorantibus
1149 4313 1375 4380 mulierculis&
1390 4313 1608 4378 sacerdotibus
1623 4313 1794 4396 praetendi

325 4401 426 4488 possit
434 4423 529 4486 quam
539 4404 698 4480 κακοζηλία
706 4402 843 4484 exempli
853 4401 889 4466 B.
899 4401 1031 4478 Mariae,
1041 4425 1121 4486 quae
1130 4407 1198 4467 erat
1206 4403 1348 4486 subjecta
1363 4403 1427 4488 legi
1440 4402 1652 4480 ceremoniali,
1666 4404 1688 4467 fi
1700 4401 1794 4485 cujus

1699 4511 1795 4580 pun-
