3668 4856
852 177 862 206 t

137 250 145 277 r
458 236 466 262 ¹
523 229 526 234 ’

256 297 368 370 Tarus.
393 300 450 370 lll.
475 279 523 368 lla
540 299 752 369 ‘desuescas
777 327 812 368 ar
836 301 981 368 Csiarrasr.
1005 296 1096 366 aar
1121 301 1191 366 Osa.
1216 298 1272 366 IX.
1420 295 1499 364 ⁸351

13 549 16 570 ι
72 489 253 574 L'lpmeusem
266 488 356 576 [pag.
368 490 462 576 253]
476 488 681 554 conveniebat
697 488 784 554 horis
796 489 1021 574 pomeridianis
1031 489 1213 572 synedrium
1223 487 1441 565 Heasdanum,
1454 488 1509 551 ad-

13 575 15 662 ‡
71 580 170 644 acatis
192 579 387 644 &associatis
401 601 463 642 non
476 583 602 643 tanturn
615 577 792 642 senioribus
805 581 827 644 tr
841 578 980 642 diacoma
993 578 1048 662 qui
1061 578 1204 662 proxime
1217 577 1257 640 ab
1274 577 1423 640 exercitio
1435 576 1509 640 fun·

13 673 15 680 ’
71 668 327 734 chonamillarum
339 668 547 732 discesserant
560 667 621 752 (uti
633 667 736 731 hocin
749 667 965 732 vocationibus
978 667 1195 735 ministrorum
1208 665 1325 730 alicubi
1334 665 1403 730 fieri
1411 666 1506 748 solet)

72 757 113 820 scd
130 758 219 822 etiam
230 757 387 836 omnibns,
405 757 459 842 qui
475 779 616 840 unquam
628 756 812 821 muneribus
826 757 891 820 illis
903 757 934 820 in
952 756 1095 820 Ecclesia
1110 755 1281 819 Heusdant
1293 755 1394 820 functi
1407 758 1507 831 erant,

13 849 14 866 ¹
71 849 203 930 quotquot
229 851 303 910 tnnc
321 846 497 910 etiamnum
509 845 696 929 superstites
709 845 800 910 domo
814 867 877 910 non
889 845 1030 909 aberant.
1056 843 1189 910 illorum
1201 844 1331 928 paribus
1344 843 1506 928 suffragiis

72 956 118 1019 ego
138 935 251 1000 electus
264 938 287 1000 b
300 939 429 999 vocatus
442 934 499 998 fui.
524 933 690 1009 Postridie,
704 935 759 1017 qui
775 939 843 998 erat
856 934 922 999 dies
939 934 1124 1010 dominicus,
1138 933 1311 998 vocationis
1323 932 1417 1015 hujus
1432 933 1507 996 scri·
1587 931 1591 945 '

70 1028 128 1115 plac
148 1023 331 1108 approbatio
356 1026 373 1087 a
397 1021 532 1107 Satrapa
555 1024 577 1088 b
597 1022 890 1107 Magistratnmore
906 1023 1000 1088 solito
1013 1023 1173 1108 postulata
1185 1022 1257 1086 luit.
1282 1020 1424 1086 Indictus
1441 1025 1510 1085 erat

71 1117 219 1177 ¹concentus
242 1111 450 1198 Magistratus
475 1116 494 1176 a
516 1108 665 1196 Satrapa3
690 1112 740 1176 cui
764 1113 824 1176 hoc
847 1118 999 1196 tanquam
1019 1109 1355 1197 principibperpetuo
1372 1110 1510 1194 praesidi

70 1205 187 1282 senatus,
210 1204 234 1268 te
246 1203 318 1286 jure
343 1202 520 1267 &moribus
536 1201 696 1285 competit.
722 1199 784 1265 Sed
796 1223 867 1267 cum
881 1201 1059 1285 praefectus
1072 1201 1222 1265 militaris
1235 1201 1383 1264 odoratus
1397 1198 1510 1264 fuisset

71 1289 99 1354 de
111 1290 331 1375 approbatione
345 1291 518 1354 vocationis
531 1282 772 1355 Ecclesiasticae
786 1289 818 1354 in
831 1291 888 1354 illo
900 1295 1055 1356 conventu
1069 1290 1227 1375 agendum
1242 1311 1321 1368 csse,
1335 1292 1427 1353 autor
1439 1287 1509 1352 fue·

13 1391 14 1404 ¹
71 1382 109 1444 rat
118 1380 303 1464 quibusdam
314 1377 532 1459 Senatoribus,
545 1383 581 1444 nt
594 1402 632 1444 ex
645 1383 800 1443 conventu
813 1380 868 1444 illo
882 1383 1080 1456 emanerent;
1094 1384 1130 1443 ut
1138 1379 1184 1442 ita
1193 1378 1403 1462 protelaretur
1411 1399 1510 1462 nego·

13 1473 15 1546 j
70 1467 134 1532 tiam
156 1467 410 1552 approbationis;
434 1470 457 1534 tr
480 1468 601 1533 interea
624 1469 715 1532 fieret
739 1468 869 1554 aliquid,
894 1468 991 1532 etiam
1013 1468 1135 1533 occasio
1152 1467 1332 1532 elaberetur
1343 1466 1472 1550 petendi
1488 1467 1533 1530 &¹

69 1556 211 1622 obtinendi
234 1557 497 1642 approbationem
509 1557 628 1636 classiS,
641 1579 723 1640 quae
738 1557 881 1639 proxime
894 1558 1039 1643 sequenti
1051 1557 1101 1620 die
1113 1559 1207 1621 lunae
1222 1555 1438 1621 Gorinchcmii
1449 1555 1509 1619 ha·

13 1713 15 1728 ,
70 1644 155 1710 tenda
170 1650 247 1710 erat.
264 1646 314 1710 Ex
327 1647 525 1711 senatoribus
539 1645 729 1730 apraefecto
741 1646 874 1710 militari
886 1647 1045 1730 persuasis
1058 1669 1100 1710 an
1111 1645 1292 1730 compulsis,
1307 1645 1363 1708 alii
1374 1645 1408 1708 in
1420 1644 1511 1729 oppi-

13 1735 15 1814 ,
70 1733 101 1797 do
118 1735 239 1818 quidem
261 1757 296 1800 se
318 1734 533 1814 continebant,
558 1736 612 1799 sed
624 1757 687 1799 non
701 1735 786 1798 domi
798 1759 884 1813 suae,
899 1735 955 1799 alii
967 1740 1057 1800 extra
1069 1735 1222 1819 oppidum
1234 1735 1292 1800 sub
1307 1734 1420 1798 horam
1432 1755 1512 1798 con-

13 1859 15 1890 3
71 1827 165 1888 ventus
189 1824 403 1910 exspatiatum
426 1824 567 1888 iverant:
592 1847 631 1888 ne
649 1823 784 1907 Satrapa
801 1847 853 1888 eos
865 1825 967 1888 denuo
980 1847 1036 1908 per
1048 1823 1263 1908 apparitorem
1275 1823 1374 1889 citare
1387 1827 1511 1908 posset;

13 1953 15 2000 ,i
70 1912 113 1975 sed
132 1917 318 1978 conventum
340 1913 636 1997 &approbationem
648 1913 681 1976 in
695 1913 782 1976 aliud
793 1916 919 1997 tempus
932 1913 1059 1977 differre
1072 1916 1249 1998 cogeretur.
1274 1911 1411 1977 sednon
1429 1915 1532 1993 venit¹

13 2001 15 2066 l
71 2003 130 2065 tnnc
151 2003 183 2066 in
206 2006 347 2068 mentem
360 2001 519 2086 praefecto
531 2001 673 2080 militari,
687 2001 761 2066 hnic
774 2003 852 2066 duro
867 2003 949 2067 nodo
962 2003 1074 2066 durum
1092 2023 1226 2066 cuneum
1239 2024 1307 2066 esse
1320 2005 1477 2085 paratum,
1491 2003 1514 2068 a
1544 2011 1545 2016 ’

13 2121 15 2170 ;
69 2087 131 2154 hnic
151 2091 276 2156 ataxiae
295 2095 405 2155 contra
416 2091 556 2156 muneris
569 2091 709 2175 ipsorum
721 2091 920 2173 requisitum,
933 2092 1075 2156 ordinem
1088 2091 1121 2155 in
1133 2091 1426 2155 fundamentalibus
1442 2113 1514 2174 spe·

13 2187 15 2266 J
70 2179 143 2244 ciclis
154 2181 204 2245 sui
215 2179 383 2266 regiminis
395 2181 524 2244 statutis
541 2179 685 2266 (Belgica
697 2179 881 2269 Eustochio)
894 2186 1020 2264 praesto
1032 2203 1111 2245 esse.
1128 2179 1264 2264 Satrapa
1276 2203 1347 2244 cum
1360 2180 1466 2264 plures
1476 2202 1515 2243 ex

13 2353 15 2356 Ι
71 2269 254 2334 aratoribus
276 2291 361 2334 nunc
380 2269 559 2334 denuoase
572 2269 685 2334 citatos
698 2291 759 2333 non
772 2292 952 2354 comparere
965 2270 1240 2347 animadverteret,
1254 2292 1325 2333 curn
1337 2269 1515 2352 praesenti-

13 2371 15 2440 }
72 2355 119 2420 bus
128 2359 292 2423 consilium
305 2358 389 2442 cepit
404 2359 595 2422 convocandi
607 2381 715 2423 omnes
727 2356 799 2422 illos
812 2359 868 2442 qni
882 2382 1021 2443 unquam
1033 2381 1162 2422 munere
1176 2359 1297 2423 scabini
1310 2363 1365 2422 aut
1377 2358 1515 2425 consulis

13 2459 15 2534 ζ
71 2445 157 2511 iuncti
171 2451 280 2524 erant;
305 2447 452 2530 aquibus
464 2471 527 2512 una
540 2470 611 2512 curn
623 2445 758 2531 Satrapt
771 2450 792 2514 tr
806 2448 1026 2531 praesentibus
1040 2447 1132 2512 istius
1145 2448 1221 2511 anni
1237 2448 1447 2527 senatoribus,
1461 2469 1517 2512 vo·

70 2535 140 2600 ratic
162 2536 385 2612 Ecclesiastica
401 2537 577 2620 approbata
589 2537 661 2602 fuit.
686 2535 842 2601 Postridie
855 2538 908 2600 22.
925 2535 1004 2620 Maji
1015 2537 1108 2601 classi
1121 2558 1202 2620 quae
1214 2541 1289 2601 tuno
1303 2536 1517 2603 (lorinchemii

13 2629 15 2656 ³
70 2629 253 2704 marcuerat,
278 2625 438 2709 scripta&
461 2624 648 2710 subsignata
672 2625 804 2704 vocatia,
829 2631 865 2690 ut
888 2628 911 2691 tr
931 2625 1141 2710 Magistratus
1154 2625 1341 2709 approbatio
1355 2626 1516 2690 exhibitae

13 2755 15 2770 ι
70 2719 151 2791 sunta
176 2737 257 2803 quae
282 2718 354 2798 post
365 2719 546 2779 accuratam
563 2715 733 2780 earundem
750 2719 846 2800 atque
857 2715 1000 2779 omnium
1015 2714 1326 2780 circumstantiarum
1338 2715 1517 2779 considera·

13 2847 14 2878 ,
69 2800 186 2880 donem,
205 2803 404 2868 vocationem
428 2808 464 2868 nt
488 2804 592 2868 debite
617 2807 640 2870 tr
661 2804 803 2890 legitime
817 2803 936 2868 factam
948 2804 1147 2888 approbavit.
1171 2803 1231 2868 His
1245 2803 1323 2867 actis
1336 2809 1408 2868 ante
1422 2803 1517 2868 meri-

13 2895 15 2954 ἶ
70 2888 152 2970 diem,
164 2892 342 2976 comparuit
353 2893 522 2958 demmnin
531 2893 630 2958 classe
639 2892 1036 2957 concionatorHeasdanus
1046 2891 1354 2956 Remonstrantismo
1363 2893 1516 2967 addictus,

69 2980 252 3046 ordinarium
263 2981 357 3046 istius
370 2983 479 3047 classis
490 2982 684 3058 membrum;
697 2981 748 3046 cui
759 2981 886 3067 roganti
899 2982 975 3066 quid
987 2987 1093 3046 actum
1102 2987 1184 3046 esset
1194 2982 1231 3046 de
1242 2982 1403 3046 vocatione
1412 2980 1518 3046 Heus·

13 3069 14 3130 ἒ
69 3067 151 3149 nne,
170 3071 382 3155 respondebat
404 3093 530 3155 praeses
553 3071 662 3134 classis
686 3073 709 3136 tr
732 3071 835 3136 scriba
855 3094 894 3135 ex
906 3071 984 3136 actis
1001 3072 1215 3156 praelegebat,
1231 3093 1300 3134 eam
1313 3071 1519 3136 classicaliter

13 3155 15 3222 ῗ
69 3159 277 3241 approbatam.
302 3160 371 3236 Quo
384 3160 501 3238 audite,
515 3163 551 3224 ut
564 3164 633 3224 crat
645 3160 829 3243 impotentis
841 3160 950 3238 animi,
963 3159 1081 3224 mirum
1094 3160 1126 3223 in
1139 3160 1266 3223 modum
1280 3160 1482 3238 stomachari,
1496 3163 1519 3226 de

13 3325 14 3328 Ἴ
69 3247 305 3314 obtrectationes
318 3249 478 3314 effundere
489 3249 603 3332 coepit.
627 3248 755 3326 Classis,
768 3254 895 3313 assueta
908 3250 1060 3333 ejusmodi
1073 3249 1254 3312 verbalibus
1266 3250 1413 3333 procellis
1425 3249 1519 3312 toties

70 3335 107 3400 ab
127 3337 181 3402 illa
203 3361 276 3404 arce
300 3339 340 3402 ad
362 3338 501 3403 actiones
525 3361 599 3402 suas
616 3337 790 3402 turbandos
803 3338 965 3417 immissis,
978 3337 1106 3402 hortata
1119 3342 1167 3401 est
1180 3361 1252 3402 eum
1265 3361 1303 3402 ne
1318 3341 1520 3402 contenderet

29 3479 35 3501 ,
68 3429 169 3492 contra
189 3427 453 3512 approbationem
473 3426 618 3512 legitime
640 3427 776 3504 factam
797 3429 820 3492 tr
841 3431 876 3491 ut
892 3428 994 3492 ordini
1018 3428 1122 3491 locum
1141 3428 1240 3506 daret,
1265 3427 1356 3512 eique
1374 3449 1407 3492 se
1420 3427 1520 3511 subji-

69 3521 155 3582 ceret.
171 3517 261 3602 [pag.
275 3516 381 3668 2541p1

108 3601 244 3670 Obtentt
269 3606 321 3669 22.
382 3605 424 3688 aji
440 3606 669 3688 approbatione
682 3606 847 3684 classicali,
864 3605 1003 3691 delegati
1015 3605 1153 3688 synedrii
1169 3605 1333 3669 Heusdani
1346 3606 1395 3670 die
1408 3604 1521 3669 Martis

69 3693 116 3756 23.
129 3691 206 3775 ltlaji
218 3698 237 3757 a
250 3694 396 3780 synedrio
408 3693 569 3760 Ecclesiae
579 3693 761 3778 Ulymensis
771 3695 985 3759 dimissionem
994 3695 1213 3778 postularunt,
1228 3717 1309 3779 qnae
1318 3695 1436 3779 scripta
1444 3695 1522 3778 ipsis

68 3783 89 3845 lr
109 3782 187 3846 mihi
209 3781 360 3847 Heusdae
383 3787 458 3848 tunc
476 3784 684 3860 commoranti
703 3783 821 3847 tradita
841 3783 903 3846 fuit
926 3785 976 3846 nl.
991 3783 1069 3867 Maji
1081 3785 1174 3846 mane
1187 3788 1259 3847 aute
1273 3784 1383 3848 horam
1399 3789 1521 3848 sextam

67 3891 101 3934 nn
165 3871 263 3935 inam.
288 3871 409 3935 Eodem
432 3872 481 3937 die
502 3872 581 3936 hora
596 3876 706 3936 octava
721 3873 828 3936 concio
841 3871 986 3936 habenda
998 3872 1079 3935 mihi
1092 3875 1110 3936 a
1124 3895 1138 3935 s
1141 3873 1271 3956 ynedrio
1283 3873 1431 3957 imposita
1441 3878 1521 3952 erat,

67 3963 101 4024 ut
202 3961 327 4026 ratione
340 3960 372 4024 in
388 3962 618 4044 possessionem
634 3961 696 4025 mei
708 3960 859 4024 ordinarii
871 3960 903 4022 in
916 3960 972 4024 ills
985 3961 1127 4025 Ecclesia
1139 3961 1319 4040 ministerii,
1335 3962 1445 4045 pedem
1466 3985 1523 4047 po·

67 4071 101 4112 ne
201 4049 286 4135 quod
298 4049 530 4134 belgismus'sic
542 4051 701 4135 exprimit,
714 4054 751 4114 ut
762 4049 825 4114 mei
840 4048 1006 4114 ministerii
1019 4049 1250 4134 possessionem
1262 4071 1417 4134 caperem.
1442 4050 1524 4127 Quia

13 4213 15 4228 Ι
65 4159 101 4202 aa
192 4160 255 4202 non
281 4140 361 4202 vane
374 4141 635 4221 praesumebatur
651 4163 689 4204 er
701 4138 971 4204 Remonstrantici
983 4139 1210 4204 concionatoris
1223 4142 1245 4206 tr
1258 4141 1419 4222 cujusdam
1431 4165 1523 4206 sena-

13 4299 15 4314 Ι
66 4231 101 4290 tor
129 4227 360 4292 scursitatione
373 4228 413 4290 ad
423 4226 586 4293 ,Illustrem
598 4231 621 4294 tr
632 4251 822 4314 generosum
838 4228 1000 4292 dominum
1011 4230 1209 4312 praetectum
1220 4230 1403 4307 militarem,
1417 4230 1524 4316 aliquo

64 4315 101 4381 lor
173 4316 400 4400 ’···Ρθάἰωθηὲο
423 4319 689 4402 praeveniendum
713 4342 780 4383 esse
801 4341 904 4382 meam
918 4318 950 4381 in
967 4318 1116 4382 cathedra
1134 4318 1331 4397 locationem,
1350 4322 1472 4382 mature
1485 4321 1525 4382 ad

64 4413 101 4471 ter
247 4427 298 4470 me
322 4405 523 4472 conferebam
551 4407 629 4471 hora
656 4408 800 4492 septima,
823 4429 898 4471 cum
910 4407 1049 4490 primum
1061 4408 1189 4471 daretur
1205 4408 1342 4494 signum.
1367 4409 1447 4473 (lum
1455 4411 1524 4493 jam

1409 4519 1524 4561 coeme-
