3668 4856
128 303 134 317 '
240 299 353 375 Tuaen.
378 299 435 368 ΙΙΙ.
460 299 508 386 Da
532 301 736 367 Convenimus
760 324 796 366 nr
819 299 965 367 Oouarsr.
989 297 1115 365 Edonas.
1140 285 1211 366 Cir.
1236 299 1309 366 Vll.
1445 295 1507 363 307

73 489 111 554 sui
128 490 155 553 in
174 513 205 555 se
231 491 377 575 spectati,
393 495 429 557 ut
441 491 545 556 senior
560 495 624 574 quat
638 489 752 569 senior,
768 490 814 554 ibi
828 489 1043 574 compareat&
1059 491 1214 574 synodum
1227 489 1415 564 constituat;
1429 483 1508 550 alio·

73 580 132 663 quin
153 602 258 644 omnes
269 581 388 664 absque
401 581 468 645 ulla
480 579 628 644 missione
641 584 697 644 aut
708 579 907 665 delegatione
921 579 987 643 illic
998 601 1179 662 comparere
1192 583 1390 643 tenerentur:
1404 577 1458 640 sed
1471 597 1509 639 ex

73 667 243 754 delegatione
263 691 300 734 ac
311 671 459 734 mandato
472 668 642 750 Ecclesiae,
655 687 739 754 quae¹
749 673 902 751 tanquam
914 668 1046 736 ultimus
1059 671 1148 732 actus
1162 667 1331 751 specificat,
1348 689 1384 730 ae
1396 665 1510 729 fundat

73 756 144 820 istum
156 762 342 841 potestatam
354 759 538 844 synodalem
550 759 573 824 dr
584 758 636 842 jus
649 757 795 842 suffragii
807 757 945 821 decisivi.
959 755 1049 833 Quod
1062 779 1100 821 ex
1112 758 1233 820 duobus
1246 755 1426 841 colligitur:

107 846 130 909 l.
152 847 228 928 Quia
255 847 316 930 ipsi
341 847 574 912 concionatores
594 846 742 931 synodale
762 847 814 930 jus
838 868 899 910 non
924 846 1054 923 habent,
1078 845 1140 909 uisi
1164 869 1202 910 er
1223 845 1423 931 delegatione
1439 848 1512 908 tan-

72 956 148 1018 quam
168 936 309 1019 proximo
332 936 547 1000 fundamento.
573 934 626 998 Fit
638 940 744 1000 auteur
761 935 919 1020 delegatio
932 935 989 999 illa
1000 934 1176 1018 dupliciter.
1202 936 1250 999 Vcl
1263 933 1442 998 virtualiter
1455 955 1510 997 seu

72 1024 247 1106 generaliter,
270 1026 311 1088 ad
333 1026 476 1100 classem,
489 1025 523 1088 in
535 1029 598 1108 qua
610 1028 762 1108 perpetuo
778 1029 940 1108 comparet
953 1024 1063 1087 unicus
1076 1022 1237 1088 Ecclesiae
1250 1033 1401 1106 cujusque
1414 1022 1510 1086 mini-

73 1117 130 1189 ster,
140 1114 306 1178 secundum
317 1113 557 1178 constitutiones
570 1113 808 1178 Ecclesiasticus
820 1137 827 1188 ;
840 1117 1021 1177 nontamen
1035 1113 1102 1176 sinc
1116 1112 1217 1176 literis
1229 1113 1311 1178 fidei.
1335 1114 1381 1178 Vel
1395 1111 1513 1176 forma·

73 1200 129 1264 liter
147 1202 167 1264 dr
189 1203 347 1286 explicite,
363 1203 575 1267 intercedente
588 1207 712 1267 exserta
724 1224 760 1266 ac
773 1202 925 1284 peculiari
941 1201 1094 1266 electione
1106 1203 1129 1267 a
1141 1201 1288 1266 missione
1301 1202 1340 1265 ad
1356 1200 1510 1286 synodum

21 1318 29 1341 ι
75 1290 276 1371 provincialem
289 1295 346 1355 aut
359 1291 563 1356 nationalem.

105 1379 130 1441 2.
152 1381 229 1462 Quia
254 1379 406 1456 Ecclesia,
434 1380 578 1464 quamvis
603 1379 774 1444 mittendos
799 1380 839 1444 ad
851 1379 1006 1464 synodum
1022 1379 1160 1443 maxime
1175 1379 1303 1444 idoneos
1319 1379 1404 1443 inter
1417 1379 1512 1443 mini·

71 1473 136 1530 stros
148 1468 294 1546 iuveniat,
308 1471 331 1536 da
347 1491 384 1533 ex
398 1469 436 1533 iis
448 1469 634 1553 plerumque
647 1473 703 1533 aut
715 1469 874 1532 ordinario
886 1473 1001 1546 sumat,
1020 1472 1126 1551 potest
1138 1473 1245 1532 tamen
1258 1469 1401 1552 quemvis
1415 1468 1514 1532 alium

71 1577 100 1619 er
112 1557 244 1622 fidelibus
255 1581 314 1623 suo
322 1558 441 1642 judicio
453 1558 600 1622 idoneum
613 1557 769 1642 delegare,
783 1558 857 1622 licet
869 1579 998 1622 munere
1010 1557 1099 1620 nullo
1110 1556 1143 1620 in
1160 1557 1302 1622 Ecclesia
1315 1558 1514 1642 fungentem,

72 1643 110 1708 lta
131 1653 207 1711 reete
231 1648 397 1732 disputant
419 1669 528 1712 omnes
554 1645 654 1711 nostri
680 1647 790 1710 contra
817 1645 1021 1730 Papistarum
1048 1646 1264 1729 monopolium
1282 1646 1514 1730 episcopale;&

72 1735 240 1800 unanimiter
262 1736 298 1800 in
324 1743 480 1801 conventu
504 1736 594 1822 [pag.
611 1735 689 1820 195]
704 1737 950 1819 praeparatoria,
965 1757 1046 1798 anno
1065 1735 1160 1798 1007.
1177 1735 1269 1800 modo
1282 1735 1335 1798 cit.
1348 1735 1394 1798 ita
1407 1757 1515 1799 cense-

72 1822 134 1886 bunt
155 1825 344 1908 professores
368 1826 391 1890 u
418 1825 557 1890 ministri
583 1825 622 1888 de
645 1824 907 1889 rationedrmodo
918 1824 1084 1888 habendae
1098 1825 1209 1908 synodi
1221 1825 1449 1889 deliberantes:
1468 1825 1516 1888 uti

73 1913 152 1976 etium
172 1913 292 1978 factum
319 1914 353 1977 in
377 1914 575 2000 delegatione
600 1914 640 1977 ad
666 1911 828 1997 Synodum
850 1914 1093 1979 Dordraeenam.
1120 1911 1188 1977 Neo
1206 1914 1311 1977 valent
1325 1913 1515 1996 objectiones

90 2003 261 2068 uorundam.

74 2023 127 2154 ql.
151 2091 257 2176 Oby'ecl.
281 2090 428 2157 Seniores
451 2091 554 2171 multi,
578 2091 606 2156 si
629 2114 691 2156 non
719 2092 872 2175 plerique,
900 2095 974 2156 sunt
1000 2090 1156 2168 illiterati,
1185 2093 1208 2156 a
1233 2095 1461 2175 consequenter
1483 2091 1516 2154 in

73 2181 234 2260 quaestione
247 2182 286 2246 de
299 2181 440 2246 doctrina
453 2181 641 2264 suffragium
654 2181 731 2264 ipsis
744 2203 806 2244 non
819 2180 979 2264 competit.
997 2181 1086 2263 Hesp.
1103 2178 1296 2244 Difficilibus
1308 2181 1515 2264 temporibus,
1611 2177 1613 2186 ’

73 2288 128 2331 enm
150 2269 184 2334 de
209 2271 354 2335 doctrina
377 2269 548 2348 laboratur,
571 2274 705 2352 possunt
720 2270 859 2334 seniores
873 2269 992 2333 literati
1004 2289 1080 2353 prae
1093 2268 1163 2332 aliis
1176 2269 1267 2354 eligi:
1287 2271 1333 2333 uti
1345 2269 1465 2334 factum
1483 2270 1516 2333 in

73 2351 177 2439 Synodo
190 2358 391 2424 Dordracena
403 2379 486 2423 anno
500 2358 595 2422 1618.

107 2447 223 2526 Deimle,
247 2448 394 2531 quamvis
406 2447 525 2512 literati
537 2470 600 2511 non
613 2447 687 2526 sint,
700 2447 782 2511 nihil
794 2451 902 2510 tamen
916 2450 1012 2524 vetat,
1026 2447 1102 2529 quin
1118 2446 1151 2510 in
1163 2445 1356 2531 Scripturas,
1370 2449 1393 2514 a
1405 2448 1516 2512 Eccle-

73 2532 169 2600 siarum
196 2537 340 2601 doctrina
365 2536 463 2620 probb
477 2537 593 2601 versati
605 2536 685 2612 sint;
703 2536 901 2613 &fidelitate
919 2537 996 2614 zelo,
1012 2557 1047 2599 ac
1064 2536 1165 2600 bonae
1177 2536 1388 2601 conscientiae
1401 2537 1515 2611 studio,

74 2643 150 2707 saepe
168 2626 329 2710 aliquibus
351 2624 505 2689 ministris
528 2629 699 2709 praestent.
720 2623 774 2690 Uti
787 2625 983 2708 experientia
995 2624 1101 2689 docuit
1112 2629 1254 2708 ternpore
1267 2626 1435 2689 turbarum
1452 2624 1516 2690 Re-

75 2715 363 2790 monstranticarum3
389 2735 459 2778 curn
486 2714 624 2778 seniores
648 2714 741 2778 multi
764 2713 968 2777 orthodoxiae
992 2713 1172 2779 &eutaxiae
1188 2713 1429 2779 Ecclesiasticus
1442 2737 1516 2778 oon-

18 2854 19 2857 ,
35 2858 40 2873 ,
75 2803 174 2866 ancer
188 2803 407 2880 inhaerebant,
420 2802 575 2866 ministris
587 2802 728 2886 ipsorum
741 2807 866 2886 turpem
883 2825 1044 2866 vorsuram
1056 2803 1257 2867 facientibus.

108 2890 247 2978 Denique,
260 2892 289 2955 si
301 2891 378 2956 haec
394 2891 536 2975 exceptio
549 2893 678 2968 valeret,
692 2892 801 2956 eadem
818 2891 971 2955 facilitate
988 2891 1130 2975 plerique
1139 2892 1262 2975 judices
1278 2915 1333 2956 seu
1347 2892 1468 2956 scabini
1484 2893 1517 2956 in

76 2981 177 3062 oppidis
199 2984 221 3048 a
244 2981 337 3066 pagis
360 2980 500 3064 Belgicis
513 2985 531 3045 a
540 2981 610 3064 jure
623 2981 768 3065 suffragii
779 2981 985 3044 submovendi
998 2985 1119 3057 essent3
1132 2981 1216 3064 quod
1228 3003 1290 3044 non
1303 2981 1368 3046 sint
1385 2980 1517 3046 Literati

76 3073 120 3131 aut
130 3067 163 3154 [1.
176 3071 247 3156 uec]
259 3067 281 3134 J
285 3069 487 3134 ureconsulti.
499 3068 561 3134 sed
572 3091 668 3152 quam
681 3069 851 3133 absurdum
863 3068 922 3133 hoe
935 3073 1027 3147 esset,
1039 3091 1132 3134 nemo
1144 3091 1206 3132 non
1223 3069 1317 3134 videt.

109 3155 146 3221 ll.
168 3159 276 3244 Oby'ecl.
303 3157 449 3223 Seniores
472 3157 521 3222 illi
548 3180 611 3222 non
634 3163 708 3222 sunt
731 3158 846 3236 elerici,
859 3159 914 3222 sed
926 3157 1007 3222 laici.
1026 3156 1078 3222 Sic
1090 3159 1301 3223 communiter
1313 3158 1518 3239 Pontificius

76 3243 157 3330 aliqrn'
179 3271 216 3312 er
231 3247 460 3312 recentioribus
472 3246 675 3311 hierarchicis
689 3245 722 3309 in
737 3245 867 3331 Anglia,
884 3247 986 3311 ordini
998 3246 1213 3312 Ecclesiarum
1227 3248 1347 3332 optime
1359 3249 1512 3313 reforma-

76 3335 163 3400 tamm
186 3336 386 3402 insultantes
412 3337 501 3420 Hesp.
519 3333 591 3400 Non
604 3335 856 3400 examinabimus
867 3357 951 3399 nunc
963 3335 1114 3400 terminos
1126 3335 1220 3420 hujus
1234 3337 1462 3402 distinotionis:
1480 3339 1518 3402 de

77 3423 173 3504 quibus
195 3426 283 3490 alibi.
297 3423 360 3489 Sed
374 3423 561 3508 simpliciter
576 3447 730 3509 negamus
747 3446 813 3488 esse
830 3423 1007 3488 formaliter
1020 3425 1130 3503 laicos*
1140 3448 1194 3489 seu
1210 3425 1350 3509 privatos
1362 3427 1480 3505 fideles,
1496 3428 1518 3491 b

77 3510 107 3574 de
125 3515 210 3596 plebe
233 3513 465 3590 Ecclesiastioa‚
491 3513 546 3597 qui
569 3536 607 3582 ex
624 3535 662 3577 ea
674 3513 817 3598 legitime
829 3513 931 3592 electi,
944 3512 1093 3596 separati,
1106 3514 1249 3592 assumti,
1263 3516 1450 3582 sanctificati
1463 3539 1519 3580 seu

78 3603 228 3668 macerati
239 3608 392 3686 tanquam
405 3607 626 3678 antecessores
639 3601 801 3686 praefecti,
815 3605 837 3668 a
849 3607 984 3666 rectores
997 3601 1157 3666 Ecclesiae
1169 3603 1296 3685 publico
1309 3606 1331 3669 b
1349 3627 1436 3668 sacro
1449 3627 1519 3668 mu-

78 3707 138 3754 nere
157 3693 187 3756 in
213 3693 323 3757 eadem
335 3691 523 3776 funguntur.
550 3689 632 3766 Quin
661 3691 759 3755 immo
774 3712 938 3775 negamus,
951 3691 1111 3774 privatum
1123 3692 1248 3755 fidelem
1260 3692 1348 3756 nullo
1361 3694 1519 3757 ordinario

78 3797 188 3846 munere
198 3782 395 3867 fungentem,
412 3779 465 3844 hic
477 3782 499 3846 la
511 3802 594 3844 nunc
606 3780 749 3863 explebe
761 3779 984 3844 Ecclesiastieat
997 3785 1174 3844 assumtum
1186 3781 1208 3845 b
1221 3781 1259 3844 ad
1273 3783 1426 3865 synodum
1439 3783 1519 3866 legi·

78 3863 101 3928 li]
151 3869 329 3956 delegatum
341 3892 377 3933 ac
389 3869 531 3946 missum,
543 3891 671 3934 manere
684 3873 740 3932 aut
753 3891 820 3932 esse
833 3868 950 3932 laicum
963 3872 1012 3953 (ut
1025 3869 1166 3952 ipsorum
1179 3870 1285 3953 phrasi
1297 3873 1393 3952 utar),
1407 3872 1482 3934 dum
1498 3875 1520 3938 b

79 3974 101 4038 qr
141 3959 210 4024 adiu
232 3958 392 4044 logatione
418 3959 475 4022 illa
498 3959 535 4022 de
560 3958 721 4021 voluntate
744 3958 767 4022 b
790 3957 939 4021 mandato
952 3957 1165 4022 Ecclesiarum
1175 3958 1331 4042 fungitur.
1345 3960 1422 4036 fluis
1435 3960 1520 4024 enim

79 4063 101 4106 sa
145 4069 158 4109 s
178 4070 213 4114 ac
239 4047 363 4112 sobrius
379 4048 496 4112 diceret
512 4048 654 4132 legatum
666 4046 840 4131 politicum,
855 4046 999 4132 quamvis
1013 4047 1046 4110 in
1058 4048 1146 4112 nulla
1159 4048 1222 4111 alia
1234 4048 1390 4132 dignitate
1404 4050 1520 4113 consti-

80 4135 101 4196 10
139 4158 165 4184 ”¹
187 4159 244 4202 nec
257 4136 392 4201 antehac
408 4136 474 4200 ullo
486 4159 615 4201 munere
635 4136 667 4200 in
681 4134 857 4221 Republica
869 4134 1063 4215 defunctum,
1078 4159 1144 4200 esse
1158 4159 1324 4220 personam
1336 4140 1521 4222 privatam?

173 4247 211 4310 ue
223 4227 301 4291 haec
317 4225 355 4290 de
370 4225 421 4300 iis,
434 4248 472 4290 ex
484 4226 600 4309 quibus
612 4225 780 4303 ordinario,
794 4230 851 4289 aut
863 4228 898 4288 ut
910 4223 1084 4308 plurimum
1096 4225 1128 4288 iu
1140 4227 1257 4290 nostris
1270 4226 1421 4292 Ecclesiis
1437 4228 1520 4292 dele-

81 4329 101 4393 0
173 4315 306 4380 'sodales
317 4315 563 4379 constituuntur,
577 4313 690 4378 Restat
702 4336 785 4378 nuno
797 4316 835 4378 de
847 4313 918 4377 aliis
932 4335 1131 4398 quaeramus.
1146 4313 1195 4378 Sit
1208 4337 1299 4399 ergo:

206 4405 327 4468 oviam.
356 4404 406 4468 Aa·
429 4405 565 4470 (foetores
591 4425 627 4467 00
654 4403 850 4487 Professores
882 4403 1059 4488 Tlieolopr'ue
1085 4403 1522 4490 ordinarioSynorloscousli-

1421 4506 1520 4574 10001,
