3736 4860
332 333 443 402 'Parca
456 333 497 403 II.
522 335 609 404 Sacc.
622 333 664 405 Il.
689 336 737 404 Du
749 359 871 404 ruamor
883 336 984 404 Vsum
996 334 1101 406 Drvrur
1114 336 1333 406 ancrlrroua.
1514 335 1557 404 99
1598 369 1602 376 ·

91 528 279 606 assumtum,
292 529 348 591 aut
358 546 417 609 pro
428 531 571 609 tempore
583 525 639 590 illo
652 528 834 602 evocatum3
847 525 936 609 cujus
949 547 1009 590 vox
1022 525 1045 590 lt
1061 525 1279 609 pronuntiatio
1296 525 1409 591 idonea
1428 526 1479 592 sit.
1496 525 1559 590 Hic

92 613 189 678 etiam
209 614 316 679 locuin
332 615 431 679 habet
451 615 629 680 diverbium
644 614 724 679 illud
735 614 947 679 ludaeorum:
964 615 1004 680 la
1015 616 1079 680 toro
1090 615 1146 680 alu
1158 635 1224 680 aaa
1236 627 1279 680 est
1294 615 1354 696 cir,
1368 627 1404 682 tu
1414 627 1442 680 te
1451 616 1559 682 virum

90 714 224 784 praesta.
243 703 437 770 Sozommaa
451 707 589 768 testatur
604 702 779 787 Episcopus
795 705 818 769 b
835 703 1042 787 Presbytems
1057 703 1168 768 diebus
1184 703 1368 770 solennibus
1384 703 1467 769 hanc
1483 727 1558 790 pro·

93 791 228 856 vinciam
240 793 357 857 obiisse
369 792 420 857 tib.
436 794 465 857 7.
478 813 546 876 cup.
562 792 613 856 19.
625 791 694 857 Nec
706 792 800 856 debet
812 790 1021 856 Ooucionator
1034 792 1175 857 officium
1187 793 1393 878 praelegendi
1404 793 1560 878 &praeci-

93 880 186 944 nendi
199 880 233 944 in
246 883 269 947 lt
281 903 386 946 coram
399 880 542 946 Ecclesia
553 880 683 959 Christi,
696 880 776 944 addo
789 881 812 946 dt
824 880 1039 946 catechizandi
1051 881 1134 946 inter
1147 881 1226 945 vilia
1238 903 1370 946 munera
1380 904 1560 961 numerare,

10 995 11 1006 .
93 967 245 1053 dignitati
257 967 475 1034 Ministrorum
490 991 602 1052 parum
615 968 845 1032 convenientia.
859 967 941 1033 Vide
954 969 1055 1034 Eurae
1067 969 1099 1042 l.
1115 969 1176 1034 Ubi
1188 968 1321 1034 verbum
1334 969 1393 1034 Dei
1407 971 1562 1056 simplici-

94 1059 139 1121 ter
152 1057 286 1142 legitur,
300 1059 345 1122 ibi
358 1057 477 1141 absque
489 1061 622 1142 operosa
634 1057 876 1140 praeparatione
888 1059 911 1122 dt
923 1058 1111 1141 probatione
1124 1058 1220 1122 alicui
1236 1059 1295 1124 hoc
1308 1060 1492 1124 demandari
1504 1083 1562 1144 po-

10 1189 12 1220 ,
93 1149 164 1209 test.
178 1145 243 1210 Sed
255 1169 318 1210 non
330 1148 387 1226 ita,
399 1147 427 1210 si
440 1147 480 1210 ad
492 1146 609 1210 nudam
621 1146 789 1210 lectionem
802 1150 968 1210 contextus
980 1169 1043 1211 non
1055 1151 1192 1226 tantum,
1201 1148 1256 1212 sed
1266 1147 1364 1212 etiam
1373 1149 1413 1212 ad
1422 1149 1561 1234 ejusdem

94 1225 254 1299 literalem
268 1235 513 1319 explicationem
534 1256 587 1299 cos
603 1234 705 1298 teneri
718 1234 931 1319 contingeret:
957 1236 995 1299 de
1019 1237 1107 1320 quali
1131 1235 1265 1300 lectione
1284 1238 1384 1301 Ezruc
1400 1237 1430 1300 8.
1443 1259 1472 1301 o.
1486 1239 1516 1300 3.
1531 1239 1562 1303 4.

97 1321 254 1387 Videntur
265 1329 407 1407 tempore
423 1325 575 1410 Cypriani
587 1323 659 1406 plns
672 1345 769 1406 quam
783 1323 909 1408 legisse,
932 1324 1062 1408 insuper
1078 1324 1259 1408 Scripturas
1272 1326 1491 1409 explanantes,
1504 1331 1561 1391 aut

95 1412 338 1476 catechumenos
350 1413 590 1490 catechizantes
603 1435 674 1476 oum
692 1413 732 1476 ab
744 1412 813 1496 ipso
825 1412 961 1495 Epistol.
975 1413 1031 1477 24.
1043 1413 1191 1478 dicuntur
1202 1413 1339 1478 doctores
1350 1415 1558 1480 dentientium.

135 1499 197 1565 llI.
216 1503 369 1585 Tempora
381 1501 563 1579 lectionum,
576 1521 615 1564 an
629 1505 712 1576 ante,
725 1523 766 1564 au
779 1505 852 1583 post
863 1501 1037 1582 conciones,
1046 1525 1087 1565 an
1097 1502 1208 1566 diebus
1217 1502 1382 1567 dominicis
1391 1503 1475 1567 inter
1483 1505 1562 1569 duas

94 1589 260 1653 conciones
273 1612 329 1654 eae
341 1590 405 1653 sint
417 1590 627 1674 peragendam
637 1589 660 1653 b
672 1590 798 1672 qnando
806 1589 1012 1668 inchoandae,
1025 1613 1061 1655 ac
1074 1591 1164 1676 [pag.
1179 1591 1260 1675 604]
1274 1591 1441 1672 finiendae,
1451 1614 1563 1675 quam·

95 1678 146 1742 diu
164 1679 415 1762 protrahendae:
442 1678 602 1762 Ecclesiae
614 1678 745 1742 cuilibet
758 1677 987 1761 dispiciendum
1000 1684 1058 1758 est,
1075 1679 1205 1746 &toties
1222 1700 1280 1761 pro
1296 1680 1418 1746 ratione
1430 1681 1563 1746 circum-

96 1767 288 1830 stantiarum
301 1767 488 1830 mutandum
499 1791 506 1843 ;
522 1766 680 1849 quoties&
696 1770 733 1829 ut
746 1766 853 1830 vident
864 1766 1026 1831 Ecclesiae
1039 1767 1291 1832 aedificationem
1299 1767 1378 1832 illud
1390 1769 1560 1853 requirere.

96 1855 271 1921 camenas
291 1856 330 1919 de
350 1859 414 1918 unat
436 1855 540 1918 diaeta
559 1855 707 1920 omnibus
719 1854 870 1919 Ecclesiis
881 1856 915 1918 in
928 1855 987 1920 hoc
998 1859 1022 1922 lt
1034 1856 1193 1932 similibus
1205 1857 1457 1938 praescribenda,
1471 1880 1563 1924 nemo

97 1965 193 2008 sanus
206 1944 328 2008 imitari
344 1943 448 2008 debet.

138 2031 198 2098 lv.
223 2035 271 2098 Dc
287 2035 389 2099 loco&
408 2032 471 2096 situ
493 2033 618 2096 lectoris
635 2033 736 2116 deque
749 2033 883 2096 ambone
896 2055 1008 2116 parum
1021 2033 1149 2098 solliciti
1161 2055 1280 2098 sumus.
1305 2031 1431 2099 Natura
1443 2035 1563 2101 docete

96 2122 155 2186 tali
168 2123 249 2202 loco,
263 2125 287 2189 b
299 2122 359 2186 tali
371 2122 434 2185 situ
448 2122 596 2205 corporis,
609 2122 742 2185 verbum
755 2120 814 2185 Dei
827 2122 997 2205 legendum
1014 2145 1092 2202 esse,
1110 2128 1145 2186 nt
1157 2144 1266 2187 omnes
1278 2124 1440 2189 commode
1452 2125 1563 2190 audire

97 2215 227 2295 queant.
243 2209 402 2294 Tempore
419 2209 570 2294 Cypriani
582 2210 710 2274 stabant
722 2210 781 2274 toti
794 2210 957 2275 Ecclesiae
967 2211 1138 2295 conspicui,
1151 2211 1220 2274 loco
1232 2211 1436 2276 eminentiori
1446 2213 1480 2277 in
1492 2215 1564 2298 pul·

97 2301 175 2382 pito,
193 2300 278 2383 quod
300 2299 355 2363 ille
367 2297 471 2382 Epist.
486 2299 537 2361 34.
552 2299 692 2364 tribunat
703 2299 861 2382 appellat:
883 2301 966 2383 cepa
977 2313 1150 2385 praecepto,
1163 2299 1371 2382 inquit'ibid,
1387 2299 1564 2388 tteuonpe·

97 2389 176 2454 lium
188 2389 324 2467 abanim,
340 2387 525 2453 adultioris
544 2389 675 2452 celsitate
685 2387 850 2466 statuimus,
861 2388 943 2472 plebi
954 2390 1118 2455 aniversae
1128 2389 1324 2473 comptum.
1337 2387 1473 2455 Nehem.
1487 2392 1517 2456 8.
1535 2415 1563 2458 v.

97 2480 127 2543 3.
141 2478 172 2542 4.
186 2478 307 2543 locus&
320 2479 447 2559 tempus
460 2475 630 2540 lectionum
645 2476 754 2555 Ezrae,
768 2478 791 2542 dt
803 2475 985 2557 Auditores,
998 2499 1170 2562 eorumque
1180 2477 1317 2547 attentio
1329 2478 1563 2546 describuntur.

96 2567 196 2632 aratu
216 2567 302 2632 Earn
319 2564 420 2630 sorita
439 2585 534 2648 carpor
548 2572 647 2647 ‘narb
663 2566 792 2649 rulpdul,
812 2586 894 2647 quae
914 2588 974 2629 vox
994 2567 1108 2631 turrim
1120 2566 1280 2650 significat
1318 2566 1372 2629 uia
1384 2568 1425 2631 ad
1436 2569 1565 2634 modum

95 2655 270 2719 turriculae
285 2654 449 2738 pulpitum
465 2654 546 2717 illud
558 2653 749 2718 fabricatum
761 2657 839 2717 erat.
853 2652 952 2738 Apud
961 2654 1110 2737 profanos
1123 2588 1381 2738 Scriptoresqloca
1392 2656 1449 2720 illa
1461 2659 1564 2722 excel-

10 2743 12 2754 “
96 2745 182 2824 mora
197 2743 281 2807 uude
298 2743 457 2807 orationes
466 2742 506 2805 ad
515 2742 665 2826 populum
680 2742 793 2807 haberi
805 2743 918 2822 solent,
932 2748 1085 2808 vocantur
1096 2756 1268 2830 mappeelus,
1280 2741 1311 2808 a·
1324 2744 1466 2831 pulpito,
1481 2747 1565 2830 apud

96 2829 259 2897 Romanos
267 2843 383 2911 rostro,
396 2831 479 2914 apud
492 2829 628 2895 Graecos
641 2827 730 2905 βῆμα
744 2830 893 2910 imbuant,
907 2832 990 2914 quod
1005 2833 1184 2916 Cyprianus
1193 2832 1323 2916 Epiatm.
1332 2832 1381 2896 cit.
1390 2833 1565 2917 adoptavit.

97 2921 193 3006 Apud
203 2919 369 2984 Hebraeos
381 2919 414 2983 in
427 2917 507 2984 vu.
520 2933 585 2984 an)
596 2919 674 3004 lr'p'or
685 2940 716 3002 q.
730 2920 758 2983 d.
769 2919 904 2993 labrum,
917 2921 1025 3002 ollam,
1034 2922 1181 2996 lebetem,
1195 2919 1357 2984 concham:
1373 2919 1500 2986 &notat
1511 2922 1565 2987 hic

95 3023 181 3080 :mn
195 3005 285 3073 idest
293 3007 476 3073 cathedram
486 3007 673 3093 (interprete
686 3008 722 3073 R.
735 3008 795 3074 Sel.
807 3008 940 3091 lambda
954 3010 999 3075 sic
1011 3010 1126 3076 dictam
1133 3008 1243 3094 procul
1251 3007 1358 3087 dubio,
1368 3010 1453 3093 qnod
1461 3009 1566 3096 figura

10 3167 12 3172 ,
26 3093 29 3100 '
96 3097 213 3162 lebetis
226 3101 282 3161 aut
294 3097 432 3162 conchae
443 3100 623 3160 constructa
636 3097 776 3163 oratPa.
789 3097 816 3160 l.
826 3117 855 3161 c.
866 3099 894 3160 2.
908 3123 993 3178 :vin
1005 3099 1088 3182 quod
1097 3100 1129 3164 in
1139 3095 1222 3164 Nu.
1233 3097 1341 3162 Macra.
1352 3097 1405 3161 23.
1418 3097 1565 3179 καθέδρα,

10 3227 11 3270 3
94 3185 129 3250 id
140 3192 192 3252 est
200 3185 303 3266 sedes,
313 3187 420 3250 sedile.
435 3184 520 3250 Nam
532 3185 715 3250 indifferens
728 3189 777 3248 est
789 3185 948 3270 legentem
961 3191 1017 3250 aut
1029 3189 1269 3252 concionantem
1278 3185 1387 3250 sedere
1399 3189 1455 3249 aut
1467 3189 1562 3252 stare:

10 3317 11 3352 3
95 3276 191 3340 modo
201 3275 366 3340 commode
375 3274 516 3338 exaudiri
525 3273 635 3356 possit.
651 3274 840 3357 Exemplum
853 3274 1002 3339 sessionis
1011 3275 1110 3340 habes
1124 3278 1156 3340 in
1171 3276 1339 3341 Servatore
1349 3275 1421 3340 tue.
1432 3274 1463 3338 4.
1472 3295 1502 3340 v.
1511 3275 1564 3338 20.

97 3365 289 3430 Mentha).
304 3365 334 3429 l.
349 3362 439 3428 Md.
456 3384 486 3427 v.
507 3362 559 3426 55.
584 3361 723 3426 Rabbini
735 3362 768 3425 in
780 3361 895 3445 Sepher
906 3363 1056 3444 Soterem,
1069 3365 1179 3430 talibi
1189 3365 1345 3446 usurpant
1353 3384 1461 3427 uocem
1471 3377 1567 3430 ΠΜ

10 3521 11 3526 ,
94 3453 226 3533 timna
242 3473 291 3537 gr.
313 3449 598 3535 lienalpsisenim
614 3449 868 3516 &Thalmudicis
883 3472 946 3515 non
959 3449 1154 3538 infrequens,
1171 3451 1338 3537 penuriam
1352 3451 1566 3536 linguaesuae

10 3607 12 3626 ,
93 3544 251 3628 supplere
273 3539 434 3606 vocabulis
451 3563 490 3605 cu
509 3538 642 3604 Graecia
658 3539 823 3617 traductis.
833 3538 974 3604 Barbare
984 3539 1261 3629 dicituramtoml.
1273 3538 1380 3622 umbo)
1392 3539 1567 3618 dicterium,

10 3651 12 3712 j
93 3630 280 3696 lectorium.
304 3627 353 3693 De
365 3629 481 3712 quibus
498 3627 660 3692 vocabulis
673 3627 743 3691 vide
756 3648 843 3692 more
863 3627 1233 3715 Romanolprtoaoycdm
1248 3629 1428 3694 Gaetulum
1440 3628 1474 3692 ia
1491 3627 1568 3692 rae

10 3713 12 3766 ἶ
93 3741 198 3788 auaro
210 3720 349 3784 rihtara.
365 3719 488 3800 Lpurt.
503 3717 533 3781 2.
548 3718 591 3781 aa
606 3717 677 3801 (λς.
697 3715 726 3780 5.

10 3853 11 3858 η
141 3807 187 3874 V.
216 3808 303 3874 Ordo
320 3806 484 3872 lectionum
499 3804 586 3870 varie
602 3804 726 3870 institui
742 3808 857 3888 potest.
873 3803 1090 3888 Hieronymus
1107 3803 1326 3869 lectionarium
1350 3806 1570 3868 construxerat

10 3891 12 3970 ἶ
93 3898 272 3963 continens
292 3894 444 3960 lectiones
459 3916 516 3978 per
524 3897 627 3958 totum
634 3893 709 3958 anni
718 3893 909 3957 curriculum
919 3915 926 3957 :
936 3894 964 3957 si
981 3892 1169 3978 credendum
1183 3893 1348 3978 Microlopo
1361 3892 1568 3960 desquama

10 4013 11 4036 ³
94 3987 265 4054 cesama
285 4004 353 4068 cup.
371 3986 425 4049 25.
448 3982 688 4048 Pontificiorum
709 3981 741 4044 in
757 3980 882 4045 Missali
894 3984 917 4047 b
930 3981 1095 4046 Breviario
1106 3982 1183 4045 ordo
1195 4002 1231 4046 ac
1243 3980 1436 4059 distributio,
1448 3981 1569 4046 incom-

10 4063 12 4138 ἕ
92 4076 205 4142 modis
217 4096 280 4138 non
293 4071 402 4156 paucis
415 4071 549 4136 laborat.
567 4071 595 4133 l.
610 4071 701 4153 Quod
712 4069 823 4155 lingut
835 4070 947 4155 ignota
958 4069 1087 4154 legitur.
1100 4070 1130 4133 2.
1146 4069 1237 4152 Quod
1248 4091 1288 4134 ex
1297 4068 1496 4153 Apocryphis
1504 4070 1570 4135 lec-

10 4143 13 4230 t
90 4166 207 4230 tiones
221 4163 441 4240 desumuntur,
451 4161 474 4226 b
485 4182 549 4224 non
561 4163 688 4224 tantum
696 4180 736 4224 ex
747 4157 924 4235 Canonicis3
932 4158 1030 4222 immo
1038 4159 1136 4223 etiam
1142 4180 1181 4222 ex
1187 4157 1362 4243 Augustini
1371 4157 1569 4242 aliorumque

10 4241 13 4288 l

93 4251 269 4318 Homiliis.
282 4251 313 4314 3.
328 4249 419 4332 Quod
430 4253 595 4327 tmemata,
608 4250 631 4315 du
643 4248 796 4312 sectiones
809 4249 828 4312 b
839 4268 970 4330 corpore
982 4247 1110 4312 avulsae
1122 4247 1309 4331 plerumque
1322 4246 1475 4331 legendae
1487 4247 1570 4311 desi-

10 4385 12 4432 ,
90 4347 258 4430 guantur.
277 4339 307 4404 4.
330 4339 431 4420 Quod,
451 4336 649 4402 sanantibus
666 4337 826 4402 variarum
841 4334 1053 4436 Ecclesiaram
1072 4335 1220 4416 statibus,
1232 4333 1344 4436 quovis
1356 4339 1499 4436 tempore
1514 4357 1572 4418 per

10 4443 12 4464 ²
92 4437 209 4498 totum
223 4427 300 4496 anni
311 4427 512 4508 curriculum,
521 4426 649 4492 eaedem
657 4425 1096 4492 illaerecurrentssleotroucs
1104 4423 1372 4508 praescribuntur.
1382 4445 1454 4488 acsi
1462 4423 1572 4494 eadem

1474 4509 1573 4573 medi·
