3766 4866
321 247 434 314 Tener.
447 245 506 314 111.
530 247 577 312 Dc
592 247 1219 314 AornumOcururansParrum-ruamus.
1244 246 1316 313 Ore.
1329 245 1389 314 Ill.
1529 251 1592 314 327
1614 331 1620 342 .

131 436 282 503 Ministro
299 435 445 502 Cornelio
460 434 613 516 Hillenio,
637 433 721 522 quod
745 434 785 500 ad
804 433 1023 519 quaestionem
1035 431 1098 499 sibi
1110 454 1193 500 anno
1211 433 1307 500 1610.
1322 434 1432 502 ancre
1447 433 1514 501 illic
1526 458 1601 502 con-

131 525 246 592 stituto
267 523 388 592 Senatu
406 525 614 610 propositam,
630 524 792 608 privatum
804 526 827 590 dr
839 522 1052 588 Discretirum
1064 545 1158 590 suum
1167 521 1322 607 judicimn
1334 524 1433 610 (quod
1448 522 1599 592 habuisse

130 615 239 700 ipsum
257 613 389 679 minime
401 613 629 679 dubitandum:
643 635 715 680 cum
727 635 801 678 rasa
811 613 924 677 tabula
935 635 998 677 nou
1011 616 1105 692 esset)
1117 634 1180 678 non
1196 612 1345 698 aperiret.
1358 611 1509 690 Quaestio
1520 613 1601 681 haec

130 701 212 784 erat,
232 726 273 770 an
286 701 455 770 Senatores
467 707 650 788 praesentes
658 701 817 787 judicaret
828 724 896 767 esse
909 701 1094 787 legitimos?
1114 698 1355 786 Respondebat:
1372 700 1443 781 ,An
1456 702 1537 768 tales
1550 725 1600 770 es·

134 795 235 872 ,sent
258 813 317 858 nec
339 814 380 856 ne
403 796 489 857 stare
500 813 598 877 penes
609 791 855 857 declarationem
868 790 1009 875 politiae,
1020 812 1084 856 non
1095 812 1203 856 suam:
1217 794 1324 876 petere
1340 813 1418 877 ergo
1434 789 1597 869 aSeuatu,

127 879 1596 1055 stt,ttttttttttttttttitt‘stratttttt‘lttttttitttlt·

128 1059 200 1144 glia
225 1058 493 1138 ministrantibus,
516 1056 797 1125 &Professoribus
817 1056 1016 1123 Academicis
1024 1056 1101 1122 ibid.
1114 1057 1199 1143 quod
1208 1061 1281 1140 post
1291 1047 1503 1123 mutationem
1515 1080 1598 1125 anuo

130 1148 229 1213 1647.
242 1148 454 1214 introductam
466 1147 665 1213 subscribere
676 1149 860 1213 recusarent
871 1167 971 1212 norae
983 1146 1139 1211 formulae
1148 1145 1306 1230 politicae,
1317 1166 1413 1230 quam
1421 1147 1532 1212 sualin
1580 1153 1599 1212 a

127 1237 336 1322 appellabant
353 1248 554 1322 erqoqenwm
561 1260 574 1313 ;
598 1240 661 1320 qua
671 1236 808 1301 fidelitas
820 1233 1028 1319 Reipublicae
1041 1233 1250 1320 Anglicanae,
1263 1234 1384 1320 absque
1396 1233 1522 1322 Rege&
1560 1260 1596 1302 u·

128 1325 248 1410 periori
260 1325 373 1404 Domo,
385 1325 641 1410 promittebatur.
666 1323 825 1401 Quamdiu
838 1324 922 1388 enim
939 1323 1177 1390 in'oonscientia
1188 1323 1266 1388 certi
1279 1345 1347 1389 esse
1359 1345 1425 1388 non
1435 1329 1595 1409 poterant,

127 1414 340 1480 mutationem
359 1413 506 1480 illumin
526 1413 596 1479 foro
615 1413 681 1498 poli
701 1416 724 1481 dr
747 1413 808 1478 soli
827 1435 895 1478 esse
907 1413 1097 1498 legitimam,
1113 1434 1210 1497 seque
1223 1415 1242 1477 a
1250 1412 1432 1499 juramento
1443 1412 1596 1480 foederali

127 1503 389 1588 antea'praestito
402 1525 469 1568 esse
486 1503 648 1581 liberatos,
661 1503 791 1587 insuper
808 1525 846 1567 ex
858 1502 1050 1567 conscientia
1060 1502 1202 1567 muueris
1223 1523 1257 1566 se
1269 1501 1371 1567 teneri
1383 1503 1421 1566 ad
1434 1502 1499 1568 tale
1507 1502 1595 1588 judi·

105 1591 212 1657 cium
226 1596 338 1658 contra
348 1592 613 1678 garbemationem
624 1591 748 1677 regiam
760 1613 854 1676 super
870 1591 1059 1676 gravissimo
1075 1612 1150 1656 casu
1158 1588 1298 1675 politice,
1308 1590 1431 1656 solenni
1441 1612 1595 1658 manuum

127 1680 361 1766 subscriptione
385 1681 558 1757 edendum
582 1702 726 1746 recusare
739 1680 916 1745 debebant:
940 1679 1094 1764 quidquid
1115 1679 1189 1744 inde
1201 1679 1279 1763 ipsis
1299 1683 1487 1745 eventurum
1500 1685 1593 1748 esset.

125 1767 213 1834 Satis
226 1775 285 1850 est,
297 1769 326 1835 si
337 1767 545 1834 Ministritali
553 1769 587 1833 iu
599 1792 684 1849 casn,
697 1769 842 1855 exemplo
858 1769 1008 1853 antiquae
1020 1767 1182 1834 Ecclesiae
1193 1767 1378 1849 Doctorum,
1387 1789 1420 1834 se
1431 1773 1595 1853 praestent

124 1856 329 1934 ἀπράγμονας
347 1859 370 1924 dt
392 1861 597 1944 spectatores,
620 1859 781 1943 praesenti
807 1857 955 1943 regimini
978 1879 1042 1922 non
1062 1857 1262 1922 resistentes:
1281 1860 1442 1922 reservato
1464 1857 1594 1924 interim

124 1948 188 2013 sibi
207 1947 329 2032 judicio
351 1947 486 2031 privato,
507 1947 545 2012 da
565 1946 709 2033 legitimo
722 1947 813 2034 [pag.
823 1945 904 2032 892]
917 1949 974 2010 aut
985 1944 1196 2031 illegitimoin
1208 1944 1278 2010 foro
1289 1945 1363 2010 soli:
1385 1946 1594 2030 &postulanti

123 2035 335 2122 Magistratui
358 2035 489 2101 candide
512 2035 739 2120 respondendo,
760 2035 837 2119 quid
859 2035 892 2098 in
911 2035 968 2100 illo
991 2057 1065 2100 casu
1084 2033 1448 2100 Juridivinoconveniat
1462 2038 1593 2101 autnon

123 2126 302 2205 conveniat,
312 2124 394 2210 quid
404 2124 438 2188 in
451 2124 521 2190 foro
532 2124 743 2190 conscientiae
756 2123 878 2189 licitum
895 2127 951 2188 aut
963 2123 1113 2189 illicitum
1125 2123 1176 2188 sit.
1198 2121 1292 2189 Nihil
1304 2123 1390 2188 ultra
1402 2126 1422 2188 ia
1432 2121 1591 2191 Ministris

121 2213 192 2298 peti
212 2214 351 2280 deberet.
376 2211 411 2278 si
438 2213 496 2296 qui
517 2217 626 2278 tamen
652 2213 848 2278 occasionem
860 2217 970 2278 contra
985 2234 1038 2278 eos
1051 2215 1107 2277 aut
1119 2211 1401 2282 Ecclesiaseorum
1413 2213 1592 2298 captent&

122 2307 205 2367 vexa
228 2302 321 2387 quasi
344 2301 546 2386 inquisitoris
563 2301 602 2367 iis
615 2305 751 2388 pergant
770 2300 898 2367 molesti
910 2323 997 2368 esse:
1014 2302 1193 2386 opportuni
1206 2300 1445 2367 deliberandum
1457 2301 1519 2367 erit
1529 2301 1592 2368 Ec·

121 2390 229 2457 clesiis
242 2393 265 2458 do
277 2389 445 2470 Ministris,
464 2412 505 2455 an
521 2391 713 2475 &quomodo
725 2391 821 2456 statio
837 2389 888 2456 vel
900 2390 939 2455 ad
954 2394 1081 2475 tempus
1093 2391 1144 2455 vel
1156 2391 1189 2454 in
1204 2395 1394 2475 perpetuum
1410 2391 1592 2470 deserenda

121 2480 203 2564 quin
226 2479 324 2546 etiarn
335 2483 372 2546 eb
385 2479 577 2560 abeundum,
590 2480 646 2544 ubi
657 2501 760 2564 neque
772 2479 996 2564 Pelopidarum
1007 2478 1094 2544 facta
1105 2499 1332 2563 nequenomen
1344 2479 1493 2568 audiant..
1508 2478 1593 2556 Quid

124 2569 337 2646 celeberrimo
360 2567 499 2633 Molineo
524 2568 775 2634 Obarentonensi
794 2590 851 2634 seu
874 2567 1058 2647 Parisiensi,
1082 2567 1307 2654 Lecherpierre
1327 2566 1591 2654 Rhotomagensi,

121 2657 260 2742 aliisque
286 2657 410 2742 aliquot
433 2657 468 2721 in
481 2655 585 2722 Gallia
598 2657 751 2722 ministris
764 2661 971 2742 postaunnm
985 2657 1080 2721 1624.
1094 2657 1245 2738 evenerit,
1260 2661 1335 2724 Acte
1345 2657 1552 2737 ecclesiactica,
1569 2661 1593 2726 d

132 2747 217 2812 Vitae
235 2747 470 2832 lbeoloqorrau,
494 2746 528 2810 in
541 2768 619 2831 quos
632 2749 806 2831 tempestas
824 2745 882 2811 illa
904 2746 1118 2826 incumbebat,
1141 2746 1277 2830 posteris
1300 2746 1524 2830 loquentem&
1543 2746 1591 2812 lo-

124 2839 276 2922 quentur.
301 2834 418 2901 Confer
430 2857 527 2918 supra
542 2835 682 2902 Tracti.
705 2836 779 2920 Cup.
799 2837 827 2900 1.
845 2837 872 2921 8.
883 2836 914 2900 6.
923 2834 1024 2920 probi.
1034 2835 1064 2899 4.
1075 2855 1150 2919 paq.
1164 2832 1239 2898 506.
1251 2833 1369 2899 Evenit
1380 2836 1402 2900 dr
1414 2833 1480 2900 illis
1492 2833 1590 2899 Mini-

121 2924 199 2993 stris
213 2923 247 2988 in
260 2922 390 3010 Anglia,
403 2923 538 3008 aliisque
554 2925 610 3009 qui
622 2924 656 2988 in
668 2923 768 2989 simili
779 2945 853 2989 casu
865 2924 981 2989 bonam
993 2922 1217 2988 conscientiam
1229 2943 1365 3002 servare,
1385 2922 1587 2990 &nihilomi-

119 3035 183 3078 nus
196 3013 326 3098 aspecie
335 3011 799 3087 tuerereraeoaortcimmunes
808 3035 841 3078 se
849 3016 1011 3097 praestare
1020 3033 1162 3096 unquam
1170 3011 1276 3075 conati
1284 3014 1368 3090 sunt,
1378 3011 1496 3098 quique
1504 3011 1589 3078 inter
1670 3057 1677 3068 ·

118 3101 297 3168 contrarms
310 3101 425 3168 fluctus
438 3101 644 3167 atrocissimis
652 3101 1052 3194 calumniisindignissimb
1064 3099 1249 3185 pulsantur:
1262 3120 1321 3165 nec
1329 3097 1471 3165 Ministri
1483 3100 1585 3166 solum

119 3191 177 3256 sed
189 3191 299 3272 etiam,
310 3191 362 3256 vel
374 3189 542 3274 imprimis,
551 3191 727 3256 communis
738 3190 915 3256 orthodoxa
926 3189 1040 3275 religio
1052 3189 1075 3255 do
1087 3187 1240 3268 Ecclesia,
1253 3188 1342 3273 cujus
1353 3187 1400 3253 illi
1414 3187 1586 3256 Antistites

118 3283 207 3346 sunt.
232 3279 283 3344 Ab
310 3283 374 3344 und
395 3283 486 3363 parte
510 3301 589 3364 quas
612 3279 720 3346 hostes
743 3279 909 3365 religionis
921 3278 1121 3356 reformatae,
1134 3276 1295 3343 Pontificii
1310 3277 1378 3343 soil.
1391 3299 1462 3343 cum
1475 3275 1587 3344 (trotio

113 3370 186 3454 jam
199 3366 384 3454 Papizante,
396 3369 593 3435 &nonnullis
606 3369 804 3452 episcopatus
817 3391 854 3434 ac
865 3366 1115 3434 ceremoniarum
1131 3365 1251 3447 zelotis,
1269 3365 1450 3431 vomuerint
1465 3366 1584 3432 calum·

117 3458 202 3538 nias,
222 3456 398 3523 indicamus
410 3457 445 3524 in
457 3459 488 3523 2.
502 3461 591 3524 Part.
603 3459 655 3524 set.
669 3458 783 3542 Dispp.
797 3458 840 3524 m.
857 3458 895 3523 de
908 3457 1135 3524 Sedeltomono
1151 3455 1375 3544 incompatibili
1384 3475 1458 3521 cum
1467 3456 1587 3540 palitiis

116 3547 300 3632 rosor-nara
314 3567 388 3633 pop,
398 3546 472 3611 850.
488 3545 621 3634 itaeqq,
634 3547 658 3613 b
669 3568 796 3611 rursum
805 3567 879 3632 paq.
894 3545 968 3610 857.
985 3547 1102 3633 &seqq
1119 3549 1215 3632 atque
1227 3544 1339 3610 ibidenr
1353 3565 1391 3609 ex
1403 3544 1473 3609 luce
1485 3543 1583 3610 facto·
1600 3605 1603 3611 r
1721 3617 1724 3624 ,

117 3658 192 3702 rum
204 3637 251 3700 ita
259 3637 386 3701 easdem
394 3635 655 3714 abstersimus,ut
663 3635 834 3700 mendaciis
845 3635 933 3720 pasci
944 3634 1026 3701 velle
1038 3656 1164 3700 necesse
1176 3633 1229 3712 sit,
1242 3633 1298 3717 qui
1309 3632 1474 3718 religionis
1486 3634 1509 3699 b
1521 3631 1587 3712 Eos

118 3724 236 3790 clasiae
255 3725 447 3790 reformatae
458 3724 672 3790 innocentiam
683 3746 747 3788 non
760 3729 945 3809 agnoscunt.
962 3721 1067 3789 Simili
1076 3723 1148 3808 jure
1160 3724 1183 3789 dr
1195 3720 1344 3787 methodo
1361 3719 1584 3788 Adamitarum

118 3812 389 3879 tumultuantium
397 3809 600 3879 Rusticorum
612 3812 646 3878 in
655 3811 836 3894 Germania,
844 3812 1128 3878 Enthusiastarnm
1139 3813 1163 3878 dr
1174 3809 1460 3896 Anabaptistarum
1470 3807 1584 3876 Mona·

118 3902 324 3968 steriensium
332 3902 456 3968 furores
462 3901 631 3968 Fratribus
639 3901 801 3979 bohemis,
810 3900 1077 3980 Protestantibus,
1087 3897 1277 3979 reformatis,
1286 3898 1432 3985 quamvis
1444 3899 1582 3965 maxime

119 3991 247 4057 eosdem
259 3988 595 4066 destantibusdrasscli,
606 3991 783 4076 impingere
792 3994 908 4076 posset.
918 3988 1078 4074 Quidquid
1088 3987 1237 4054 Proceres
1245 3985 1488 4072 quidamdrViri
1495 3987 1582 4052 mili-

118 4084 206 4146 tares
229 4079 262 4144 in
285 4079 408 4166 anglis
434 4100 518 4146 anno
539 4079 634 4144 1647.
659 4079 683 4144 dr
706 4080 804 4146 1648.
826 4077 1090 4164 Anabaptisticis,
1103 4076 1315 4155 antinomicis,
1332 4075 1579 4156 enthusiasticis,

118 4169 312 4251 Erastianis,
326 4171 379 4236 bo.
390 4166 592 4254 opinionibus
605 4168 731 4248 addicti,
745 4167 1024 4235 &ceommunione
1031 4165 1193 4232 Ecclesiae
1201 4165 1393 4231 reformatae
1400 4168 1477 4230 tnnc
1485 4164 1582 4230 alieni

118 4258 297 4344 agitaruut,
309 4258 399 4323 nullo
414 4259 517 4324 colore
529 4257 678 4344 religioni
691 4257 883 4325 &Ecclesiae
891 4255 1054 4343 inAnglia
1065 4253 1212 4346 discatiat,
1224 4253 1377 4339 imputari
1385 4249 1500 4340 potest:
1509 4276 1581 4330 cum

117 4369 183 4416 non
195 4350 322 4414 tantum
333 4349 460 4432 partem
471 4368 535 4414 non
550 4346 684 4414 fecerint
696 4347 789 4414 istius
805 4345 991 4432 agitationis
1003 4369 1011 4425 ς
1021 4345 1076 4412 sed
1088 4367 1160 4412 eam
1171 4345 1281 4430 aperte
1293 4343 1514 4496 improbarinltt.
1528 4341 1579 4452 Ab

1463 4454 1482 4498 a
1516 4453 1570 4498 era
1611 4474 1614 4482 ·
