3712 4850
282 355 295 379 ,
326 301 390 400 240
520 247 531 264 ⁰
691 285 770 367 Piae
792 298 817 368 Ι.
841 298 890 368 Da
914 297 1048 368 Osmcro
1071 299 1175 366 Ponm.
1200 298 1291 369 Ecca.
1317 297 1383 367 bm.
1406 297 1431 368 I.

327 489 449 554 laribus
473 487 663 573 relinquere.
689 489 718 552 2.
745 490 846 554 Concl.
872 487 941 554 Nec
953 489 1047 554 debet
1059 487 1207 553 Minister
1222 489 1294 573 quis
1306 492 1362 552 aut
1374 485 1515 552 Ministri
1528 486 1621 552 unius
1634 485 1799 552 Ecclesiae

328 582 386 643 ant
412 578 534 661 aliquot
547 577 772 657 Ecclesiam,
786 575 972 642 Ministrum
983 582 1039 642 aut
1051 576 1215 642 Ministros
1229 577 1361 642 alterius
1376 575 1548 655 Ecclesiae,
1562 576 1602 640 ad
1614 598 1707 641 suam
1719 574 1800 641 Con·

329 667 530 732 suetudinem
557 667 752 752 astringere3
780 667 882 731 multo
905 670 1010 731 minus
1035 667 1128 735 aliter
1140 665 1192 731 bic
1204 670 1352 752 agentem
1365 669 1565 750 satagentes
1577 665 1799 730 admordere&

329 756 449 820 invidia
461 777 602 835 onerare,
618 755 832 839 praeterendo
847 756 1032 820 scandalum
1048 755 1194 834 aliorum,
1206 756 1291 840 quod
1306 775 1400 838 saepe
1411 755 1538 818 nullum
1549 758 1613 830 est3
1625 759 1682 820 aut
1694 755 1799 820 zelum

330 867 368 909 ac
380 843 719 920 ldrcoayapaciavsnam
730 865 789 928 pro
801 845 946 930 symbolo
957 843 1121 928 Lipsiano:
1135 845 1277 909 erroribus
1292 844 1440 929 areliquis.
1454 841 1525 907 Hoc
1536 843 1621 908 enim
1634 865 1798 928 repugna-

331 937 382 998 ret
405 932 547 996 libertati
570 929 823 1011 Ecclesiasticae,
847 935 870 999 0
891 937 1020 1012 ἰσοτιμίᾳ
1049 931 1282 997 Ministrorum.
1307 931 1463 996 Videatur
1484 931 1569 1015 apud
1590 933 1800 1000 Pleeeeamia

331 1021 476 1108 Myslerio
503 1021 683 1107 Iniquitate
706 1021 841 1108 insignis
855 1019 998 1085 Historia
1010 1022 1047 1086 de
1060 1019 1200 1086 Victoris
1212 1021 1363 1106 Episcopi
1376 1019 1513 1086 Romani
1526 1021 1729 1085 contentione
1740 1043 1799 1106 pro

285 1147 287 1154 v
330 1117 473 1194 tempore
500 1109 723 1175 celebrationis
743 1109 919 1175 Paschotis.
945 1109 1076 1174 Accedit
1091 1110 1175 1194 quod
1186 1110 1345 1174 humanae
1358 1109 1601 1175 Consuetudinis
1613 1113 1679 1173 tam
1693 1109 1800 1194 rigida

330 1199 511 1266 observatio
532 1198 653 1282 absque
680 1199 868 1264 necessitate
892 1203 949 1264 aut
972 1221 1028 1283 spe
1055 1199 1184 1282 majoris
1212 1198 1441 1264 aedificationis
1460 1199 1647 1283 plerumque
1659 1197 1801 1284 rigidam

330 1288 424 1373 Legis
451 1287 577 1354 divinae
599 1287 855 1353 observationem
868 1288 975 1352 laxare
988 1288 1079 1366 solet,
1092 1288 1301 1372 hominesque
1314 1287 1408 1352 nimis
1421 1309 1512 1352 serve
1528 1309 1641 1372 pecora
1657 1287 1797 1352 efficiat:

332 1377 380 1441 nti
391 1377 493 1442 tristis
516 1377 712 1460 experientia
728 1377 762 1440 iu
774 1376 914 1461 antiquis
929 1375 1113 1442 Pharisaeis
1126 1377 1234 1441 Maulz.
1250 1379 1300 1441 15.
1313 1399 1385 1441 cnm
1401 1377 1454 1440 23.
1471 1378 1494 1442 0
1505 1377 1538 1440 in
1550 1375 1729 1441 Pontificiis
1741 1376 1801 1442 hoc

332 1465 448 1530 docuit.
474 1464 637 1541 Quomodo
660 1469 768 1530 autem
795 1465 981 1549 Antiquitas
1006 1470 1062 1528 aut
1085 1465 1277 1530 consuetudo
1288 1466 1322 1528 in
1337 1465 1569 1532 Ecclesiasticis
1581 1465 1801 1549 praejudicare

330 1577 393 1618 non
418 1555 541 1633 debeat,
556 1575 626 1618 cum
640 1553 782 1618 melioris
795 1553 1025 1618 aedificationis
1038 1555 1089 1619 vel
1101 1555 1252 1618 minimus
1266 1555 1384 1639 gradus
1399 1554 1521 1637 sperari
1532 1558 1647 1638 potest,
1664 1555 1801 1640 colliges

331 1666 370 1708 ex
393 1642 670 1728 Disputationibus
693 1653 876 1708 nostrorum
902 1643 1053 1708 aduersus
1078 1644 1266 1709 Bcltormr'ai
1284 1644 1550 1720 NomcEcclccioc,
1563 1642 1594 1707 d·
1608 1644 1802 1708 00000000-

332 1753 466 1818 reamque
482 1731 634 1796 clamores
647 1733 684 1796 de
698 1731 939 1816 Hcsorrrrutioeie
952 1733 1099 1798 Noritae.
1114 1734 1143 1796 3.
1161 1731 1263 1799 Concl.
1289 1731 1357 1796 Nec
1372 1731 1466 1796 debet
1481 1731 1611 1816 Collega
1621 1730 1802 1816 Collegarn,

331 1821 512 1906 nequidem
525 1841 558 1884 se
571 1820 676 1903 ipsum
692 1820 725 1882 in
737 1819 847 1884 eadem
863 1819 1016 1900 Ecclesia,
1033 1821 1072 1884 ad
1085 1820 1352 1885 Consuetudinem
1364 1821 1448 1885 circa
1460 1825 1624 1885 externum
1639 1822 1802 1904 quendam

332 1910 355 1974 0
380 1907 602 1993 Adiaphorum
627 1908 854 1992 particularem
874 1909 972 1973 ritum
984 1910 1138 1994 obligare.
1163 1908 1211 1974 De
1222 1910 1333 1974 ordine
1346 1912 1368 1975 0
1380 1914 1524 1993 tempore
1537 1909 1679 1974 omnium
1692 1909 1726 1973 in
1738 1910 1804 1976 Ec·

244 2026 249 2038 ·
332 1998 428 2062 clesit
451 1997 661 2062 communiter
685 2001 703 2061 0
720 1997 858 2082 Collegis
870 1997 1066 2083 agendorum
1074 1999 1167 2082 juxta
1180 1997 1348 2063 Decretum
1363 1997 1568 2082 Presbyterii‚
1582 2001 1639 2062 aut
1654 2020 1802 2064 commu-

334 2109 406 2151 nem
424 2086 628 2171 Collegarum
641 2107 838 2164 consensum,
851 2087 945 2150 aliter
953 2086 1159 2169 judicandum
1172 2091 1227 2151 est.

377 2177 405 2260 ἕ.
431 2177 460 2238 3.
487 2174 690 2238 Problemata
713 2174 920 2259 hypothetica
947 2180 1020 2240 sunt
1041 2176 1078 2240 de
1091 2175 1272 2240 Canonibus
1284 2176 1403 2260 partim
1418 2175 1577 2260 Antiquae
1590 2175 1710 2260 partim
1726 2177 1804 2242 Bel-

333 2265 476 2349 gicarum
489 2263 715 2328 Ecclesiarum.
739 2263 788 2328 De
800 2263 865 2328 illis
878 2285 954 2348 ergo
968 2265 1142 2348 quaeritur.
1166 2263 1191 2328 I.
1218 2265 1321 2330 Probi.
1343 2264 1426 2340 Quid
1438 2265 1642 2331 statuendum
1655 2265 1694 2330 de
1707 2267 1805 2330 dictis

334 2352 514 2417 Canonibus
538 2352 775 2436 Apostolorum,
788 2352 843 2436 qui
856 2375 928 2417 curn
944 2351 1053 2418 Tomis
1065 2353 1276 2418 Consiliorum
1290 2353 1380 2419 Tem.
1400 2355 1415 2416 1
1442 2357 1464 2420 0
1477 2377 1549 2418 cum
1560 2356 1699 2438 Corpore
1710 2353 1732 2420 J
1735 2356 1806 2420 uris

333 2442 483 2506 Canonici
506 2442 529 2506 0
552 2441 673 2519 Civilis,
701 2463 758 2506 nec
779 2463 842 2505 000
858 2463 931 2505 curn
943 2440 1101 2526 Operibus
1114 2443 1286 2507 Clementis
1299 2441 1436 2508 Romani
1449 2443 1499 2508 edi
1512 2443 1625 2509 solent.
1650 2445 1746 2528 Hesp.
1774 2447 1804 2508 1.

337 2531 438 2596 Corrcl.
452 2530 531 2594 Esse
540 2530 776 2614 supposititios:
790 2530 906 2594 utihoc
918 2531 1088 2614 probatum
1101 2535 1119 2594 0
1133 2533 1235 2598 Riecte
1247 2534 1282 2596 ia
1297 2530 1409 2599 Critico
1421 2553 1509 2597 sacro
1521 2533 1545 2598 0
1558 2535 1576 2594 ia
1592 2530 1667 2598 Coa
1676 2533 1712 2596 ia
1722 2534 1806 2599 Cen-

333 2641 410 2684 sura
434 2619 583 2696 Puteum,
596 2621 619 2685 0
632 2619 754 2703 prolixe
766 2622 785 2682 a
796 2619 937 2684 Jotuaue
955 2621 1094 2686 Geraesto
1107 2621 1141 2684 ire
1158 2621 1369 2706 Colide-saionis
1380 2621 1545 2687 celicolique
1557 2619 1609 2686 lib.
1625 2624 1652 2685 l.
1665 2635 1754 2704 perr.
1774 2624 1805 2686 2.

333 2729 401 2792 cap.
426 2708 456 2772 0.
484 2707 540 2772 ubi
556 2730 620 2771 una
632 2708 751 2772 indicat
762 2707 932 2793 Scriptores
945 2708 1127 2796 Pontificius
1139 2710 1194 2794 qui
1207 2732 1261 2774 eos
1272 2715 1426 2794 tanquam
1439 2710 1595 2796 genuinos
1608 2709 1806 2786 defendunt;

334 2797 469 2881 denique
493 2796 677 2880 plenissime
701 2797 806 2860 0100.
832 2797 941 2862 Dulleo
964 2797 1016 2861 tit.
1030 2801 1060 2862 3.
1085 2799 1807 2884 00000001.οοΡο0000009000100010001100

333 2886 383 2950 00.
409 2889 439 2950 2.
466 2887 568 2950 Corecl.
592 2883 769 2949 Occurrunt
791 2885 825 2948 in
847 2886 886 2949 iis
906 2886 1008 2949 multa
1024 2886 1127 2950 bona:
1151 2887 1260 2972 aliqua
1273 2887 1370 2952 etiam
1383 2887 1530 2966 absurda,
1543 2893 1599 2952 aut
1612 2887 1733 2972 inepta,
1747 2895 1809 2954 aut

333 2976 449 3041 00000
464 2974 627 3038 saeculum
643 2974 851 3057 apostolicum
865 2975 994 3038 minime
1006 2976 1191 3055 redolentia,
1205 2981 1241 3040 ut
1255 2978 1329 3042 Cea.
1344 2979 1374 3041 3.
1388 2978 1419 3041 4.
1434 2977 1462 3041 7.
1480 2978 1530 3040 17.
1547 2977 1597 3040 19.
1611 2977 1665 3040 25.
1678 2977 1734 3041 30.
1751 2979 1807 3043 33.

333 3064 383 3129 dc.
409 3101 450 3110 -
474 3061 518 3128 Il.
535 3062 641 3128 Prote.
656 3063 671 3148 [
675 3083 746 3146 pag.
762 3062 843 3148 292]
856 3061 939 3138 Quid
955 3064 994 3127 de
1007 3063 1180 3129 Clementis
1193 3069 1264 3130 octo
1276 3066 1366 3130 libris
1380 3065 1550 3130 Constitut.
1575 3065 1808 3150 apostoliam,

334 3152 391 3235 qui
414 3173 486 3216 curn
498 3150 589 3216 Tum.
608 3151 635 3214 1.
650 3149 785 3228 Concil.;
799 3152 821 3216 0
834 3173 905 3216 oum
919 3151 1077 3235 Operibus
1091 3153 1264 3219 Clementis
1276 3178 1283 3228 ς
1305 3155 1473 3221 &seorsim
1485 3154 1562 3218 editi
1576 3158 1594 3218 0
1606 3153 1707 3218 Bovio
1721 3155 1807 3241 Epi·

335 3263 428 3324 scopo
460 3239 632 3306 Ostanensi
659 3262 731 3303 cunr
759 3239 905 3318 scholiis;
936 3241 960 3306 0
984 3261 1097 3326 graece
1109 3265 1137 3306 a.
1159 3243 1253 3308 1503.
1279 3243 1423 3308 Venetiis
1439 3265 1510 3308 cunr
1523 3242 1771 3328 Prolegomenis
1785 3249 1807 3312 0

335 3329 613 3413 explanationibus
636 3328 843 3413 apologeticis
855 3333 978 3414 graece,
991 3336 1101 3396 autore
1115 3331 1227 3396 Franc.
1240 3331 1408 3397 Turriano.
1433 3333 1522 3416 Hesp.
1547 3331 1635 3398 Idem
1648 3334 1736 3417 quod
1750 3359 1807 3400 su-

335 3439 402 3502 pra.
416 3416 594 3481 Videantur
606 3417 737 3482 Amores
752 3419 845 3482 modo
857 3418 909 3482 cit.
927 3419 1085 3502 imprimis
1096 3421 1163 3485 Jot.
1177 3421 1318 3500 1101000,
1335 3423 1389 3504 qui
1401 3422 1452 3486 lib.
1472 3423 1496 3485 l.
1510 3421 1542 3488 a·
1554 3422 1584 3485 2.
1596 3425 1671 3504 post
1679 3444 1807 3503 omnes,

335 3506 505 3590 peculiaris
525 3519 611 3571 tract.
626 3507 670 3570 01.
682 3507 721 3570 de
736 3506 1021 3592 Pseudcpiprcpbis
1037 3510 1218 3592 Apostolr'cis
1229 3511 1280 3574 00.
1293 3515 1402 3574 contra
1415 3509 1551 3574 Bovium
1566 3510 1590 3575 0
1606 3509 1809 3583 Turrianum

332 3596 396 3660 ‘hoc
418 3595 545 3660 evincit.
571 3634 611 3642 —
636 3593 696 3658 Ill.
723 3595 831 3662 Prote.
854 3597 937 3672 Quid
954 3597 999 3660 'de
1015 3596 1127 3662 Codice
1144 3598 1305 3663 Canonum
1318 3598 1480 3664 Ecclesiae
1492 3599 1684 3665 universae?
1711 3605 1806 3690 Resp.

336 3683 479 3749 Canones
491 3685 563 3748 illos
580 3706 647 3747 esse
660 3684 826 3768 genuinos,
840 3686 862 3751 0
874 3687 976 3750 multa
989 3686 1072 3751 bona
1084 3685 1262 3752 continere:
1277 3687 1486 3753 intercurrere
1498 3693 1606 3754 tamen
1619 3693 1806 3772 nonnullos,

335 3773 390 3856 qui
418 3774 550 3838 doceant
576 3773 753 3836 Ecclesiam
776 3779 850 3856 post
872 3773 1044 3839 discessum
1069 3775 1296 3859 Apostolorum
1315 3799 1378 3840 nou
1392 3778 1445 3842 diu
1458 3777 1806 3864 mansissevirginem3

334 3862 437 3945 primo
451 3861 614 3946 quidem&
631 3863 800 3946 praecipue
817 3863 850 3926 in
862 3863 977 3927 ritibus
991 3865 1015 3928 0
1027 3865 1149 3948 politia,
1163 3865 1275 3929 deinde
1289 3865 1387 3929 etiam
1399 3867 1431 3930 in
1440 3867 1600 3951 dogmatis
1608 3868 1705 3950 quibu
1757 3895 1806 3938 am

335 3951 504 4014 obscurata
515 3950 678 4035 primaeva
690 3952 757 4034 ejus
770 3951 986 4035 simplicitate.
1001 3951 1207 4038 Progressum
1220 3956 1288 4038 ejus
1302 3955 1372 4018 vide
1384 3954 1416 4019 in
1430 3955 1586 4020 mortariis
1599 3957 1705 4042 illapsi<
1757 3983 1805 4047 ry.

335 4039 358 4104 0
373 4041 518 4126 Mystesio
535 4039 652 4104 Plcssei
663 4040 867 4124 descriptum.
892 4040 1035 4105 Cauones
1047 4041 1169 4125 aliquot
1182 4043 1364 4126 speciminis
1376 4066 1472 4108 causa
1480 4044 1582 4129 digito
1591 4044 1728 4114 indicari
1757 4074 1805 4114 rus

335 4128 368 4191 in
382 4131 472 4211 Diep.
485 4129 523 4192 dc
539 4129 686 4211 Tempore
701 4129 873 4194 00110001ἰο
893 4129 1017 4196 Christi.
1041 4169 1080 4177 —-
1095 4128 1152 4195 IV.
1168 4131 1273 4198 Prote.
1294 4131 1377 4207 Quid
1389 4134 1427 4196 de
1438 4133 1548 4198 Photii
1563 4129 1725 4204 Nomocan
1757 4163 1804 4215 ne,

336 4217 408 4280 &de
425 4216 606 4281 Canonibos
618 4217 779 4281 Ecclesiae
795 4217 988 4282 Africanae?
1002 4220 1091 4303 Hesp.
1108 4218 1205 4284 Idem.
1224 4257 1267 4270 -·
1281 4219 1321 4284 V.
1335 4221 1442 4290 Prote.
1455 4221 1537 4298 Quid
1550 4223 1588 4286 de
1601 4223 1674 4306 jure
1687 4223 1737 4292 Or
1756 4251 1804 4292 en·

335 4306 394 4369 tali
417 4309 621 4384 Graecorum,
649 4306 749 4388 deque
769 4305 1006 4388 Capitularibus
1019 4307 1124 4372 Caroli
1140 4305 1195 4388 M,
1210 4307 1370 4388 Ludovici‚
1383 4309 1488 4375 Caroli
1502 4312 1616 4376 Calvi?
1641 4317 1722 4402 Resp
1759 4316 1806 4384 Ut

337 4394 535 4476 sequioribus
560 4394 694 4458 saeculis
717 4399 803 4471 nata,
827 4394 872 4458 sic
896 4397 967 4478 plus
980 4396 1049 4460 limi
1062 4396 1189 4462 trahere
1202 4399 1296 4481 juxta
1308 4398 1405 4464 illud:
1429 4402 1701 4487 earnemcarnem
1714 4429 1724 4490 J
1756 4409 1806 4492 ior

1759 4499 1807 4563 cis
