3722 4850
290 258 333 325 24
662 254 822 319 Pomrrcis
838 253 1088 322 &cursitantis
1117 255 1198 320 Pras
1210 253 1235 320 I.
1260 253 1326 320 Lis.
1339 251 1382 320 Π.

289 445 479 513 universalis
499 448 549 510 est
566 443 710 524 victoria,
723 466 820 528 penes
832 444 966 510 alteram
978 443 1104 510 bonitas
1117 465 1241 526 causae,
1254 465 1351 530 quam
1363 443 1461 510 etiam
1473 444 1507 509 in
1519 445 1639 530 angarlo
1654 447 1767 532 aliquo

289 535 494 620 Principatus
506 534 558 600 sui
568 533 705 599 haerens
717 537 825 597 tuetur
833 551 891 617 pro
899 533 1030 615 viribus,
1044 537 1100 598 aut
1108 533 1226 618 ejectus
1238 534 1318 599 alibi
1326 533 1447 598 auxilia
1459 537 1576 619 sperat,
1589 540 1767 620 exspectat,
1858 615 1859 618 Ἴ

290 624 383 712 petit,
396 625 537 705 molitur,
550 623 591 688 ad
603 622 712 687 fideles
724 621 867 686 subditos
883 644 956 687 suos
968 623 1158 688 liberandos:
1168 624 1214 688 ibi
1222 622 1434 690 Contionator
1445 623 1478 688 in
1491 622 1643 688 Precibus
1656 625 1767 708 publi·

291 715 336 782 cis
354 735 470 780 nomen
486 711 627 798 legitimi
639 710 771 776 Domini
783 710 833 776 sui
849 733 950 795 paene
964 711 1040 777 vieti
1052 712 1076 778 tt
1088 711 1252 798 profligati
1264 713 1305 778 ad
1313 715 1439 796 tempus
1448 712 1607 796 patienter
1615 713 1768 778 omittere

291 803 423 890 poterit)
437 801 597 887 siquidem
613 800 694 865 illud
705 799 852 884 profiteri
864 821 927 865 non
941 801 1040 884 licet),
1054 804 1113 867 aut
1125 801 1314 886 simpliciter
1326 799 1432 886 Regni
1443 799 1487 866 N.
1496 799 1768 886 autPrincipatus

291 891 334 959 N.
346 891 482 979 Regem,
491 889 684 975 Principem,
697 887 874 955 Dominum
894 901 1043 955 nostrum
1050 889 1119 955 Deo
1128 890 1161 954 in
1170 889 1322 956 Precibus
1335 889 1588 966 commendabit3
1601 895 1769 956 reservata

292 980 354 1048 sibi
370 980 566 1067 cogitatione
579 979 616 1045 de
630 978 843 1063 applicatione
856 978 897 1043 ad
909 1001 1077 1063 personam
1089 977 1131 1054 N.
1145 977 1280 1045 Interim
1297 1001 1510 1064 prosuccessn
1529 1001 1694 1044 armorum
1713 983 1769 1045 ant

291 1074 403 1137 contra
422 1091 511 1134 arma
530 1067 718 1133 alterutrius
737 1068 840 1152 partis
853 1067 926 1132 istic
938 1067 1061 1151 precari
1073 1089 1137 1132 non
1148 1069 1304 1134 convenit:
1316 1067 1437 1133 sufficit
1449 1069 1476 1132 si
1488 1067 1544 1131 illo
1557 1089 1664 1133 rerum
1677 1073 1769 1134 statu

291 1159 437 1245 privatae
449 1157 564 1224 Preces
576 1156 661 1242 apud
673 1154 777 1222 Deum
791 1157 853 1221 hoc
862 1160 972 1242 agant.
981 1155 1157 1240 Nunquam
1165 1157 1264 1223 etiam
1272 1181 1305 1222 se
1316 1156 1430 1221 adduci
1435 1156 1575 1241 patietur
1584 1154 1767 1222 Contiona-

291 1253 352 1328 tor,
366 1252 403 1313 ut
414 1249 448 1312 in
459 1247 590 1313 victoris
603 1249 660 1310 aut
670 1267 770 1330 paene
782 1245 911 1311 victoris
924 1245 1094 1330 imperium
1104 1247 1201 1330 juret,
1210 1247 1234 1312 a
1242 1246 1375 1311 alterius
1384 1245 1530 1330 quamvis
1539 1267 1656 1310 causae
1666 1246 1769 1311 boni-

293 1341 359 1403 tate
368 1335 542 1421 superioris
555 1336 725 1419 imperium
742 1335 853 1420 ejurat.
867 1331 971 1399 Statio
987 1335 1094 1418 potius
1106 1335 1289 1414 deserenda,
1302 1335 1401 1399 immo
1412 1335 1548 1401 &solum
1561 1336 1766 1415 vertendum,

293 1425 321 1491 si
340 1426 387 1490 ita
410 1424 494 1490 ferat
513 1423 701 1490 necessitas:
719 1424 872 1509 quamdiu
885 1423 1023 1508 legitimi
1035 1421 1146 1492 Status
1160 1425 1183 1490 b
1198 1421 1421 1510 Magistratus,
1434 1427 1504 1487 tum
1513 1421 1685 1488 inferiores
1699 1429 1770 1489 tum

292 1512 807 1670 {uelutisstldtlii
812 1515 1117 1666 disturbet
1127 1511 1771 1667 tattictlttllltldlllltl

289 1694 376 1778 juste
388 1623 742 1776 ejusmodiJjurahienus
756 1694 927 1756 onerentur
939 1623 1183 1756 Oducionatores
1196 1691 1273 1754 alibi
1288 1624 1527 1774 disduirendum
1540 1693 1598 1755 est.
1616 1691 1648 1754 5.
1665 1692 1772 1757 Conci.

291 1779 377 1847 Dato
399 1779 661 1847 concionatorem
681 1801 776 1864 quem
799 1778 833 1843 in
857 1778 1049 1844 conscientie
1071 1778 1231 1863 judicare,
1249 1778 1579 1845 boniOivisoffioium
1597 1782 1616 1844 a
1635 1781 1773 1845 senudo

293 1870 432 1951 silentio,
452 1867 592 1949 ἀπραξίᾳ,
614 1869 796 1948 tolerantia,
816 1868 1032 1948 neutralitate,
1045 1889 1108 1933 non
1124 1867 1266 1952 impleri3
1282 1868 1345 1932 nisi
1356 1871 1493 1953 tyranno
1505 1869 1688 1953 usurpanti,
1704 1869 1774 1934 sive

295 1963 445 2025 extraneo
466 1957 532 2023 sive
551 1957 671 2043 perfido
687 1957 710 2022 b
728 1957 886 2041 perduelli
897 1956 1024 2022 subdito
1036 1978 1094 2040 pro
1105 1956 1228 2021 viribus
1240 1957 1378 2036 resistat,
1391 1955 1544 2040 &justam
1556 1955 1775 2040 Reipublicae

294 2072 330 2114 ae
343 2047 481 2134 legitimi
493 2045 650 2131 Principis
661 2047 712 2112 sui
727 2067 855 2112 causam
868 2048 1069 2130 promoveat:
1085 2045 1134 2109 illi
1148 2046 1375 2111 consulendum
1387 2050 1435 2110 est
1449 2049 1485 2109 nt
1501 2067 1558 2110 suo
1569 2045 1674 2130 ipsius
1689 2047 1775 2130 peri·

294 2138 365 2202 culo
377 2138 437 2202 hoc
448 2140 536 2222 agat,
548 2157 606 2200 nec
617 2135 794 2201 Ecclesiam
806 2156 896 2200 snam
909 2134 980 2199 odio
993 2134 1016 2200 b
1028 2134 1242 2219 persecutioni
1254 2134 1444 2221 Magnetum
1457 2137 1605 2219 exponat.
1618 2133 1659 2198 In
1673 2157 1775 2218 quem

293 2227 390 2292 finem
401 2247 528 2290 neeesse
540 2224 602 2288 erit
613 2227 649 2288 ut
664 2224 807 2289 Ecclesia
818 2226 876 2289 sua
886 2224 1075 2308 tempestive
1088 2223 1223 2303 deserta,
1236 2225 1324 2289 sedes
1337 2245 1375 2288 eo
1386 2222 1570 2302 transferat,
1582 2245 1647 2306 quo
1661 2221 1775 2308 Impe-

293 2315 378 2380 rium
397 2315 420 2381 b
435 2335 549 2378 manus
564 2313 693 2398 tyranni
713 2336 776 2378 non
791 2312 989 2398 pertingunt.
1001 2310 1052 2377 lta
1064 2311 1288 2390 ministerium,
1301 2311 1455 2391 Ecclesia,
1472 2313 1625 2397 regimen,
1639 2313 1776 2398 religio,

294 2405 327 2469 in
339 2403 466 2483 odiosis,
478 2401 677 2487 proditionis,
690 2401 864 2481 seditionis,
877 2402 983 2466 laesae
995 2401 1182 2485 majestatis,
1196 2400 1421 2485 perduellionis
1433 2400 1619 2465 criminibus
1630 2403 1700 2486 (uti
1711 2403 1777 2467 im·
1842 2393 1847 2404 ’

293 2493 355 2578 piis
374 2495 397 2560 b
413 2490 555 2577 profanis
567 2491 627 2556 hoc
640 2512 795 2576 perquam
807 2490 966 2555 familiare
979 2489 1040 2573 est)
1052 2511 1116 2554 non
1132 2489 1362 2576 denigrabitur.
1375 2489 1569 2574 Plerumque
1582 2489 1672 2554 enirn
1686 2491 1778 2556 aeci-

293 2582 340 2648 dit
347 2580 567 2647 utEccleaia&
578 2579 794 2645 Ecclesiastici
807 2580 903 2644 etiam
917 2579 1054 2644 maxime
1066 2575 1259 2654 ἁπρὸιγμονες
1270 2581 1354 2644 inter
1365 2579 1540 2644 contrarios
1552 2579 1778 2645 saecularium

292 2670 529 2738 contentionum
541 2669 564 2734 b
576 2668 836 2734 contendentium
845 2667 960 2734 fluctus
972 2668 1202 2752 opprimantur.
1213 2667 1364 2734 Habeant
1373 2689 1450 2753 ergo
1456 2668 1607 2733 Pastores
1617 2667 1684 2732 duo
1699 2691 1779 2754 pro·

293 2759 475 2846 phylactica
488 2759 551 2823 sibi
562 2757 882 2824 commendatissima:
896 2778 1031 2844 qnorum
1041 2758 1135 2842 prius
1147 2761 1206 2836 est,
1216 2761 1252 2822 ut
1260 2757 1427 2822 imitentur
1439 2757 1618 2841 exemplum
1630 2759 1780 2840 pruden-

294 2851 359 2915 tiae
368 2846 561 2933 apostolicae
574 2849 597 2914 b
612 2847 729 2912 veteris
745 2846 917 2925 Ecclesiae,
934 2867 1030 2930 quam
1042 2844 1134 2910 modo
1147 2846 1357 2911 laudavimus.
1369 2845 1512 2912 Alterum
1524 2851 1583 2925 est,
1596 2850 1633 2910 ut
1646 2850 1779 2932 tempe-

295 2941 476 3004 ramentum
493 2935 668 3021 tranquillo
687 2958 794 3001 rerum
814 2938 900 3000 statu
919 2935 952 2999 in
969 2934 1226 3014 nomenclatnris,
1239 2934 1354 3012 titulis,
1367 2934 1529 3020 epithetis,
1543 2933 1658 3020 elogiis
1672 2936 1778 3002 etiam

296 3026 489 3112 optimorum
506 3024 692 3109 Principum
709 3025 732 3090 b
753 3023 1003 3110 Magistratuum
1025 3022 1212 3088 adhibeant:
1230 3046 1274 3100 ne
1281 3024 1411 3088 turbato
1423 3044 1530 3088 rerum
1544 3027 1630 3087 statu
1643 3025 1686 3089 ad
1699 3025 1780 3091 illas

295 3115 460 3202 angustias
473 3114 670 3200 redigantur,
684 3118 720 3178 ut
734 3113 898 3198 Principes
915 3113 937 3178 a
953 3109 1165 3198 Magistratus
1179 3111 1260 3177 hunt
1274 3112 1321 3176 ita
1332 3112 1419 3190 boni,
1435 3133 1475 3176 ne
1490 3112 1593 3176 dicam
1605 3112 1710 3177 titulo
1719 3119 1781 3179 aut

295 3203 445 3270 exercitio
465 3203 607 3287 tyranni,
626 3207 698 3266 taut
710 3203 831 3286 pariter
845 3223 950 3266 coram
964 3200 1033 3266 Deo
1045 3202 1068 3267 b
1088 3199 1208 3284 Populo
1219 3201 1385 3281 honorare,
1399 3204 1465 3277 aut,
1477 3201 1634 3266 inoffensa
1647 3204 1780 3268 eonsci-

294 3293 381 3360 entia
398 3293 490 3378 [pag.
512 3291 593 3378 511]
613 3292 674 3356 hoo
690 3291 821 3356 minime
833 3290 1048 3375 permittente,
1062 3293 1221 3373 promtam
1233 3290 1483 3374 persecutionem
1496 3289 1558 3354 sibi
1569 3288 1593 3354 tr
1604 3288 1781 3358 Ecclesiae

294 3403 453 3448 accersere
465 3385 631 3467 cogantur.
643 3378 695 3444 lta
708 3381 793 3446 enim
805 3383 1024 3463 comparatum
1037 3383 1084 3444 est
1100 3378 1205 3443 in'hoc
1220 3379 1349 3458 mrmdo,
1362 3382 1398 3444 ut
1410 3379 1549 3443 maxime
1560 3378 1690 3463 indigni
1705 3382 1780 3464 ple-

295 3493 430 3555 rumque
442 3469 580 3534 maxime
593 3469 772 3554 suspicaces
788 3468 961 3554 &zelotypi
974 3468 1049 3548 sint,
1062 3469 1085 3534 tr
1097 3468 1148 3532 vel
1163 3467 1329 3533 minimam
1341 3467 1644 3548 innomenclaturis,
1653 3469 1782 3550 titulis,

296 3559 458 3645 epithetis,
483 3557 727 3623 diminutionem
745 3579 782 3622 ac
804 3556 1033 3642 parsimoniam
1052 3579 1110 3639 pro
1132 3557 1272 3621 maximo
1289 3556 1555 3622 crimineduoant.
1579 3555 1638 3620 Pie
1652 3560 1783 3644 ergo&

294 3651 468 3735 prudenter
486 3647 607 3712 factum
621 3645 907 3712 aProtestantibus
919 3645 953 3709 in
967 3644 1148 3725 Gennania,
1162 3645 1245 3730 quod
1258 3645 1327 3710 sine
1339 3645 1467 3710 nomine
1478 3644 1634 3710 individui
1649 3646 1781 3732 signati

294 3743 337 3826 (e.
349 3759 399 3824 gr.
411 3736 526 3815 Caroli,
540 3733 744 3814 Ferdinandi,
756 3734 981 3814 Maximiliani,
994 3737 1058 3816 bc.)
1072 3734 1139 3799 sine
1153 3734 1303 3819 ampullis
1315 3735 1494 3813 titulorum,
1507 3731 1543 3792 τὸ
1555 3756 1613 3818 pro
1627 3735 1783 3804 Rornuao

296 3830 487 3912 Imperatore
506 3825 697 3911 Agendariis
718 3825 741 3890 b
761 3824 915 3910 liturgiis
931 3824 997 3888 suis
1012 3823 1213 3888 inseruerint.
1233 3822 1302 3898 Quo
1318 3827 1366 3888 uti
1382 3827 1521 3906 possent,
1534 3823 1633 3888 etiam
1646 3824 1782 3892 duobus

295 3915 506 4000 autplun‘bus
519 3914 619 4000 (quod
630 3914 717 3979 Deus
731 3914 867 3998 avertat)
882 3913 920 3978 de
932 3910 1072 3997 hnperio
1085 3912 1357 3977 contendentibus.
1371 3911 1462 3987 Quod
1475 3912 1546 3976 siin
1561 3911 1634 3977 aliis
1647 3911 1782 4000 Regnis

296 4003 575 4088 &Principatibus
594 4003 678 4068 bonet
697 4026 769 4069 cum
788 4001 925 4088 Regum,
941 4000 1139 4086 Principum,
1158 4002 1181 4067 dt
1197 3999 1447 4086 Magistratuum
1471 4001 1588 4086 gratia,
1608 4002 1649 4066 ad
1672 4003 1783 4068 talem

295 4092 491 4158 tutissimam
502 4091 742 4176 simplicitatem
754 4092 911 4157 formulae
923 4089 1057 4156 Precum
1065 4090 1267 4175 publicarum
1278 4089 1419 4155 revocari
1427 4094 1567 4174 possent,
1576 4093 1639 4175 (ex.
1652 4111 1708 4174 gr.
1719 4113 1783 4176 pro

295 4185 403 4246 nostro
416 4183 495 4266 Repe
508 4182 698 4262 Galliarum,
708 4203 765 4266 pro
776 4183 854 4266 Repe
866 4180 1027 4260 Poloaioc,
1037 4201 1097 4263 pro
1109 4181 1196 4246 Duce
1207 4179 1393 4258 Subuudiue,
1405 4179 1784 4263 proEteetoreSuronicc

294 4269 432 4334 Domino
444 4273 553 4334 nostro
569 4270 645 4353 be),
658 4274 779 4335 motato
793 4275 849 4334 aut
859 4269 989 4334 turbato
1001 4268 1172 4353 aliquando
1184 4291 1292 4333 rerum
1307 4271 1405 4346 statu,
1418 4267 1523 4332 minus
1536 4266 1620 4332 circa
1635 4269 1781 4334 mutati-

295 4379 389 4423 onem
398 4357 533 4423 Preeum
544 4358 726 4424 laborarent
733 4359 906 4425 Ecclesiae.
919 4355 981 4424 Sed
993 4357 1072 4423 haec
1083 4357 1271 4443 prudentiae
1283 4356 1500 4424 Ecclesiarnm
1511 4356 1782 4423 circumstantias

1667 4447 1784 4530 parti-
