3722 4850
1502 328 1546 374 ttr

91 485 225 560 nudatur
246 499 357 560 centra
369 488 451 560 hane
463 500 519 560 aut
530 491 621 584 illam
633 492 828 576 methodum,
840 518 936 579 quam
952 492 1083 581 Collega
1096 500 1152 560 aut
1164 493 1312 580 Collegae
1332 517 1457 559 servare
1470 517 1544 559 eon-

88 589 215 650 suerunt
240 584 338 649 absit
348 589 385 649 ut
397 605 513 650 nevum
528 585 657 670 aliquod
673 586 776 652 arides
788 608 919 669 pomum
931 607 1026 668 super
1038 585 1162 649 diversa
1173 583 1378 648 concionandi
1393 583 1543 649 methodo

89 673 117 735 in
127 673 262 738 medium
274 673 499 758 prajiceatur.”

127 764 186 844 Qui
207 783 359 847 rnapnam
375 762 463 828 maa
475 763 656 847 opinionem
667 765 705 830 de
716 765 819 830 strrdie
830 764 997 840 doctrinae,
1010 784 1072 848 qne
1085 764 1232 829 excellant
1244 762 1390 827 hodierni
1403 762 1543 846 theolepi,

86 851 247 934 prnderrter
268 864 346 937 apel,
364 852 394 916 si
406 852 533 917 adistes
550 865 699 918 tractatus
711 852 1004 936 tenccnptorandes
1016 852 1164 917 animum
1176 851 1319 916 attendet.
1346 853 1475 933 eranta
1487 851 1543 916 ad·

19 983 20 992 .
86 941 242 1006 miratione
258 941 437 1018 attenditur,
451 941 535 1028 qnod
555 943 674 1007 Vectias
685 953 866 1007 nostertam
879 941 1045 1024 rrr‘nltiptici
1057 941 1200 1006 doctrina
1214 951 1347 1004 ornatas
1359 941 1408 1004 sit.
1426 942 1540 1022 Qenn-

19 1067 20 1100 2
85 1039 143 1092 tam
154 1030 204 1096 itte
216 1031 298 1114 lepit.
314 1030 406 1111 Quod
422 1030 547 1114 quidem
559 1043 689 1115 apparet
701 1033 852 1115 enarnpto
862 1029 1544 1115 litterarumapparatu,pracsertimntiloea

84 1119 280 1204 cadauerum
302 1123 395 1204 affert
406 1130 433 1182 et
445 1119 650 1186 recentiorum
663 1122 863 1205 scriptoram,
876 1141 914 1184 ea
934 1118 1098 1196 Tulnncdo,
1116 1140 1131 1182 e
1147 1119 1270 1202 scriptis
1285 1129 1417 1201 patrata
1430 1118 1485 1203 qui
1496 1118 1542 1182 di·

84 1215 191 1272 eantar
205 1208 354 1286 ecelesiae,
367 1219 403 1272 at
418 1219 444 1272 et
457 1209 668 1293 theelopornm
681 1209 1080 1286 Romano-cattelicerarn,
1092 1228 1147 1271 nce
1159 1209 1269 1272 rainae
1285 1227 1394 1272 certem
1410 1205 1466 1291 qai
1480 1208 1543 1290 pat-

85 1315 147 1360 sarn
168 1297 343 1361 doctrinam
365 1300 557 1384 profitentur
575 1310 603 1363 ct
614 1298 849 1363 haereticoram.
875 1297 982 1362 Latinas
994 1308 1099 1360 antem
1113 1297 1145 1362 id
1156 1307 1239 1379 patet
1254 1295 1306 1360 nti
1317 1295 1459 1360 videricus
1470 1316 1543 1358 crnn

84 1385 181 1450 arania
192 1385 298 1450 lraeecc
308 1386 422 1450 iterum
438 1385 620 1452 elaborasse.
636 1388 799 1471 Eaenrpte,
812 1386 926 1473 qreilrns
939 1386 1050 1462 utitur,
1063 1385 1262 1468 deproraitca
1271 1386 1420 1449 uniuersa
1430 1384 1543 1448 errandi

86 1491 133 1537 aec
152 1494 216 1539 nen
236 1474 361 1558 patriae
382 1475 523 1553 historia,
547 1495 563 1540 e
586 1488 762 1560 temperem
785 1475 969 1551 conditione,
986 1474 1144 1538 ediversis
1157 1474 1301 1551 solennia,
1314 1494 1413 1559 qrescrn
1426 1474 1542 1537 interca

19 1639 20 1642 Ἴ
85 1563 182 1627 eamn
203 1563 435 1647 comprehendit
458 1564 614 1629 actionem
638 1585 747 1630 rernm
762 1566 813 1630 sni
828 1564 985 1648 temperis.
1012 1564 1185 1648 lltrnqaam
1201 1583 1271 1627 acre
1285 1563 1400 1626 inistis
1417 1562 1489 1636 teris
1502 1561 1542 1624 ci·

87 1651 180 1716 taadis
198 1653 322 1736 famam
347 1653 407 1718 oiri
422 1653 503 1718 docti
517 1664 620 1738 captat
633 1653 764 1739 (quade
783 1665 891 1718 eontra
915 1652 1107 1716 vehementer
1128 1652 1316 1734 eitnpcratlz

126 1737 236 1816 ‚Certe
248 1740 382 1805 nimiam
401 1742 485 1824 sapit
498 1743 745 1808 ostentationem
761 1742 852 1825 quasi
865 1741 987 1805 multae
999 1740 1144 1804 lectionis
1156 1743 1179 1806 de
1191 1739 1324 1804 diffusae
1338 1738 1540 1803 eruditionis:

88 1849 150 1891 cum
171 1851 265 1914 saepe
288 1851 327 1893 ex
352 1831 552 1916 Polyantheis
575 1830 782 1905 haurientem
809 1832 831 1896 te
854 1851 917 1893 nen
941 1851 979 1894 ex
996 1829 1129 1892 lectione
1141 1829 1283 1912 ipserum
1299 1827 1470 1892 Anterum.
1494 1826 1542 1890 De

89 1913 208 1996 Caluini,
235 1917 347 1996 Bezae,
373 1917 498 1998 Bucari,
522 1917 670 1998 Masculi,
695 1917 857 2003 Martyris,
881 1911 985 1996 Parei,
1011 1916 1192 1995 Piscatorie,
1216 1915 1373 1994 Perkinsi,
1402 1914 1540 1994 domari,

19 2083 20 2088 ἵ
91 2000 194 2070 Rireti.
207 2006 408 2090 aliorumque
417 2007 602 2087 recentiam,
614 2009 714 2072 immo
725 2008 765 2072 ad
777 2007 838 2072 hee
846 2007 1018 2072 virentium
1025 2004 1272 2090 Theelegerum,
1281 2003 1542 2089 imprimiste·

88 2095 181 2158 tarem
193 2095 420 2180 marginalium
432 2096 582 2161 citatione
598 2096 643 2161 sie
654 2097 767 2175 sentio,
780 2118 842 2160 neu
855 2117 923 2160 esse
937 2117 989 2160 ees
1001 2093 1219 2172 nominandos,
1232 2094 1294 2158 nisi
1307 2094 1339 2158 in
1351 2115 1426 2158 nasu
1435 2115 1541 2158 ueces-

19 2199 21 2256 ἰ
88 2179 197 2259 anem
218 2205 290 2248 cum
315 2183 382 2248 aeil.
400 2183 637 2250 Oeneienateria
659 2185 896 2269 explicationes,
911 2183 1083 2260 doctrinae,
1099 2205 1185 2260 usus,
1201 2204 1332 2247 menum
1349 2182 1539 2246 determina-

19 2271 21 2312 t
88 2269 176 2336 tenea
198 2273 240 2336 ab
264 2272 474 2338 Auditeribus
497 2277 554 2338 aut
576 2272 767 2339 Oenseribue
783 2271 1035 2357 malignantibus
1052 2272 1540 2354 traducuntur,tanquampere-

88 2359 178 2440 grino,
190 2383 282 2440 nova,
296 2361 451 2440 inaudita,
467 2363 638 2446 paradoxa,
651 2363 875 2428 heterodexa.''
1199 2365 1200 2368 ’

19 2463 21 2474 “
123 2448 166 2513 Ad
176 2449 406 2534 percipiendam
419 2451 595 2516 doctrinam
606 2462 633 2516 et
644 2452 815 2535 practicam
833 2451 1086 2534 Reformatorem
1098 2449 1303 2515 auctornetis
1316 2448 1447 2513 esnadit
1459 2469 1537 2534 que·

87 2537 167 2601 moda
178 2541 300 2616 ernrtia,
313 2559 451 2624 arceram
463 2541 652 2605 mentionem
663 2552 771 2617 rrrooet,
784 2539 961 2604 reducenda
973 2538 1035 2603 sint
1046 2538 1089 2603 ad
1105 2538 1320 2604 enrtceatarias
1333 2537 1539 2622 qrracstieaes,

19 2637 21 2670 f
88 2643 156 2708 anae
164 2627 298 2692 desacra
310 2627 473 2713 Scriptura
484 2628 723 2713 depromantur,
735 2628 877 2713 atqnced
888 2627 1053 2693 abrincam
1063 2626 1146 2691 anti
1153 2627 1255 2692 divini
1262 2626 1539 2709 eaipantnrdllen·

19 2741 20 2754 ¹
87 2715 159 2780 aedi
165 2715 230 2794 leci,
239 2717 305 2801 qni,
315 2717 531 2802 temperieque
541 2717 618 2782 eicit
626 2718 747 2782 ratione
758 2717 874 2792 hatita,
888 2717 996 2782 rrndtis
1005 2715 1114 2791 vertis,
1124 2716 1202 2800 quein
1211 2715 1415 2799 etiamfnsins
1423 2714 1462 2780 ab
1471 2715 1540 2798 ipse

89 2811 261 2880 tractantur,
283 2805 372 2871 notis
395 2807 505 2871 saltem
526 2805 660 2870 minoris
683 2807 842 2882 namma,
866 2816 901 2870 at
922 2826 947 2870 c.
959 2825 989 2890 p.
1014 2804 1051 2869 de
1074 2816 1170 2869 mata
1184 2804 1342 2889 orpanico,
1357 2803 1540 2868 menende

19 2913 21 2954 z
88 2891 195 2971 titides,
218 2893 377 2978 aiipnnctis
400 2895 642 2976 arcnrrrstantiis
666 2895 700 2958 in
719 2893 992 2959 administratione
1003 2891 1383 2976 Baptismiotseroandis,
1397 2893 1536 2957 ntctiam

86 2992 177 3060 paras
187 2983 344 3069 quamam
356 2982 577 3067 disputationis
589 2984 626 3048 de
641 3004 734 3049 ceerm
747 2983 888 3060 Domini,
901 2982 937 3047 ot
950 2994 1157 3048 annueratam
1168 3001 1298 3046 mnsam
1311 3000 1467 3064 mapnam
1480 2981 1538 3044 ta·

87 3065 144 3133 terit
154 3071 292 3154 peredere,
309 3072 563 3158 qnandoquidem
577 3093 615 3137 ea
627 3073 666 3137 iis
675 3073 831 3156 percipere
838 3091 1019 3155 possamus,
1032 3070 1188 3156 qimanda
1199 3090 1323 3136 sacram
1337 3069 1539 3152 Scriptorum

19 3179 21 3250 g
87 3157 216 3224 madae
239 3159 415 3238 (lateamus,
438 3161 516 3245 qnid
538 3173 564 3225 ct
587 3161 701 3247 quibas
717 3161 818 3226 medis
834 3161 907 3226 inde
921 3159 1290 3243 concluderepessimns;
1301 3171 1337 3224 nt
1350 3159 1422 3224 aliis
1438 3158 1539 3222 vertis

19 3255 21 3288 '
87 3245 186 3327 dianae,
212 3249 369 3334 quomode
380 3269 417 3314 ea
427 3249 585 3334 principie
601 3249 843 3334 Refemmtienis
859 3249 967 3313 omnia
982 3260 1009 3313 et
1021 3248 1105 3333 qnod
1120 3248 1163 3313 ad
1172 3247 1348 3312 doctrinam
1360 3258 1387 3311 et
1399 3247 1484 3333 qrred
1496 3247 1539 3310 ad

19 3323 21 3420 Ι
87 3335 170 3401 citam
180 3337 357 3403 matam
367 3358 517 3404 normam
534 3338 617 3404 uerti
629 3339 730 3403 divini
739 3339 961 3422 petractando
973 3338 1047 3402 sint.

127 3423 241 3508 ,Atqui
257 3448 320 3491 nen
337 3427 475 3491 eruenda
488 3426 641 3506 exhumo,
651 3427 823 3492 eedeeeele
833 3423 1538 3510 petendaceelestisdirinaqaedoetrinaest.'’

19 3515 21 3570 i
123 3515 235 3580 Omnes
258 3515 385 3600 quidun
408 3517 601 3602 ernestiones
624 3517 745 3581 ratione
764 3516 932 3601 analytica,
943 3517 1130 3600 pleramque
1144 3515 1317 3581 secandam
1332 3513 1454 3580 setania
1467 3525 1540 3580 ante

19 3585 21 3672 l
84 3604 285 3682 maritatam,
294 3615 404 3670 tractat
412 3627 425 3681 ;
436 3625 529 3688 opere
539 3605 639 3688 ipsius
652 3616 766 3670 scatent
783 3603 1026 3692 definitionibus,
1040 3603 1300 3683 distinctionibus,
1312 3603 1435 3668 directis
1448 3613 1475 3667 et
1487 3602 1538 3666 in-

19 3675 21 3732 l
84 3689 195 3758 dicetis
205 3692 562 3779 mnelasieaitns,qnee
572 3694 760 3778 natishajns
768 3691 1154 3777 aeeieasrecnttaterant.
1168 3691 1538 3774 Istaantemretiedipna

84 3791 122 3844 est
141 3784 191 3850 cui
202 3783 275 3848 laets
290 3793 440 3865 ponatur,
453 3782 708 3868 qnandoquidem
723 3781 902 3848 antidotum
910 3782 1035 3866 praebet
1046 3782 1204 3848 contrarie
1216 3781 1300 3859 vitio,
1313 3801 1375 3866 qao
1386 3780 1448 3845 oiri
1459 3780 1539 3844 docti

84 3871 249 3936 recentioris
261 3872 329 3936 aeui
344 3871 497 3950 deterant,
510 3883 603 3957 atquc
614 3881 837 3956 arpmnerrtnm
848 3871 886 3936 de
897 3891 958 3955 qao
969 3870 1077 3955 opiter
1087 3869 1130 3934 ad
1145 3869 1377 3954 limpitudinem
1385 3868 1537 3952 perducit.

85 3957 231 4025 Contione
242 3961 417 4044 perspicere
426 3980 598 4045 possamus
609 3959 664 4026 nti
675 3971 701 4025 et
713 3960 868 4046 qnomedo
883 3961 1171 4037 unamatternmee,
1180 3958 1343 4044 quodnam
1351 3958 1537 4044 quaestione,
1628 4009 1631 4013 .

82 4066 153 4130 piae
162 4059 324 4126 tractator,
336 4048 505 4127 cotanen,
516 4049 746 4135 enqnircndnrn
761 4048 810 4114 sit.

119 4135 152 4201 Si
172 4138 440 4222 comparationem
462 4138 623 4203 instituere
641 4139 787 4203 vetnrrms
799 4137 880 4202 inter
895 4137 962 4221 ejns
974 4137 1313 4221 arpnrneatatieaemct
1324 4134 1538 4202 schematisans

20 4287 38 4304 Ἴ,
82 4226 225 4291 ratiarnam
248 4227 469 4310 posteriorum,
481 4249 506 4292 c.
517 4247 567 4312 pr.
585 4225 704 4292 Patria
718 4225 907 4304 Maestricdt,
921 4227 1027 4291 statiua
1039 4225 1127 4290 netis
1142 4224 1314 4309 apparebit,
1325 4223 1490 4310 quomode,
1502 4235 1538 4290 at

82 4310 121 4378 ita
140 4315 253 4393 dimon,
275 4315 393 4381 Vectins
403 4327 508 4382 noster
522 4335 572 4380 res
583 4315 761 4399 propositas
773 4314 830 4380 snt
842 4326 1002 4399 aspectam
1013 4313 1240 4398 snesatp'iciat.
1264 4313 1540 4399 Arpamcatatieao

82 4399 156 4466 trem
176 4415 205 4468 et
228 4423 309 4488 artae
331 4404 374 4468 ad
397 4425 469 4470 rem
484 4415 596 4488 spectat
609 4405 721 4478 ntitar,
734 4405 933 4470 cteecnioncm
948 4403 1143 4487 perlrrcidam
1155 4423 1192 4468 ae
1203 4423 1331 4487 praeno
1345 4401 1475 4466 aellitet
1502 4403 1540 4464 ln

83 4501 241 4579 utramque
253 4504 376 4577 partera
389 4512 455 4558 non
467 4493 576 4558 recedit
588 4513 608 4556 a
620 4493 746 4558 corrsilie
758 4491 841 4556 ocrlri
853 4492 951 4557 divini
963 4491 1123 4575 interpreti
1138 4492 1230 4568 date;
1242 4491 1326 4577 qaod
1338 4489 1380 4554 ad
1390 4490 1539 4638 priorxrln.

19 4561 25 4817 l
