3712 4850
330 320 394 383 264
618 315 699 380 Pras
725 313 784 380 III.
813 313 861 379 Dc
885 311 1040 377 Rudinum
1064 313 1155 377 Ecca.
1179 321 1210 379 in
1234 333 1357 376 aeneae.
1381 309 1445 376 Lm.
1475 311 1500 376 l.

331 505 480 572 exercitio
498 508 520 571 a
540 503 727 570 executione
747 500 881 567 subinde
898 500 1065 576 eveniunt3
1086 521 1151 563 non
1168 499 1273 562 minus
1286 521 1322 563 ac
1334 499 1367 562 in
1381 499 1537 584 regimine
1551 497 1721 582 parochiali
1733 499 1785 562 aut

331 593 614 680 congregationali.
628 591 697 656 Nos
709 591 851 656 defectus
863 592 886 656 b
898 589 1016 654 abusus
1025 611 1134 653 omnes
1146 592 1214 653 toto
1227 592 1352 671 pectore
1364 609 1557 667 aversamur,
1568 591 1785 673 aqnocunque,

208 745 209 748 ,
332 686 356 752 b
389 679 996 768 uacunquepraetextucommittantur.

408 770 450 838 II.
474 771 645 858 Distingne
658 768 838 854 RegimInis
850 767 987 832 formam
1003 789 1058 831 seu
1074 765 1216 852 regimen
1230 765 1409 830 absolute&
1423 769 1457 829 ut
1468 765 1524 845 sic,
1537 768 1557 829 a
1568 765 1720 850 regimine
1730 764 1788 828 hoc

333 866 390 926 aut
401 861 467 940 illo,
479 861 514 924 in
526 860 582 925 illo
593 861 721 944 populo,
734 858 767 923 in
783 858 840 922 illo
853 860 950 936 statu,
967 858 1018 923 bc.

377 948 468 1014 VIII.
492 947 638 1036 Denique
658 947 819 1032 distingue
830 947 862 1010 in
875 945 1154 1010 constitutionibus
1171 943 1386 1008 Ecclesiarum
1398 942 1614 1028 Belgicamm,
1631 941 1789 1028 regiminis

331 1039 427 1124 hujus
443 1037 614 1123 generalia,
628 1035 864 1114 substantialia,
877 1037 900 1101 b
911 1033 1141 1110 immutabilia3
1155 1033 1382 1118 especialibus,
1393 1031 1651 1109 accidentalibus,
1660 1032 1789 1116 perista-

332 1129 414 1206 ticis,
428 1130 450 1194 la
466 1127 703 1191 ambulatoriis:
718 1125 826 1209 qualia
838 1127 912 1188 sunt
924 1145 951 1187 e,
965 1145 1012 1208 gr.
1030 1120 1078 1186 De
1091 1121 1303 1206 praecedaneb
1315 1121 1599 1186 communicatione
1610 1143 1681 1186 cum
1692 1121 1788 1186 classe

333 1218 367 1282 in
385 1239 459 1282 casu
480 1213 814 1280 excommunicationis
826 1213 1052 1290 membrorum,
1072 1213 1149 1276 item
1163 1211 1378 1294 suspensionis
1390 1210 1619 1284 ministrorum
1631 1211 1668 1274 de
1684 1210 1790 1274 subse·

334 1309 451 1392 quente
472 1303 756 1370 communicatione
777 1324 850 1366 cum
870 1301 984 1366 eadum
1001 1300 1036 1364 in
1055 1323 1130 1364 casu
1150 1299 1313 1363 electionis
1333 1299 1568 1375 ministrorum
1594 1300 1633 1364 de
1652 1299 1792 1364 examine

334 1395 513 1481 peragendo
526 1393 559 1457 in
572 1394 666 1477 plena
678 1391 777 1458 classe
792 1390 888 1456 etiam
901 1388 1121 1473 praesentibus
1133 1387 1305 1472 Deputatis
1317 1388 1438 1473 synodi3
1451 1391 1474 1455 a
1487 1409 1568 1474 quae
1581 1391 1657 1453 sunt
1668 1386 1791 1452 similia.

334 1483 423 1548 Haec
446 1482 530 1547 enim
542 1482 705 1546 occasione
718 1485 773 1544 ant
784 1479 973 1544 necessitate
988 1477 1142 1563 peculiari
1153 1482 1276 1541 nostros
1288 1477 1341 1541 hic
1357 1481 1491 1561 urgente
1503 1477 1549 1542 ita
1564 1477 1664 1541 libere
1675 1479 1792 1540 statute

335 1577 419 1651 sunt,
431 1572 476 1636 sic
488 1575 595 1636 tamen
609 1574 644 1635 ut
656 1574 847 1654 potestatem
860 1568 921 1633 sibi
938 1566 1128 1632 reservarint
1140 1589 1178 1631 ea
1189 1567 1345 1643 mutandi,
1359 1567 1406 1630 uti
1419 1570 1566 1650 expresse
1578 1570 1792 1651 protestantur

334 1661 497 1726 constitut.
521 1659 734 1724 Ecclesiastic.
760 1657 893 1722 articulo
917 1656 1039 1721 ultimo.
1064 1654 1192 1720 Nedum
1204 1659 1241 1720 ut
1253 1655 1324 1719 aliis
1337 1655 1488 1720 Ecclesiis
1500 1655 1551 1720 vel
1563 1654 1731 1719 minimum
1743 1653 1793 1718 hic

335 1751 510 1837 quidquam
531 1747 758 1833 praescribant,
780 1749 835 1812 aut
853 1745 1003 1832 regimini
1023 1745 1153 1810 classico
1177 1767 1213 1810 ac
1232 1743 1380 1830 synodico
1403 1747 1470 1808 tam
1482 1745 1660 1809 necessario
1676 1765 1795 1808 annexa

334 1843 458 1923 putent,
468 1843 504 1903 ut
512 1837 629 1902 alicubi
638 1860 676 1902 ea
684 1837 792 1902 adesse
800 1840 857 1900 aut
866 1835 975 1901 abesse
984 1857 1047 1898 non
1055 1833 1187 1919 possint,
1197 1833 1316 1919 absque
1325 1833 1461 1917 subjecti
1468 1833 1704 1920 interitu.[pag.
1717 1831 1794 1918 138]

934 1949 1279 2071 (laruaIII.¹

490 2147 685 2232 Aequanum
710 2158 818 2212 eontra
840 2147 978 2230 repirnen
1000 2145 1165 2210 ehericum
1190 2142 1222 2210 d
1243 2145 1428 2232 synodicum
1450 2145 1641 2228 refutamur.

380 2285 524 2349 Libellus
535 2284 696 2370 Anonymi
711 2284 862 2348 idiomate
876 2282 1012 2368 Anglico
1025 2283 1232 2366 conscriptus,
1246 2282 1342 2346 titulo
1358 2283 1467 2348 Zionis
1478 2283 1696 2367 praerogatiua
1712 2302 1797 2368 repa·

337 2377 386 2452 lis,
405 2376 427 2440 b
448 2373 694 2439 Amstelredami
719 2373 822 2438 editus
841 2396 923 2437 anno
944 2372 1037 2435 leel.
1051 2371 1192 2436 eontinet
1205 2370 1320 2456 viginti
1332 2375 1531 2458 argumenta,
1543 2375 1670 2454 praeter
1681 2370 1799 2435 autori·

337 2467 429 2538 tabee,
451 2465 473 2530 b
490 2464 631 2548 quinque
643 2462 862 2548 responsiones
878 2485 935 2526 seu
948 2459 1147 2544 exceptiones
1164 2461 1202 2524 ad
1213 2463 1395 2525 nostrorum
1406 2463 1596 2545 argumenta
1608 2460 1796 2544 praecipua:

337 2557 373 2618 ut
385 2551 513 2636 quidem
524 2551 713 2636 praetendit.
730 2549 858 2616 Statum
870 2549 1100 2615 controversiae
1110 2549 1238 2634 gemina
1248 2549 1309 2613 ista
1321 2549 1405 2614 thesi
1417 2549 1618 2628 determinat,
1632 2550 1654 2614 b
1668 2549 1798 2614 circnm-

337 2641 449 2706 scribit
468 2643 668 2726 (nontamen
689 2641 757 2705 sine
777 2640 1013 2712 incrustatione,
1034 2639 1195 2722 &crypsi3
1217 2641 1252 2702 ut
1268 2641 1325 2703 suo
1345 2639 1413 2703 loco
1429 2639 1655 2721 ostendemus),
1670 2638 1799 2722 quam&

338 2729 574 2814 frontispicium
586 2729 688 2793 libelli
701 2729 847 2794 exhibet:
863 2727 1037 2811 anlniba
1045 2728 1211 2792 Ecclesium
1221 2729 1446 2812 particularem
1458 2727 1595 2808 manea
1610 2727 1732 2792 Christo
1743 2726 1800 2790 ab·

337 2821 473 2886 solutam
499 2817 530 2884 d·
548 2819 703 2903 inleprnm
721 2830 910 2903 potestatem,
932 2818 1040 2883 canna
1064 2828 1180 2882 clarata
1196 2818 1254 2883 Dei
1266 2817 1301 2881 in
1321 2815 1508 2883 ddaeuec
1520 2815 1798 2901 seipaderercrudi.

337 2908 391 2987 Et,
408 2929 471 2974 esse
491 2927 603 2991 eorpus
623 2908 843 2991 independens,
856 2928 922 2972 nan
935 2907 1105 2992 subjeetum
1117 2927 1171 2970 sen
1184 2905 1427 2972 subordinatum
1442 2907 1533 2972 allen
1545 2906 1640 2970 elicui
1652 2906 1800 2970 Ecclesia·

337 2999 430 3063 alicae
444 2997 615 3075 arelo-rituti,
627 3009 715 3061 carra
727 2998 870 3081 seipsam.

383 3085 473 3162 Quod
488 3085 528 3149 ad
539 3085 654 3169 viginti
666 3085 766 3170 ipsius
778 3090 978 3172 argumenta,
989 3083 1213 3169 praestructim
1229 3083 1267 3148 de
1280 3083 1345 3148 illis
1357 3085 1506 3149 observo:

384 3177 414 3239 1.
438 3172 591 3258 Aliquam
604 3175 633 3238 si
646 3196 709 3239 non
722 3196 873 3260 magnam
885 3177 1008 3258 partem
1023 3197 1059 3238 ea
1071 3172 1255 3251 coincidere,
1269 3174 1292 3238 da
1307 3166 1509 3248 remorarer.

383 3265 413 3328 2.
439 3262 564 3344 Omnia,
589 3264 703 3327 saltem
730 3263 797 3327 fere
823 3263 931 3328 omnia
953 3263 1098 3327 laborare
1115 3266 1171 3325 aut
1190 3259 1390 3344 ignoratione
1411 3260 1546 3341 elenchi,
1566 3264 1622 3325 aut
1646 3261 1798 3346 petitione

338 3352 497 3438 principii,
511 3350 766 3428 antevenisse
778 3376 833 3416 seu
845 3351 1114 3436 inconsequentia,
1123 3354 1179 3414 aut
1190 3349 1406 3436 Pythagorica
1419 3351 1534 3417 &nude
1543 3350 1689 3416 veritatis
1697 3371 1802 3415 eonse-

341 3442 544 3527 qnentiarum
556 3442 714 3507 sumtione
727 3464 783 3506 seu
795 3441 961 3519 dictatura,
975 3441 1094 3523 absque
1110 3438 1177 3503 nlla
1189 3440 1389 3522 probatione.

384 3531 414 3594 3.
439 3529 549 3596 Priora
561 3553 625 3610 sex,
637 3531 676 3595 ad
688 3553 787 3622 unum
802 3529 862 3595 hoc
874 3534 1099 3616 argumentum
1115 3527 1237 3592 reduci:
1260 3527 1366 3608 ,Quae
1378 3529 1522 3594 Ecclesia
1533 3528 1632 3592 habet
1645 3531 1664 3592 a
1675 3527 1799 3594 Christo

343 3619 542 3698 ,absolutam
554 3621 577 3685 b
589 3619 747 3704 integram
761 3623 951 3703 potestatem
964 3617 1127 3683 exercendi
1139 3617 1246 3680 omnia
1258 3621 1380 3682 statuta
1392 3617 1524 3696 Christi,
1537 3617 1673 3682 eanulla
1682 3617 1802 3682 ratione

345 3712 468 3793 ,potest
480 3708 657 3785 instituere,
671 3709 772 3773 colere
785 3711 964 3775 &exercere
978 3705 1286 3789 correspondentiam
1299 3707 1464 3772 classicam
1473 3711 1530 3770 aut
1541 3706 1724 3791 synodicam
1734 3727 1802 3770 cunr

347 3797 437 3875 ,aliis
449 3795 617 3861 Ecclesiis:
631 3795 693 3862 Sed
705 3797 866 3882 quaelibet
878 3795 1079 3881 particularis
1090 3794 1230 3859 Ecclesia
1242 3794 1341 3860 habet
1353 3795 1517 3872 aChristo,
1528 3798 1577 3862 dc.
1587 3795 1706 3880 Ergo''.
1718 3797 1802 3878 Rasp.

340 3886 512 3951 Possumus
532 3885 677 3951 absolute
696 3909 813 3970 negare
833 3888 995 3970 majorem,
1012 3887 1034 3952 b
1046 3885 1211 3962 minorem,
1224 3884 1380 3967 siquidem
1393 3885 1468 3950 huic
1481 3885 1626 3962 addatur,
1638 3885 1724 3967 quod
1734 3907 1744 3947 a
1756 3882 1802 3946 ddi

342 3974 451 4040 debet:
473 3975 582 4039 arania
601 3986 717 4040 elatura
743 3976 866 4053 Christi,
891 3997 1012 4062 seraper
1031 3974 1062 4041 d·
1078 3974 1167 4039 aneni
1185 3973 1220 4036 in
1242 3993 1327 4039 enarr.
1348 3971 1410 4038 Sed
1430 3975 1467 4039 de
1486 3974 1603 4038 minori
1614 3973 1649 4036 in
1662 3995 1744 4037 exan
1756 3972 1804 4035 ine

342 4063 543 4148 sequentium
567 4069 826 4149 argumentorum
849 4064 1018 4130 videbitur.
1041 4061 1171 4146 Majoris
1192 4061 1421 4146 inconsequens
1440 4061 1667 4147 consequentia
1692 4062 1739 4126 nit
1756 4066 1805 4126 tur

343 4152 439 4218 variis
451 4151 578 4217 dietatis
591 4175 645 4216 seu
662 4154 983 4237 pseudo-axiomatis:
997 4173 1148 4238 quorum:

388 4242 546 4318 Prr'murn,
570 4239 759 4324 Ubicunque
781 4246 829 4306 est
849 4247 988 4326 potestas
1009 4245 1031 4309 da
1048 4243 1099 4326 jus
1113 4239 1234 4324 aliquid
1247 4239 1394 4322 faciendi,
1407 4241 1455 4305 ibi
1470 4241 1629 4325 semper&
1645 4261 1744 4324 aeque
1759 4241 1804 4302 est

341 4330 495 4416 potentia,
512 4329 661 4411 facilitas,
673 4331 888 4396 commoditas.

384 4419 572 4497 Secundum,
586 4417 801 4505 Quodcunque
816 4421 901 4498 licet,
917 4420 977 4486 hoc
989 4443 1112 4508 semper
1128 4418 1284 4484 conducit.

1756 4507 1800 4570 pf.
