3722 4850
324 289 439 356 Tascr.
451 291 492 356 ll.
517 290 565 356 Dr
579 293 715 372 Parma,
728 293 903 371 Bunrnror,
915 292 1068 360 Doronoc.
1081 293 1171 359 Ecca.
1197 293 1268 384 Cre.
1281 294 1324 361 Il.
1515 295 1556 362 41
1634 347 1635 352 ι

89 479 134 543 dit
157 478 200 543 ad
218 477 395 560 jambicum
418 481 650 544 tetrametrum.
675 478 826 545 Concedit
848 481 976 564 quidem
991 481 1167 546 orationem
1180 484 1266 546 mere
1283 483 1420 547 solutam
1433 483 1557 566 pobtico

91 567 272 632 charactere
296 567 471 631 animatam
493 569 528 632 ia
554 567 693 634 Psalrais
716 571 739 636 t
768 569 899 635 Thracis
913 571 1224 654 Icrcraiaercperiri3
1237 571 1368 654 insuper
1386 573 1555 638 Proverbia

92 657 270 722 &torrionis
292 658 316 722 tr
339 659 444 720 totum
467 656 533 721 fere
550 657 681 723 libram
692 659 760 724 Iobr'
771 658 879 741 aliqua
890 659 1010 742 rhytmi
1023 660 1116 722 modo
1128 659 1281 744 longioris
1294 661 1386 724 modo
1398 661 1553 726 brevioris

92 745 279 810 necessitate
302 745 454 824 cohiberi,
476 745 531 810 sed
543 745 661 830 ubique
673 747 793 831 absque
805 746 892 810 omui
904 751 1016 812 metro.
1041 745 1094 812 Sic
1105 748 1160 813 ille
1173 752 1247 814 ante
1259 771 1378 832 annum
1394 748 1488 814 1607.
1502 751 1558 834 qui

92 835 148 918 ipsi
173 833 285 898 fatalis
308 833 381 897 fuit.
395 832 510 898 Postea
521 838 630 898 tamen
643 837 839 900 venerandus
851 835 928 899 olim
940 835 974 899 in
986 836 1085 902 Acad.
1098 835 1394 922 Lugduno-Batavci
1407 861 1557 922 praecep·

92 928 139 987 tor
162 927 273 988 noster
298 924 456 988 Gornarus
479 945 562 988 anno
589 924 683 988 1637.
697 924 730 988 in
744 925 840 1008 Epist.
853 925 1022 991 dedicator.
1040 926 1079 990 ad
1092 949 1180 990 suam
1194 928 1312 1013 Lyram
1325 926 1459 992 Doridis
1473 928 1558 992 anti·

93 1034 226 1096 quorum
248 1016 319 1075 tum
342 1013 535 1077 Graecorum
557 1016 628 1077 turn
651 1012 838 1078 Latinorum
862 1013 1053 1079 testimoniis
1076 1019 1179 1079 metra
1194 1038 1283 1080 sacra
1299 1016 1556 1100 agnoscentibus,

93 1123 146 1166 uec
161 1122 227 1165 non
241 1101 369 1166 Mercari
384 1123 421 1166 aa
441 1100 556 1167 vacula
564 1101 683 1185 judicio
695 1102 831 1180 accedit;
848 1102 979 1186 insuper
991 1103 1116 1168 collatis
1128 1103 1294 1169 Pindari&
1309 1103 1476 1187 Sophoclis
1491 1128 1555 1169 me·

92 1194 214 1254 trorum
237 1188 409 1275 generibus
421 1189 586 1275 ingenioso
602 1194 625 1257 h
638 1191 736 1256 arduo
748 1213 843 1274 opere
859 1191 1034 1275 specimina
1047 1191 1156 1276 aliqua
1169 1192 1203 1256 iu
1215 1191 1324 1270 Musis,
1337 1191 1480 1273 Davidis,
1498 1193 1558 1258 Sa·

92 1278 236 1358 lamonia,
260 1275 346 1356 Jobi,
370 1277 392 1342 J
393 1278 529 1343 eremiae
542 1279 702 1344 Poimatis
715 1279 870 1344 exhibuit.
884 1278 956 1345 Soio
967 1281 1192 1345 nonneminem
1204 1281 1370 1345 conatibus
1382 1282 1557 1366 pereruditi

93 1365 249 1451 Theologi
272 1367 295 1432 b
309 1365 472 1452 Philolog'i
484 1367 668 1433 oblocutum
681 1371 791 1452 (quam
803 1368 903 1433 solide
915 1392 977 1433 non
990 1374 1039 1433 est
1050 1369 1146 1453 hujus
1157 1369 1219 1434 fori
1232 1371 1254 1436 tr
1270 1369 1449 1453 praesentis
1461 1371 1554 1435 insti·

91 1456 150 1520 tuti
177 1455 386 1540 expendere):
414 1454 488 1520 Non
511 1461 617 1522 tamen
641 1455 851 1531 diffitendum,
867 1480 977 1523 omnes
990 1457 1184 1543 philologiae
1198 1480 1305 1523 sacrae
1318 1456 1482 1524 Studiosos
1499 1483 1556 1544 pro
1661 1461 1663 1464 ’

8 1589 9 1594 ι
93 1544 228 1610 inventis
239 1544 301 1628 ipsi
314 1544 453 1630 gratiam
465 1545 590 1610 debere.
615 1544 730 1610 Confer
741 1546 809 1611 Ich.
824 1547 991 1634 Bandoryti
1005 1549 1050 1634 fit.
1067 1547 1198 1612 Dissert.
1213 1547 1243 1611 2.
1256 1548 1307 1613 ad.
1322 1547 1374 1612 aa.
1390 1549 1487 1625 Cerri,
1501 1549 1556 1613 ubi

93 1629 254 1698 Rabbiuos
277 1633 315 1698 de
339 1633 428 1718 potisi
451 1638 541 1698 sacris
562 1635 742 1718 judicantes
762 1635 898 1700 adducit.
912 1633 1002 1711 Quod
1015 1636 1054 1700 ad
1070 1635 1216 1721 Hymnus
1229 1636 1380 1721 autiquae
1393 1635 1556 1702 Ecclesiae

92 1722 219 1801 latinae,
232 1744 370 1806 quorum
382 1721 483 1806 aliqui
494 1723 597 1788 adhuc
609 1727 790 1807 supersunt,
803 1723 834 1787 in
844 1723 992 1808 plurimis
1001 1724 1088 1809 leges
1093 1725 1225 1807 jambici
1233 1725 1361 1790 dimetri
1370 1725 1555 1809 &sapphici

93 1809 325 1888 Anacreontici,
338 1810 492 1876 trochaici
506 1811 666 1877 Alcmauii
678 1813 700 1878 tr
712 1811 889 1897 Euripidei,
901 1812 1102 1897 Asclepiadei
1115 1813 1225 1894 solius,
1237 1817 1293 1878 aut
1305 1836 1377 1878 cunr
1386 1813 1556 1896 Glyconico

89 1899 200 1981 juncti,
213 1899 394 1965 hexametri
406 1923 477 1964 cum
490 1905 689 1984 pentametro
702 1901 751 1966 &a
765 1901 798 1964 in
811 1901 972 1985 aliquibus
984 1904 1130 1966 accurate
1143 1906 1320 1966 servantur.
1333 1899 1372 1966 In
1385 1903 1458 1967 aliis
1469 1902 1555 1967 ride·

93 2010 159 2052 mus
185 1987 354 2074 rhytmum
370 1989 394 2054 t
409 2011 519 2073 parem
530 2012 697 2055 numerum
713 1989 910 2074 syllabarum
922 1990 956 2054 in
968 1990 1060 2056 lineis
1073 1990 1285 2055 observatum.
1300 1989 1434 2066 Qualem
1447 1991 1557 2074 poesin

8 2137 9 2140 ,
93 2075 284 2160 rhytmicam
306 2075 476 2142 imitantur
499 2077 606 2142 omnia
619 2076 776 2143 Psalteria
787 2079 811 2144 dr
823 2077 1002 2163 Hymnaria
1017 2079 1050 2142 in
1063 2078 1214 2144 Ecclesiis
1226 2078 1388 2144 hodiernis
1401 2083 1420 2144 a
1432 2079 1556 2164 Papatu

93 2164 245 2248 separatis
258 2167 396 2249 recepta.
420 2163 495 2230 Non
507 2171 614 2230 tamen
626 2167 819 2252 negandum,
836 2167 913 2251 quin
926 2168 1063 2232 orationi
1073 2189 1187 2252 prosae
1202 2167 1242 2232 ab
1256 2167 1342 2232 omni
1356 2169 1488 2233 metrica
1500 2173 1557 2233 aut

8 2325 9 2330 .
92 2252 249 2336 rhytmice
265 2254 354 2336 poesi
366 2254 499 2334 solutae,
512 2253 632 2320 Cantus
648 2254 753 2339 aptari
764 2256 874 2340 possit.
887 2254 939 2320 Ita
951 2255 1056 2339 praeit
1063 2254 1201 2340 Spiritus
1210 2254 1242 2321 S.
1252 2256 1285 2320 in
1298 2255 1433 2325 Gratias
1442 2258 1554 2335 Isaiae,

8 2363 10 2428 ς
94 2341 226 2418 Histriae,
251 2341 411 2421 Habacac,
433 2342 488 2408 dc.
512 2345 535 2410 tr
561 2343 741 2420 Zachariae,
765 2344 894 2423 Mariae,
914 2345 1068 2410 Simeonis
1073 2347 1121 2421 ,·8ι
1136 2349 1236 2410 secuti
1251 2349 1326 2410 sunt
1336 2345 1557 2413 Ambrosius&

8 2503 10 2508 ,
92 2430 290 2516 ammanus
302 2431 337 2495 in
349 2431 466 2498 celebri
476 2430 534 2496 illo
548 2433 689 2500 Canticm
708 2435 747 2499 Tc
758 2433 862 2498 Βειιιιι
877 2435 1073 2512 Laudamus,
1086 2433 1120 2497 in
1131 2456 1198 2516 quo
1209 2455 1267 2498 nec
1279 2434 1479 2517 quantitatis,
1496 2458 1554 2500 uec

93 2519 226 2598 numeri,
239 2519 273 2583 in
287 2520 431 2603 syllabis,
444 2520 583 2600 vocibus,
595 2520 699 2598 lineis,
723 2543 781 2586 nec
792 2521 914 2605 rhytmi
927 2522 994 2587 ulla
1005 2523 1099 2587 ratio.
1124 2523 1216 2604 Quod
1224 2522 1374 2588 lanwaat
1383 2524 1557 2590 universali

8 2675 9 2694 ,
94 2609 224 2674 Ecetram
246 2621 413 2692 receptam,
426 2630 498 2675 cum
511 2611 599 2676 tacta
610 2610 775 2676 autoritate
791 2609 846 2680 tic.
859 2610 886 2674 si
898 2611 976 2675 fides
988 2610 1135 2675 habenda
1151 2609 1319 2678 Ctichrooco
1330 2611 1396 2676 Lib.
1411 2613 1440 2677 2.
1453 2612 1556 2678 Elari-

8 2729 9 2732 ¹
93 2697 207 2762 ruma·
230 2699 267 2762 ia
292 2698 461 2782 Ihiacc'pio.
485 2697 658 2763 Debuisset
681 2698 793 2778 dicere,
805 2699 846 2764 ab
862 2697 1013 2764 Ecclesiis
1024 2700 1059 2763 in
1075 2698 1254 2780 Occidente,
1270 2699 1326 2764 ubi
1338 2698 1452 2764 Latino
1465 2699 1555 2786 [pag.

8 2845 9 2868 ἶ
92 2783 172 2872 532]
193 2807 340 2850 sermone
352 2785 462 2870 hymni
476 2790 643 2852 canuntur.
667 2785 716 2852 De
728 2809 809 2871 puro
820 2791 911 2852 textu
922 2786 1125 2853 Psalmorum
1135 2787 1268 2852 Davidis
1284 2810 1322 2852 ex
1335 2791 1463 2872 recepta
1473 2811 1558 2853 nunc

93 2875 234 2939 versione
253 2873 387 2958 Belgica
399 2877 418 2940 a
429 2873 551 2940 Musica
563 2879 714 2953 nostrate,
727 2875 936 2940 modulationi
949 2875 1074 2941 Claudii
1086 2874 1280 2941 Caudimelli
1292 2880 1387 2962 (quae
1399 2875 1484 2960 apud
1498 2899 1556 2941 nos

9 2977 10 2980 ’
92 2962 233 3046 publica)
257 2963 387 3046 aptatis,
412 2986 509 3048 supra
532 2964 679 3029 diximus.
693 2963 736 3028 Et
748 2963 825 3048 quid
835 2964 930 3030 hodie
941 2965 1150 3048 frequentius,
1163 2987 1259 3048 quam
1275 2965 1359 3048 quod
1371 2985 1482 3048 prosae
1495 2965 1555 3028 ali-

92 3073 173 3134 quae
196 3074 236 3115 ex
258 3053 350 3116 textu
374 3051 474 3117 latino
497 3050 679 3136 Scripturas
702 3052 878 3136 decerptae.
901 3052 1026 3118 Musica
1048 3051 1177 3137 figurali
1188 3051 1352 3117 motettica
1368 3052 1558 3118 canendaet

93 3139 376 3223 praestantissimis
388 3139 529 3206 Musicae
540 3140 707 3225 Magistris
719 3145 946 3225 proponuntur.
962 3143 992 3205 2.
1008 3141 1133 3224 Qaacst
1145 3140 1198 3205 An
1209 3139 1330 3205 Psalmi
1341 3139 1485 3219 Davidis,
1498 3141 1557 3206 ali-

8 3241 10 3292 ζ
92 3249 174 3312 aque
195 3227 329 3294 Cantica
350 3229 565 3312 scripturaria,
589 3229 839 3296 &ecclesiastica
864 3230 898 3294 in
908 3229 1060 3294 Ecclesiis
1072 3229 1189 3294 nostris
1201 3229 1323 3294 cantari
1335 3229 1440 3308 solita,
1453 3229 1518 3294 sint
1533 3232 1556 3297 dr

92 3315 153 3380 dici
176 3317 301 3400 possint
324 3315 455 3382 Cantica
470 3340 559 3383 sacra
571 3339 607 3382 ac
623 3318 740 3398 divina,
753 3319 899 3402 quamvis
911 3317 1101 3403 paraphrasi
1112 3317 1237 3401 poetica
1248 3340 1306 3382 seu
1317 3317 1555 3402 rhytmice-me·

8 3431 10 3500 y
92 3405 173 3470 trica
196 3405 420 3489 explicentur?
445 3408 534 3490 Hesp.
554 3404 726 3471 Indubium
738 3410 787 3471 est
798 3429 887 3471 sacra
899 3407 960 3471 dici
972 3406 1104 3483 debere;
1118 3405 1158 3470 ab
1170 3405 1293 3490 objecto
1306 3406 1373 3472 scil.
1387 3408 1410 3472 a
1422 3407 1558 3471 materia

92 3499 192 3558 sacra.
208 3493 329 3558 Divina
351 3494 449 3559 etiam
461 3495 522 3560 dici
534 3499 676 3578 possunt,
689 3516 754 3559 non
769 3495 817 3559 uti
828 3496 898 3579 ipsa
911 3493 1076 3580 Scriptura
1086 3492 1286 3563 θεόπνευστος
1301 3517 1358 3580 per
1369 3493 1557 3560 infallibiles

91 3605 303 3648 amanuenses
316 3581 492 3667 Prophetas
505 3585 528 3650 tr
542 3583 712 3666 Apostolos
728 3583 864 3667 scripta;
881 3584 936 3666 sed
948 3584 989 3648 ob
1005 3606 1072 3648 rem
1086 3584 1108 3649 b
1124 3582 1258 3666 phrasin
1271 3606 1343 3648 cum
1355 3587 1445 3648 sacra
1457 3584 1556 3667 scrip-

8 3705 10 3724 ι
92 3673 166 3736 tura
177 3671 429 3751 convenientem,
443 3675 498 3736 aut
510 3695 549 3737 ex
561 3677 599 3736 et
612 3672 799 3750 desumtam,
813 3673 927 3737 saltem
935 3694 1092 3756 nusquam
1105 3671 1206 3746 eidem
1214 3675 1458 3756 repugnantem.
1467 3670 1558 3747 Quod

91 3759 117 3824 si
130 3759 260 3844 phrasis
272 3758 391 3825 alicubi
403 3761 564 3826 nonnullis
577 3761 684 3825 durior
696 3760 822 3824 videtur
834 3761 896 3846 (uti
908 3761 988 3826 solet
1000 3782 1227 3842 nonnunquam
1240 3759 1443 3826 aPontificiis
1452 3761 1556 3825 taxari

92 3847 174 3912 illud
190 3847 276 3912 Psal.
301 3848 332 3913 8.
355 3847 422 3936 Cha
436 3848 544 3918 aarctt
563 3849 623 3935 trra
636 3847 687 3918 aa
699 3846 734 3936 tu
746 3847 824 3918 Cast
848 3847 933 3935 [thiar
951 3871 982 3938 ιι]
995 3847 1134 3937 arliirtr),
1146 3850 1231 3913 certe
1243 3848 1430 3930 illudlonge
1443 3848 1557 3913 melius

90 3935 257 4002 commode
281 3937 433 4020 explicari
457 3941 572 4020 potest,
596 3959 693 4020 quam
716 3938 909 4015 tam‚multa
932 3939 965 4002 in
987 3937 1128 4022 Hymnis
1151 3935 1506 4016 latino-ecclesiasticis,
1523 3937 1556 4000 in

90 4047 229 4108 quorum
255 4025 447 4109 purgatione
470 4027 593 4109 trepide
615 4026 711 4090 nimis
733 4026 877 4090 laborare
899 4027 1042 4091 videmur
1068 4025 1288 4091 Cassandram
1312 4027 1347 4089 ia
1363 4027 1501 4112 praefat.
1515 4027 1558 4090 ad

91 4115 249 4202 IIymrroa.
256 4112 307 4178 Ne
316 4113 392 4198 quid
399 4113 502 4178 dicam
510 4115 547 4179 de
558 4115 672 4199 Mcjcri,
686 4113 858 4194 Cticlrtooci,
866 4115 1024 4198 imprimis
1035 4114 1154 4180 Urbani
1169 4115 1248 4179 VIII.
1258 4113 1558 4197 interpolationibus

90 4202 302 4288 supratactis.
309 4199 456 4286 Hymnos
464 4203 616 4267 vexillum
625 4202 1092 4287 superstitionis&idololatriae
1098 4201 1314 4286 praeferentes
1321 4203 1556 4287 volenspraete·

89 4313 144 4356 reo
169 4289 257 4366 Quot
272 4294 358 4368 sunt,
378 4291 433 4374 qui
452 4313 593 4370 erronea,
604 4291 736 4371 incerta,
751 4292 870 4376 inepta,
882 4291 1058 4375 periculose
1070 4291 1153 4355 dicta
1165 4290 1245 4355 bene
1259 4290 1351 4356 dictis
1363 4291 1555 4357 admiscent?

89 4377 176 4446 Vide
199 4377 393 4463 principium
411 4379 492 4445 illud
499 4381 675 4467 sequentiae
686 4380 748 4466 (uti
760 4381 888 4468 vocant)
900 4381 934 4445 in
946 4379 1051 4445 officio
1064 4378 1285 4445 defunctorum
1299 4379 1422 4444 cantari
1433 4379 1557 4533 selige,

1527 4487 1558 4531 es
