3668 4856
282 301 395 368 Talea.
421 301 470 368 lll
493 248 541 366 Ile
565 302 773 367 Oouvasrreus
798 325 833 367 ar
856 302 991 367 Coaaesr
1015 301 1130 366 Eccnas
1154 301 1225 367 Cae.
1250 301 1305 368 IX.
1464 299 1528 364 345

79 492 148 569 aunt,
168 489 206 554 ad
231 489 386 574 ejusmodi
405 490 584 555 oratoribus
600 512 656 573 pro
668 513 702 554 re
718 493 794 554 nata
806 490 884 554 satis
900 489 1016 554 diserte
1033 489 1178 554 &decore
1191 488 1459 573 respondendum:
1474 487 1523 552 uti

82 575 183 642 lactum
204 578 374 660 aliquoties
403 583 421 644 a
444 579 645 644 serenissima
670 578 807 664 Angliae
822 579 934 664 regina
949 578 1143 654 serrabatur,-
1158 580 1247 664 cujus
1263 577 1363 642 latina
1375 597 1526 661 responsa
1611 625 1617 642 «

79 671 192 750 excepta
204 667 367 750 ascripta,
380 691 478 733 unum
490 669 598 753 legato
614 667 762 732 Polonico
774 669 852 732 satis
865 668 1035 751 prolixum,
1047 667 1286 731 alterumbreve
1297 666 1413 730 celebri
1422 666 1526 749 philo·

79 755 140 840 logo
150 755 315 822 Dominico
330 759 453 823 Boudia
466 759 586 833 datum,
596 757 726 821 memini
739 758 864 843 legisse.
878 755 937 821 Uti
949 778 1025 841 ergo
1037 757 1265 840 perabsurdum
1275 760 1367 832 esset,
1376 759 1522 838 potesta-

79 849 132 908 tem
142 847 163 912 h
175 844 349 929 potentiam
362 847 413 912 lll.
425 847 512 910 illius
518 867 681 910 consessus
687 846 984 931 ejusquelegitimas
991 846 1140 922 actiones,
1149 846 1181 909 in
1188 845 1377 910 tractatione
1387 866 1458 908 cum
1467 844 1526 907 tali

80 933 170 1019 legato
191 933 387 1013 ἐξουθενίζειν,
406 935 445 1001 ob
470 956 605 1020 magnae
627 937 651 1000 tr
670 936 820 1000 subactae
832 935 864 998 in
876 936 984 999 latinis
997 935 1147 1000 scientiae
1163 934 1331 1011 defectum,
1345 955 1441 1017 quem
1453 932 1525 1016 quis

78 1023 241 1106 suspicatur
256 1027 313 1087 aut
324 1024 568 1108 deprehendisse
584 1046 617 1088 se
634 1025 768 1108 putatia
782 1046 845 1088 uno
861 1028 957 1108 atque
970 1025 1070 1088 altero
1082 1022 1132 1088 Ill.
1146 1023 1232 1087 illius
1245 1045 1408 1087 consessus
1424 1043 1525 1086 mem·

78 1110 139 1176 bro:
154 1111 197 1176 sic
208 1134 273 1176 non
289 1113 394 1177 minus
410 1114 581 1179 absurdum
595 1117 652 1190 est,
665 1115 808 1197 excipere
821 1111 993 1177 contralll.
1006 1112 1228 1178 &honorabile
1243 1112 1323 1176 illud
1338 1109 1409 1177 DD.
1423 1111 1523 1196 depu-

77 1203 201 1266 tatorum
212 1200 394 1288 collegium,
407 1202 619 1286 praeterendo
630 1225 730 1267 unum
742 1207 837 1286 atque
851 1203 985 1266 alterum
997 1224 1060 1266 non
1074 1201 1151 1266 satis
1164 1206 1183 1265 a
1195 1207 1313 1286 magna
1326 1203 1348 1266 tr
1361 1200 1527 1264 excellenti

79 1289 222 1354 latinitate
234 1290 407 1358 instructos
420 1313 504 1365 esser
518 1290 609 1375 quasi
622 1290 670 1355 illi
683 1292 787 1356 idonei
799 1314 861 1356 non
874 1295 989 1368 essent,
1003 1292 1043 1355 ad
1055 1289 1135 1354 illud
1147 1291 1374 1376 praestandum
1387 1289 1419 1353 in
1433 1311 1527 1373 syno·
1615 1320 1619 1326 ⁴

78 1378 120 1457 do,
130 1380 211 1462 quod
219 1379 298 1463 ipsis
310 1380 413 1445 literis
425 1380 567 1445 mandati
578 1382 601 1445 h
613 1379 689 1445 fidei
702 1380 751 1446 lll.
766 1403 802 1445 ac
813 1385 956 1465 praepot.
970 1379 1041 1445 DD.
1055 1377 1210 1444 Ordinum
1224 1378 1428 1444 Generalium
1440 1400 1526 1442 com-

78 1467 195 1532 missum
209 1472 303 1532 esset.

114 1554 171 1621 Sed
193 1577 319 1622 ornnem
344 1558 575 1624 absurditatem
598 1563 737 1644 superat,
762 1560 845 1642 quod
857 1579 896 1622 ex
914 1558 1057 1642 quaesita
1069 1559 1092 1624 ta
1104 1558 1261 1622 fabricata
1273 1555 1333 1621 hac
1345 1557 1528 1641 exceptione

77 1649 176 1710 contra
199 1646 431 1724 excellentiam,
449 1652 504 1713 aut
516 1648 741 1714 sufficientiam
754 1647 940 1712 eruditionis
952 1648 1153 1731 theologicae
1165 1647 1307 1712 omnium
1319 1645 1369 1710 Ill.
1382 1645 1453 1710 DD.
1468 1645 1528 1710 De·
1573 1655 1575 1662 ’

79 1739 261 1816 putatorum,
283 1738 306 1802 h
323 1741 433 1801 contra
446 1739 643 1821 quorundam
656 1759 806 1822 magnam
820 1742 876 1800 aut
887 1735 1097 1802 sufficientem
1106 1735 1199 1801 latini
1208 1735 1361 1801 sermonis
1369 1735 1528 1819 peritiam,

77 1823 247 1889 nullitatem
277 1826 388 1908 synodi
417 1831 593 1890 accersantz
620 1849 692 1891 cum
715 1830 847 1902 constet,
865 1827 990 1890 eosdem
1002 1824 1073 1890 DD.
1091 1826 1258 1909 deputatos
1271 1848 1328 1889 nec
1340 1825 1452 1888 missos
1466 1847 1534 1888 esse

78 1933 127 1976 nec
146 1913 264 1978 sedisse
289 1913 323 1976 in
347 1916 466 1998 synodo
490 1917 530 1979 ad
553 1915 704 1998 judicium
729 1916 766 1978 de
784 1915 1005 1979 controversiis
1023 1914 1341 1999 quinquerticulanis,
1358 1916 1414 1977 aut
1430 1913 1532 1977 ullum

77 2001 255 2088 suffragium
280 2003 479 2068 definitivum
504 2004 542 2067 de
566 2005 637 2068 aliis
661 2004 901 2088 quibuscunque
925 2005 1027 2069 causis
1052 2004 1235 2088 &negotiis
1261 2002 1455 2088 synodaliter
1466 2007 1533 2066 tra-

77 2091 187 2154 ctandis
212 2091 292 2174 ipsis
316 2091 492 2176 injunctum
513 2092 623 2169 luisse,
646 2094 680 2156 in
704 2093 782 2158 actis
806 2093 916 2177 synodi
940 2115 1012 2158 sess.
1039 2093 1067 2156 1.
1087 2114 1159 2176 pap.
1174 2093 1203 2156 5.
1220 2093 1249 2156 6.
1264 2091 1339 2156 edit.
1352 2092 1384 2155 in
1401 2091 1456 2156 fol.
1483 2091 1534 2154 Ad

77 2176 149 2244 hanc
160 2181 344 2244 nullitatem
358 2183 579 2246 exstruendam
591 2183 632 2247 ed
645 2187 751 2266 partes
764 2188 894 2247 vocatur
906 2183 1129 2246 celeberrimus
1142 2183 1257 2247 Dursiel
1269 2182 1418 2246 Heinsius
1426 2181 1534 2244 lumen

78 2267 259 2334 Academiae
278 2268 595 2335 Leidensisuniverso
610 2271 812 2336 literatorum
836 2272 906 2335 orbi
929 2272 1131 2355 conspicuum
1153 2271 1425 2346 &admirandum
1438 2291 1532 2353 quem

76 2356 156 2440 ajunt
186 2359 373 2444 ,indignum
397 2381 527 2423 munere
550 2361 711 2424 secretarii
734 2361 853 2426 censeri
878 2361 917 2424 ab
942 2361 1098 2436 omnibus,
1116 2361 1171 2443 qui
1184 2363 1401 2434 eumnorunt3
1415 2359 1533 2443 quippe

80 2447 143 2529 ,qui
167 2447 287 2512 nullius
311 2447 493 2533 theologiae
516 2449 750 2534 &pragmatiae
767 2472 802 2514 ac
814 2450 890 2533 styli
903 2450 942 2512 ad
955 2472 1068 2513 munus
1080 2449 1160 2512 illud
1172 2448 1398 2535 requisiturum
1411 2448 1533 2531 peritus

82 2540 183 2612 ‚esset
207 2537 264 2600 sed
289 2536 384 2600 homo
407 2537 596 2612 levissimus
622 2539 764 2622 impurus
778 2539 979 2603 meretricum
992 2542 1139 2616 sectator,
1153 2539 1294 2602 ebriosus
1307 2537 1393 2615 bib0,
1407 2537 1533 2601 effrenis

83 2625 275 2704 ‚maledicus
290 2625 407 2710 impius
421 2627 550 2703 derisor,
566 2627 712 2691 adulator
723 2627 899 2706 blandiens,
916 2627 972 2711 qui
984 2628 1094 2711 phiala
1107 2630 1258 2710 argentea
1270 2648 1412 2692 scurram
1423 2648 1535 2709 quem·

15 2782 21 2801 ,
81 2713 139 2786 ,vis
161 2715 306 2779 oratione
329 2719 386 2778 sua
410 2715 442 2779 in
466 2714 588 2780 coelum
612 2716 724 2780 tollere
748 2716 844 2793 solett
869 2718 919 2782 &a
941 2717 995 2800 qui
1016 2717 1112 2780 etiam
1122 2717 1189 2799 jam
1206 2719 1224 2779 a
1240 2715 1453 2780 multisannis
1470 2713 1533 2778 lte-

81 2803 355 2881 ‚monstrantibus
379 2827 551 2888 eorumque
574 2805 734 2888 primariis
751 2805 940 2889 quibusdam
956 2805 1183 2883 defensoribus,
1200 2806 1240 2869 ob
1253 2805 1425 2889 ingenuam
1438 2807 1533 2886 atque

82 2898 235 2974 ‚apertam
267 2893 438 2977 probrosae
471 2893 570 2973 ipsius
601 2893 686 2957 vitae
717 2895 973 2978 redargutionem
1009 2894 1148 2958 letaliter
1176 2894 1318 2958 infensus
1349 2891 1469 2968 fuerat3
1501 2891 1532 2955 in

80 2982 218 3066 ,negotio
243 2981 409 3066 religionis
433 2983 527 3066 plana
550 2982 720 3060 instabilis,
740 2984 894 3048 cothurno
911 2984 1089 3047 versatilior
1102 2985 1174 3047 &ss
1188 2981 1240 3047 Sic
1253 2982 1302 3045 illi
1314 2982 1346 3045 in
1359 2980 1532 3046 celeberri-

77 3089 156 3134 mum
188 3070 274 3135 hunc
304 3071 408 3134 virum
429 3071 521 3154 quasi
547 3070 582 3134 in
606 3075 727 3138 catasta
754 3073 964 3137 constitutum
987 3072 1254 3136 obtrectationum
1278 3070 1533 3136 &convitiorum

76 3157 189 3239 spicula
212 3159 383 3223 confertim
403 3160 572 3224 emittunt:
602 3160 702 3226 instar
725 3184 835 3226 eorum
858 3161 913 3245 qui
925 3161 1111 3225 Plautinum
1134 3162 1280 3225 lenonem
1304 3160 1351 3246 (in
1375 3158 1533 3223 Pseudolo

76 3247 133 3312 dcl.
161 3250 188 3312 1.
216 3268 298 3312 seca.
324 3249 369 3330 3.)
394 3249 530 3314 sinistris
551 3250 704 3332 ejusmodi
719 3250 823 3314 titulis
840 3250 993 3314 arietant:
1011 3247 1109 3325 Quasi
1136 3249 1359 3314 celeberrimus
1384 3248 1533 3314 Heinsius

77 3339 108 3398 nt
128 3337 297 3402 excellenti
321 3337 508 3414 eruditione,
532 3337 577 3403 sic
592 3338 718 3421 publice
732 3343 825 3404 notus
838 3339 952 3404 fuisset
964 3343 1115 3422 tanquam
1140 3339 1260 3403 vitiis&
1277 3337 1448 3402 sceleribus
1460 3359 1531 3400 coo-

76 3431 187 3506 pertus.
216 3428 253 3492 Ut
276 3426 368 3492 doleas
390 3447 455 3491 aare
475 3427 566 3492 dolus
589 3439 642 3506 cst,
666 3429 730 3492 ais-i
752 3440 824 3493 astu
846 3431 911 3516 fiat,
936 3429 1266 3493 sicracadaciarauoa
1279 3428 1531 3492 estmeuducicua

76 3513 176 3594 (alicui
200 3514 307 3579 malae
330 3537 443 3580 causae
466 3516 550 3599 apud
573 3515 718 3581 homines
741 3518 972 3601 promovendae
996 3521 1051 3580 aut
1075 3518 1175 3581 bonae
1198 3516 1530 3581 causaodestrnendae

75 3601 230 3686 idoneum)
256 3605 345 3688 [pag.
370 3604 462 3690 246.]
486 3605 550 3670 sisi
572 3606 611 3671 sit
635 3618 793 3690 comptam
816 3606 959 3691 (Belgica
980 3603 1148 3694 qrttatlrrtt)
1168 3611 1204 3670 ut
1219 3606 1317 3670 habet
1341 3605 1531 3669 nostratium

74 3693 283 3772 proverbium.
307 3692 376 3768 (luo
400 3695 514 3768 colore,
539 3699 602 3779 qua
617 3695 737 3770 ,umbrat
759 3695 1055 3774 verisimilitudinis
1079 3695 1192 3759 infelix
1215 3695 1326 3758 charta
1349 3693 1409 3757 viri
1435 3693 1531 3776 hujus

74 3779 259 3866 hruotyposi
284 3783 513 3846 conscribillari
537 3783 664 3866 potuit?
689 3786 711 3849 tr
735 3784 863 3869 quidem
886 3806 914 3847 a.
942 3785 1037 3848 1622.
1061 3785 1130 3867 ipso
1154 3785 1281 3850 Heinsio
1300 3783 1403 3847 adhuc
1419 3804 1530 3866 super-

74 3874 95 3930 sl
139 3897 142 3930 ε
166 3873 190 3937 tr
214 3871 248 3935 in
271 3871 400 3935 sublimi
423 3871 551 3956 specula
575 3872 756 3950 constituto,
780 3873 813 3936 ia
837 3873 905 3937 luce
930 3873 1095 3936 hominurn
1116 3877 1271 3950 versante,
1285 3894 1378 3957 quem
1392 3876 1481 3936 tanto
1498 3870 1531 3934 in

74 3955 95 4020 h
135 3983 186 4024 “a
210 3960 374 4024 habebant
400 3963 422 4026 dr
446 3960 626 4024 habuerant
648 3960 802 4025 Nobiliss.
824 3962 846 4025 dr
870 3961 1011 4044 ampliss
1038 3961 1227 4025 Academiae
1251 3965 1421 4037 curatores,
1442 3960 1530 4024 urbis

74 4044 95 4108 L
175 4049 229 4114 rsis
254 4053 425 4128 senatores,
449 4047 489 4113 Ill
503 4048 694 4113 Hollandiae
707 4049 850 4127 Ordines
864 4073 1035 4136 omnesque
1047 4050 1108 4116 viri
1119 4050 1276 4128 honorati,
1294 4051 1389 4114 etiam
1403 4050 1529 4114 Clariss.

73 4157 95 4198 c<
135 4161 209 4211 ’τηε
222 4139 323 4222 ipsius
339 4137 538 4202 Professores
551 4138 583 4202 in
596 4138 767 4203 Academia
780 4138 935 4216 Leidensi,
948 4139 1125 4203 Reverendi
1140 4139 1352 4204 Ecclesiastae
1364 4139 1531 4204 Leidenses

73 4227 93 4289 t
149 4227 343 4311 ,amplurimi
354 4227 387 4290 in
402 4225 573 4292 Hollandia
587 4227 721 4313 aliisque
734 4228 766 4291 in
780 4227 957 4311 provinciis,
975 4232 1010 4290 ut
1026 4231 1048 4294 a
1064 4228 1097 4291 in
1111 4226 1225 4306 Gallia,
1243 4228 1422 4307 Germania,
1434 4228 1531 4293 Polo-

74 4315 95 4376 ni
163 4315 215 4380 riri
235 4316 387 4394 illustres,
399 4317 533 4396 nobiles,
545 4315 702 4395 honorati,
716 4321 872 4403 quotquot
884 4317 915 4379 in
930 4316 1102 4380 Academia
1113 4316 1258 4381 Leidensi
1270 4317 1403 4382 versatis
1416 4317 1464 4382 vir
1476 4317 1531 4381 ille

73 4423 95 4465 a
183 4427 210 4440 Μ
238 4404 436 4469 innotuisset.
460 4403 495 4470 Si
519 4406 602 4470 inter
620 4404 771 4469 Tartaros
784 4406 869 4470 ultra
880 4410 1021 4470 montem
1032 4405 1167 4486 Imaum,
1180 4411 1236 4470 aut
1247 4406 1330 4470 inter
1346 4404 1454 4472 Iberos
1466 4406 1530 4470 tale

1455 4494 1531 4580 quid
