3752 4858
199 319 313 386 Tascr.
326 315 368 385 ΙῙ.
391 317 478 385 Scor.
491 311 548 386 IV.
573 319 621 385 De
634 319 751 386 donuae
764 317 936 384 Domurcna
950 313 1238 388 Aaurursrmrroua.
1262 321 1334 389 Gar.
1359 315 1417 389 IV.
1477 321 1541 387 253

123 513 154 577 2.
182 511 304 590 Ormest.
329 509 378 573 Aa
402 509 538 593 repetitio
562 506 757 592 dstrppestio
772 505 856 571 terti
865 508 1085 591 promissionis
1100 506 1287 574 denondati
1298 511 1380 575 inter
1392 511 1544 577 diatrita-

77 601 206 676 radant,
219 611 254 664 at
267 597 537 665 moissacensem
549 598 640 683 qttasi
651 617 720 660 coee
734 597 899 660 Praeconi-s
911 597 1080 662 recitentur
1091 599 1374 684 adboeapendum,
1385 601 1466 664 ecrtri
1475 622 1545 666 *oer-

8 763 9 768 ,
78 692 190 756 lrorron
211 687 354 774 lornrtdct
377 687 490 773 ntique
511 685 542 751 a
566 707 688 770 serroper
709 686 879 750 necessarii
906 687 982 770 sitpe
998 687 1159 770 rependo?
1173 689 1261 772 lle-sp.
1278 689 1350 772 Nep.
1365 686 1493 752 Sufficit
1506 691 1546 754 iis

78 780 185 844 verbis
212 797 369 842 summam
393 775 603 839 institutionis
628 777 650 840 tr
675 775 895 857 promissionis
919 775 1044 839 divinae
1065 777 1208 860 proponi,
1222 777 1338 860 quibus
1358 777 1390 840 in
1405 781 1546 842 mentem

77 869 272 933 Ariditorum
296 865 444 928 distincte
465 867 488 930 dt
511 863 747 928 evidentissime
772 885 839 927 eam
866 863 980 946 ingeri,
1006 865 1029 928 a
1052 864 1113 928 fide
1141 865 1239 949 recipi
1267 888 1359 949 posse
1383 869 1545 949 putanurs.

78 957 179 1022 Nulla
200 955 296 1019 verba
312 976 350 1018 ex
363 975 457 1036 opere
470 957 600 1036 operato
616 951 831 1036 producentia,
846 955 902 1015 aut
914 953 1154 1032 consecratoria,
1172 959 1227 1017 aut
1241 954 1382 1018 creantia
1399 955 1450 1018 hic
1464 955 1546 1019 ima-

8 1045 9 1074 ³
78 1045 230 1132 gibandan
243 1065 378 1128 quorum
391 1041 533 1106 efficacia
544 1041 696 1105 terminos
709 1040 913 1104 instrumenti
928 1041 1056 1105 moralis
1069 1044 1316 1106 transcenderet.
1326 1041 1442 1108 Confer
1450 1046 1546 1108 drun-

77 1137 218 1220 persistas
232 1133 386 1216 Papotets,
399 1131 433 1195 in
448 1132 572 1212 eraest.
586 1131 623 1195 tle
636 1130 782 1216 Efficacia
798 1129 1084 1194 Sacrornentornm.

122 1225 154 1288 3.
183 1225 307 1306 Qstaest.
331 1219 764 1296 Andarantedistrilnrtionc,
784 1220 831 1282 vel
853 1219 1143 1305 pertorosaliqnot
1156 1219 1189 1284 in
1201 1219 1340 1284 Ecclesiis
1356 1223 1546 1307 frequentio-

7 1337 8 1344 ¹
78 1314 176 1389 ritas,
189 1331 298 1376 ornnes
322 1308 386 1376 Viri
407 1309 555 1393 privatim
581 1306 613 1372 a
636 1307 723 1372 tacitl
735 1309 863 1390 tepentes
873 1320 929 1372 ant
945 1309 1136 1387 oraeditnntes,
1150 1321 1205 1374 aret
1217 1322 1351 1386 orantes,
1365 1322 1419 1374 ant
1435 1312 1544 1394 pnlrli-

78 1425 146 1468 eorn
170 1400 254 1465 rrerlri
268 1399 500 1482 praelectionem
512 1397 681 1475 audientes,
694 1397 810 1480 opertis
822 1397 973 1480 capitibus
983 1399 1132 1482 tantisper
1143 1399 1245 1463 sedere
1257 1402 1443 1464 teneorrtnr?
1456 1402 1545 1485 Resp.

77 1491 159 1556 nulli
183 1488 346 1553 Ecclesiae
369 1487 421 1551 hic
437 1486 610 1572 quidquam
635 1485 929 1569 praescribendum:
958 1492 1006 1551 est
1031 1487 1115 1550 enim
1132 1487 1351 1570 adiaphormn.
1376 1487 1543 1552 Moreshic

77 1581 215 1644 canant.
239 1575 381 1662 Quisque
397 1575 540 1660 privatus
561 1574 679 1638 Fidelis
693 1574 771 1638 mori
784 1574 817 1637 in
832 1574 974 1639 Ecclesia
988 1579 1045 1640 sud
1057 1576 1177 1640 servari
1190 1577 1294 1656 solito,
1308 1601 1341 1641 se
1355 1576 1545 1642 conformet:

77 1670 177 1733 donec
200 1667 324 1730 ratione
343 1665 471 1748 majoris
495 1663 734 1742 aedificationis,
761 1667 816 1726 aut
841 1663 954 1728 saltem
979 1665 1119 1728 evitandi
1132 1665 1272 1729 scandali
1285 1665 1483 1730 infirmorum
1499 1669 1546 1730 ita

77 1757 242 1834 suadente,
264 1754 416 1831 Ecclesia,
436 1758 492 1816 aut
517 1775 625 1816 earum
643 1755 856 1816 antecessores
872 1775 944 1817 carm
964 1753 1124 1839 plerisque
1138 1755 1295 1818 veteranis
1308 1760 1364 1818 aut
1379 1757 1547 1820 confirma-

77 1846 216 1910 tior-ibus
239 1842 400 1908 Ecclesiae
413 1839 566 1906 Membris
583 1841 764 1905 mutaverit.

121 1937 154 1999 l.
183 1935 306 2018 Qttaest.
332 1933 382 1996 rln
404 1931 447 1995 ad
467 1931 591 2015 repetita
603 1931 623 1993 d
635 1929 849 1995 Distribrteate
863 1931 897 1994 in
913 1933 1036 2016 qadqtre
1051 1953 1160 1998 rinnsa
1172 1953 1226 1996 sen
1240 1935 1545 2000 Cornrnonicantinrn

77 2026 222 2100 sessione,
245 2021 336 2086 terta
360 2020 505 2084 mandati
531 2017 801 2103 &promissionis
821 2019 1297 2107 cineribuspraesentibuscaput
1313 2025 1549 2108 operiendum?

79 2116 171 2198 llesp.
196 2111 265 2176 Hoc
278 2131 350 2175 cum
363 2109 405 2172 sit
421 2108 640 2192 adiaphorum,
654 2109 676 2173 lc
689 2108 806 2172 alicubi
820 2109 886 2187 fiat,
904 2109 1020 2172 alicubi
1033 2131 1095 2174 non
1116 2112 1183 2190 fiat,
1197 2109 1228 2173 in
1242 2114 1379 2176 extemis
1393 2114 1474 2194 istis,
1488 2113 1547 2177 ali-

79 2204 183 2288 isque,
197 2201 225 2266 si
238 2221 320 2286 quae
332 2201 397 2275 sint
410 2197 607 2262 reverentiae
619 2196 731 2280 signiS,
745 2201 890 2280 receptus
902 2220 971 2262 mos
983 2201 1165 2264 servandus..

123 2292 223 2363 ltlcrn,
246 2290 285 2352 de
313 2287 452 2350 formula
477 2285 696 2350 instructionis
720 2283 865 2370 Iliturgin
881 2291 990 2350 nostrat
1002 2292 1177 2366 contentae,
1193 2309 1288 2374 quam
1302 2294 1376 2354 ante
1389 2292 1547 2356 inchoan·

76 2381 151 2446 dam
176 2377 433 2442 distributionem
446 2375 479 2438 in
492 2377 645 2460 suggesto
657 2378 713 2438 aut
725 2374 764 2437 ad
777 2397 920 2439 mensam
932 2373 1073 2440 Ministri
1086 2379 1271 2462 praelegere
1285 2380 1390 2446 solent
1401 2382 1547 2465 judican-

75 2471 154 2534 dum
184 2471 242 2532 est.
263 2463 635 2531 Communiteromnibus
648 2462 798 2528 Ecclesiis
810 2463 863 2527 hic
875 2464 956 2528 velle
973 2468 1198 2548 praescribere,
1211 2473 1385 2556 repentes
1402 2476 1458 2535 aut
1469 2471 1548 2534 Dio·

73 2557 259 2642 trephicum
272 2554 348 2641 quid
359 2575 471 2637 sapere
486 2553 619 2616 videtur.

122 2650 154 2710 5.
182 2649 305 2730 Qrtaest.
332 2642 401 2722 Qtto
416 2643 527 2708 ordine
552 2641 823 2708 OErnmtrnicontes
847 2641 889 2706 att
912 2663 1055 2708 mensam
1076 2645 1214 2710 aemdere
1229 2645 1358 2712 debeam
1371 2646 1386 2711 l
1399 2651 1491 2732 llesp.
1504 2649 1547 2713 Et

75 2736 137 2801 hoc
159 2733 323 2800 Ecclesiae
341 2733 494 2818 cujusque
506 2730 703 2814 prudentiae,
717 2731 891 2796 secandum
904 2732 1111 2814 particulares
1124 2756 1344 2818 personarum,
1359 2737 1450 2823 [pag.
1465 2739 1544 2823 799]

74 2825 220 2890 locorum
233 2828 412 2906 temporum
424 2819 678 2885 circumstantias
692 2819 926 2900 determinanti,
940 2821 1183 2905 relinquendum
1201 2828 1258 2888 est.
1284 2823 1372 2888 Idem
1392 2827 1476 2890 enim
1491 2828 1545 2890 de-

73 2936 198 2992 corum,
229 2911 313 2976 idem
351 2907 493 2969 εὔτακτον
515 2909 547 2971 in
571 2907 723 2972 Ecclesiis
748 2908 934 2986 minoribus,
959 2909 1240 2995 frequentioribus
1264 2912 1545 2997 frequentissimis,

75 3001 297 3079 clandestinis,
310 2998 465 3076 toleratis,
479 2996 624 3082 publicis,
639 2997 689 3062 tte.
699 2997 858 3063 abstracte
871 2999 894 3062 dt
907 2999 940 3061 in
953 2998 1023 3062 idea
1035 2999 1248 3064 definiendum
1265 3023 1327 3066 non
1353 3012 1400 3068 est
1414 3027 1421 3069 :
1450 3006 1544 3090 quasi

74 3093 110 3156 in
143 3089 320 3175 Republica
342 3087 486 3151 Platonis
511 3107 720 3150 versaremur.
745 3085 815 3151 Hoc
839 3086 953 3150 saltem
977 3089 1197 3168 communiter,
1219 3091 1315 3154 &non
1329 3092 1396 3158 sine
1410 3095 1544 3174 ratione,

74 3181 215 3260 obtinet,
238 3182 274 3242 at
287 3177 381 3242 sicuti
393 3175 465 3240 Viri
477 3175 609 3240 seorsim
624 3173 844 3239 aMulieribus
858 3177 1002 3240 sedentes
1018 3181 1074 3240 aut
1094 3181 1214 3242 stantes
1235 3178 1269 3242 in
1281 3186 1372 3245 coetu
1385 3181 1545 3248 Ecclesiae

73 3270 212 3335 verbum
238 3265 299 3332 Dei
320 3265 464 3344 audiunt,
477 3265 499 3330 d
512 3269 619 3339 orant;
632 3263 677 3327 sic
693 3264 859 3328 &seorsim
873 3265 912 3328 ad
928 3287 1071 3330 mensam
1084 3267 1234 3331 accedant
1248 3290 1255 3332 :
1270 3273 1414 3355 utquam
1427 3274 1545 3359 longis·

73 3359 160 3424 sime
184 3356 329 3422 recedere
341 3354 510 3418 videantur
522 3357 541 3417 a
553 3351 736 3418 confusione
750 3353 815 3433 illtt,
833 3376 930 3438 quam
942 3354 1018 3418 olim
1033 3353 1186 3436 Gentiles,
1200 3357 1223 3422 lt
1239 3361 1312 3441 post
1324 3363 1427 3424 ortam
1444 3363 1543 3426 retor-

73 3447 253 3512 mationem
272 3441 432 3509 Pontificii
448 3442 645 3508 atrocissima
657 3441 816 3506 calumnia
832 3442 1022 3508 Christianis
1039 3445 1256 3530 imponebant.

125 3534 354 3622 Cmtseqnentia
373 3531 627 3596 communionem
647 3535 722 3594 sunt
740 3531 918 3616 gratiarum
934 3533 1027 3613 actia,
1048 3534 1213 3599 meditatio
1226 3535 1445 3620 eucharistica,
1463 3541 1546 3605 elee-

73 3647 223 3710 mosyna.
249 3624 278 3686 1.
297 3622 482 3688 Gratiarum
500 3621 578 3686 actio
593 3624 642 3684 est
662 3623 732 3683 tum
752 3620 896 3684 solitaria
912 3622 1065 3706 cujusque
1085 3622 1203 3687 Fidelis
1217 3629 1289 3707 post
1299 3633 1448 3713 percepta
1460 3652 1545 3713 sym·

72 3715 169 3780 bola:
194 3717 263 3778 tum
288 3709 463 3776 communis
475 3711 498 3775 tr
509 3709 637 3793 publica
650 3708 749 3773 totius
761 3708 933 3788 Ecclesiae,
946 3717 1119 3794 praeeunte
1135 3709 1294 3778 Ministro.
1320 3716 1418 3782 Istam
1431 3718 1500 3782 vide
1513 3719 1545 3782 iu

72 3805 195 3872 Nostra
219 3800 370 3886 Litarpia.
396 3800 454 3865 Illa
478 3802 527 3862 est
550 3798 600 3862 vel
625 3797 831 3882 ejaculatoria
847 3799 895 3862 vel
918 3799 1071 3865 formalis.
1098 3803 1475 3890 ls'p'aealotoriaest,quae
1489 3831 1547 3892 per

71 3892 194 3958 tacitas
207 3889 428 3974 aspirationes
442 3886 697 3964 exclamationes
711 3887 813 3951 cordis
821 3887 1039 3971 jubilationes,
1057 3891 1197 3955 &motus
1210 3891 1402 3975 spirituales,
1417 3895 1543 3960 aEideli

71 4003 206 4067 quoque
231 3981 263 4042 in
284 3999 411 4043 accessu
426 3977 466 4040 ad
478 3997 630 4056 mensam,
643 3975 675 4039 in
690 3975 758 4060 ipso
775 3976 932 4055 accubitu,
945 3976 979 4040 in
991 3977 1061 4062 ipset
1074 3980 1254 4064 acceptione
1268 3981 1291 4046 tt
1304 3985 1546 4051 manducatione

71 4073 111 4136 in
128 4091 256 4135 recessu
277 4070 418 4132 amensa
429 4065 604 4150 peragitur,
618 4069 675 4128 aut
687 4065 797 4150 peragi
810 4069 915 4149 potest
931 4065 955 4128 to
967 4067 1140 4147 desideriis,
1157 4069 1376 4154 petitionibus,
1389 4075 1546 4159 suspiriis,

69 4157 264 4247 gemitibus,
284 4155 499 4241 ejacularoriis
519 4154 656 4233 misceri,
674 4157 731 4217 aut
747 4175 818 4218 crim
837 4153 877 4218 iis
890 4154 1059 4236 altemari;
1073 4159 1230 4222 ttormotn
1243 4163 1299 4234 est,
1315 4183 1396 4245 quae
1413 4163 1547 4229 aFideli

70 4269 206 4334 quoque
225 4247 265 4310 ad
283 4247 386 4310 locum
406 4265 499 4308 etrum
512 4265 647 4322 reserva,
660 4242 773 4322 format,
787 4247 850 4326 qua
862 4247 976 4327 potest,
990 4249 1128 4312 maxime
1141 4248 1339 4313 convenienti
1355 4252 1547 4318 effunditur:

68 4340 143 4403 sive
170 4336 278 4415 tacitis,
303 4334 423 4417 absque
447 4331 513 4395 ullo
537 4332 620 4395 edito
645 4331 737 4416 signo
763 4336 910 4424 externo;
936 4333 1001 4396 sive
1022 4339 1141 4422 aperte,
1155 4335 1545 4428 adlribitosignottgestu

68 4425 211 4504 orantiS,
225 4429 262 4487 ut
273 4424 313 4488 ab
326 4422 473 4486 omnibus
486 4421 544 4484 hoc
556 4421 693 4506 conspici
705 4421 831 4504 possit?
852 4420 942 4486 Adeo
954 4427 990 4486 ut
1002 4428 1041 4491 cd
1054 4425 1216 4511 privatum
1229 4427 1251 4492 lt
1263 4426 1442 4496 solitarium
1455 4453 1543 4496 exer-

1437 4522 1547 4584 citiam
