3668 4856
327 275 390 337 326
624 273 702 338 Pras
726 273 785 339 III.
810 273 858 337 Da
881 271 1033 337 tincturus
1056 273 1148 336 Ecca.
1173 295 1203 336 11
1228 294 1351 338 censes.
1375 271 1442 337 Lm.
1467 272 1494 340 1.

326 459 382 524 boc
393 461 490 526 tutius
501 462 688 526 reservetur?
696 462 785 545 Bcsp.
800 457 989 544 1111333131.
1004 453 1144 524 Facilius
1157 460 1241 524 enim
1254 480 1360 523 errare
1373 463 1429 523 aut
1442 459 1617 544 malignari
1627 459 1775 543 continge
1824 523 1825 528 ,

327 552 377 612 131
398 571 525 633 pauesce,
548 572 645 633 quem
668 552 770 614 totam
782 549 945 633 synodum.
958 548 1002 613 nt
1015 548 1083 613 sine
1096 549 1234 634 genuini
1247 571 1283 614 ac
1295 549 1381 613 fideli
1393 547 1567 633 scriptione
1578 548 1705 612 decreta
1713 551 1777 612 sunt

326 659 389 702 non
404 639 541 704 decreta.

371 725 430 793 111.
456 729 578 810 Quaest.
610 727 661 794 An
670 739 806 813 praestet
817 738 852 792 nt
864 747 974 792 causac
985 739 1207 806 controversae,
1221 727 1302 792 inter
1312 726 1506 814 synedrium,
1519 725 1552 794 e
1562 727 1720 805 1111131133,
1730 737 1777 792 aa

327 818 408 882 inter
418 818 606 882 ministrans
621 815 653 883 a
667 818 835 884 Ecclesiam
850 828 905 882 aut
919 816 1103 902 syrtcdriurn
1115 816 1158 881 ad
1168 815 1326 904 synodum
1337 816 1505 895 devolutae,
1515 836 1574 900 per
1581 837 1698 901 paneas
1708 816 1777 880 deb·

326 917 413 990 yatos
439 906 586 992 synodali
605 917 754 990 potestate
769 907 1056 990 tarantasmum
1067 917 1103 970 ut
1114 905 1153 970 ab
1166 907 1235 989 ipsit
1247 906 1366 992 synodo
1382 907 1598 970 terminantur.
1612 906 1700 989 Resp.
1713 903 1779 968 Post

327 994 464 1059 solutam
488 994 653 1081 synodum,
680 995 726 1060 ita
741 1000 778 1060 ut
796 995 836 1059 ad
854 1015 925 1059 eam
937 997 1075 1058 stantem
1087 994 1225 1078 delegati
1241 993 1290 1058 1111
1302 993 1421 1058 referre
1434 997 1605 1078 nequeant,
1618 993 1717 1078 Nego.
1731 991 1778 1056 Sin

327 1104 402 1149 vero
421 1083 576 1168 judicium
599 1083 815 1168 delegatorum
845 1083 1063 1167 conciperetur
1087 1087 1191 1148 stante
1214 1082 1344 1167 synodo,
1356 1083 1403 1147 ita
1415 1087 1451 1147 ut
1463 1083 1526 1146 rim
1540 1081 1779 1148 sententiosum

327 1172 461 1237 haberet
483 1173 552 1236 sine
580 1172 691 1256 synodi
714 1172 962 1257 approbatione3
987 1169 1112 1236 ridetur
1136 1172 1263 1256 quidem
1286 1173 1392 1237 minus
1410 1171 1623 1256 periculosum
1636 1191 1778 1250 essenon

327 1266 434 1326 tamen
446 1263 538 1326 credo
553 1266 724 1345 praestare.
750 1261 823 1326 Huc
838 1261 964 1345 applica
979 1260 1059 1324 illud
1076 1260 1223 1327 Proverb.
1239 1261 1290 1326 11.
1303 1281 1340 1326 n.
1359 1263 1409 1324 14.
1423 1262 1462 1326 In
1476 1261 1677 1328 mttltitudinc
1689 1259 1779 1326 conn-

329 1351 497 1416 liuriorum
508 1352 606 1416 salus.

373 1437 431 1503 IV.
448 1439 572 1518 Quaest.
584 1439 636 1504 An
648 1441 821 1526 aliqnando
833 1441 951 1505 decreta
961 1440 1146 1524 praesertim
1157 1439 1342 1524 doymutica,
1354 1438 1781 1524 nontantumsubsiynatiane

329 1528 383 1594 scd
394 1527 613 1613 &juramento
624 1531 645 1593 ὰ
657 1529 871 1614 synodalibus,
884 1530 981 1594 inemo
992 1527 1023 1594 d·
1037 1529 1111 1594 aliis
1122 1529 1277 1593 ministris
1288 1530 1339 1614 pie
1350 1529 1534 1616 confirmari
1541 1529 1689 1612 possint?
1701 1529 1781 1609 desp.

330 1616 446 1694 Quidni
457 1621 472 1681 ‚⁹
484 1615 506 1682 J
507 1622 712 1682 uramentum
723 1621 902 1683 nostrorum
919 1618 951 1681 in
966 1617 1072 1682 Gallia
1084 1617 1117 1681 in
1130 1617 1254 1682 decreta
1265 1617 1377 1701 synodi
1389 1615 1621 1696 Dordracenae,
1638 1617 1718 1701 quod
1727 1616 1781 1678 im·

330 1706 432 1790 periti
455 1706 678 1771 admorderant
702 1706 974 1783 Remonstraules,
987 1706 1124 1790 explicui
1137 1707 1161 1774 81
1173 1705 1299 1770 defendi
1311 1707 1344 1769 in
1357 1707 1390 1772 3.
1403 1719 1486 1790 part.
1500 1707 1553 1772 sel.
1567 1707 1670 1790 dispp.
1684 1706 1725 1770 tit.
1741 1703 1783 1767 De

327 1797 509 1879 juramento
532 1795 707 1880 religionis.
736 1795 826 1882 [pag.
841 1795 933 1880 220]
947 1794 1048 1879 Saepe
1063 1800 1154 1859 tanta
1170 1799 1219 1859 cst
1230 1794 1372 1878 deceptio
1384 1796 1408 1861 is
1420 1794 1593 1872 simulatio,
1608 1799 1643 1860 ut
1655 1795 1693 1860 ed
1704 1795 1782 1878 jum·

330 1885 474 1948 mentum
499 1887 652 1968 tanquam
667 1884 758 1959 πέρας
767 1886 868 1954 πάσης
881 1882 1053 1957 ἀντιλογίας
1065 1884 1293 1948 deveniendum
1308 1883 1361 1948 sit.
1375 1883 1526 1948 Refertur
1537 1905 1601 1947 non
1613 1883 1660 1948 ita
1671 1883 1782 1968 pridem

333 1973 373 2037 ab
397 1971 518 2037 Illustr.
535 1972 726 2038 Hollandiee
738 1972 832 2038 Ordd.
843 1974 1061 2057 juramentum
1073 1973 1270 2057 postulatum
1282 1973 1322 2036 ab
1339 1973 1531 2038 Academiae
1547 1995 1626 2052 suae
1635 1969 1784 2056 theologis

331 2065 354 2128 lt
372 2061 580 2146 philosophis,
593 2063 771 2127 adeersum
783 2084 878 2146 quem
890 2061 1203 2145 philosophematum
1215 2062 1424 2146 quorundam,
1436 2066 1493 2126 aut
1507 2061 1642 2146 alicujus
1654 2059 1785 2126 methodi

331 2149 583 2234 philosophandi
599 2152 783 2216 sistendum.

375 2237 415 2302 V.
442 2241 566 2322 Quaest.
593 2241 643 2306 An
658 2241 777 2305 decreta
788 2240 816 2306 si
833 2238 948 2306 alicttbi
959 2239 996 2303 de
1007 2259 1070 2304 usu
1085 2239 1336 2323 adiaplaerornm
1350 2240 1400 2326 (nt
1412 2241 1516 2306 soceri
1527 2239 1641 2326 solun)
1653 2240 1733 2325 sacto
1743 2259 1785 2303 cs·

332 2339 408 2406 sent,
433 2329 496 2394 3133
516 2349 575 2412 per
598 2329 728 2394 rrrodurn
755 2330 946 2406 tolerantiae,
958 2329 1087 2412 siecpcr
1103 2329 1234 2394 medina
1246 2330 1378 2408 corrsilii,
1392 2331 1477 2416 prod
1488 2340 1680 2414 paterniter
1693 2327 1787 2413 mayn

331 2417 430 2502 soene
455 2418 498 2482 ad
518 2438 627 2502 paccrn
642 2418 674 2484 d*
685 2419 837 2484 uraitatcrn
849 2418 998 2482 Ecclesiae
1008 2418 1207 2496 seruandam,
1220 2431 1275 2484 aut
1287 2419 1329 2483 ad
1341 2419 1483 2483 lnrrsines
1497 2419 1648 2502 Papisnco
1659 2427 1787 2483 assensu

332 2507 440 2572 minus
451 2507 472 2570 ὰ
483 2519 608 2572 nostrae
619 2507 769 2572 Ecclesiae
779 2508 998 2572 mmmammac
1012 2508 1193 2572 acertendos
1203 2531 1213 2572 .·
1225 2508 1288 2586 An,
1301 2509 1444 2593 ianuam,
1456 2527 1566 2574 mrum
1576 2507 1712 2573 caecrstio
1726 2515 1787 2591 post

332 2594 493 2678 Populum
516 2597 592 2660 sotis
619 2597 802 2674 consuetum,
826 2593 858 2662 d
880 2595 1020 2660 tornines
1043 2597 1156 2662 aralius
1179 2596 1338 2662 institutos
1353 2596 1454 2682 riyide'
1468 2595 1614 2664 decuere
1627 2593 1787 2682 uryenda?

334 2683 423 2768 Hesp.
436 2683 519 2770 Neg.
533 2686 556 2750 lt
569 2685 736 2748 dolendum
748 2685 833 2768 quod
846 2683 980 2748 antehac
989 2684 1116 2762 alicubi,
1126 2685 1237 2749 totfidi
1248 2685 1308 2750 Dei
1317 2684 1454 2770 operarii
1462 2685 1503 2750 ob
1512 2685 1690 2770 adiaphora
1699 2684 1789 2769 (ipso-

332 2794 404 2836 rum
427 2772 495 2837 scil.
519 2795 613 2838 sensu
626 2773 878 2852 bonusamicus),
901 2773 1011 2851 erucis,
1024 2773 1254 2857 genuflexionis
1267 2773 1299 2838 in
1312 2779 1410 2840 coena
1421 2775 1444 2839 lt
1457 2774 1497 2838 ad
1506 2773 1789 2858 pronuntiationem

332 2861 469 2926 nominis
480 2859 569 2938 Jesu,
582 2863 606 2927 n
618 2862 735 2926 alieubi
748 2863 814 2927 albi
826 2861 1003 2927 indumenti
1014 2861 1048 2926 in
1060 2862 1151 2946 praxi
1162 2885 1225 2927 nou
1237 2863 1415 2942 observata,
1428 2867 1484 2928 aut
1497 2885 1593 2928 seusu
1606 2885 1670 2928 non
1683 2883 1789 2947 appro-

332 2950 419 3027 bata,
443 2954 500 3014 aut
522 2950 753 3035 subscriptione
777 2973 841 3015 uon
863 2951 1000 3028 firmata,
1025 2952 1204 3016 exautorati
1223 2953 1297 3017 sint.
1326 2951 1441 3018 Confer
1464 2973 1546 3037 quse
1559 2952 1597 3016 de
1610 2949 1790 3017 ceremoniis

333 3038 398 3104 illis
414 3060 510 3122 supra
521 3053 602 3123 part.
618 3043 648 3104 1.
662 3041 713 3105 lib.
731 3041 762 3104 2.
775 3051 862 3105 tract.
877 3040 905 3103 1.
918 3061 985 3124 cap.
1001 3040 1031 3104 7.
1043 3040 1233 3106 3313111113.

377 3130 405 3212 ᾖ.
419 3126 453 3192 5.
466 3127 514 3193 Dc
524 3130 689 3195 autoritate
701 3130 814 3214 synodi
829 3129 1002 3212 quaeritur:

377 3214 403 3280 1.
429 3217 553 3298 Quaest.
580 3217 631 3282 dn
649 3219 755 3284 illusit
767 3218 953 3302 infallibilis,
966 3218 1178 3303 adeoqraccjas
1191 3217 1791 3305 decretaabsolutetencamurreciperc?

334 3306 424 3390 Rcsy.
447 3303 590 3390 Excepta
605 3307 782 3389 apostolica
793 3307 894 3371 Actor.
911 3308 960 3371 15.
974 3308 1011 3370 dc
1024 3308 1170 3371 omnibus
1184 3307 1256 3372 aliis
1269 3311 1340 3391 post
1352 3307 1545 3392 Apostolicis
1557 3313 1626 3372 tum
1641 3306 1791 3394 generali·

333 3395 394 3458 bus
416 3393 462 3458 ita
488 3394 580 3460 dictis
603 3400 673 3459 tum
697 3396 952 3479 particularibus,
965 3395 1112 3479 Negatur
1128 3397 1272 3461 absolute
1284 3401 1394 3461 eontra
1409 3397 1604 3462 Pontificius.
1618 3397 1711 3473 Quod
1722 3398 1791 3461 itai

334 3483 462 3561 nostris,
486 3483 679 3569 Bullinycro,
704 3485 849 3570 Hyperia,
874 3484 994 3561 Daneo,
1018 3485 1191 3563 Wittalsero,
1205 3488 1257 3551 Fr.
1271 3488 1366 3551 litatio
1377 3509 1401 3551 c.
1416 3487 1662 3566 Bellarnsinnns,
1674 3483 1791 3571 synopsi

334 3570 490 3655 heydensi
512 3573 646 3656 aliisque
663 3572 756 3636 locor.
770 3595 882 3636 comm.
897 3573 1113 3656 scriptoribus,
1126 3573 1283 3658 imprimis
1296 3577 1319 3640 ta
1332 3575 1466 3658 profess.
1479 3573 1748 3640 Selmuriensibus
1762 3573 1791 3636 in

335 3659 436 3743 dispp.
449 3660 482 3724 in
491 3660 559 3726 luce
567 3661 718 3744 positum,
730 3665 767 3725 ut
777 3682 1045 3744 supervacaneum
1057 3663 1151 3746 plant
1163 3667 1246 3728 esset
1257 3664 1381 3748 aliquos
1393 3667 1564 3748 conceptus
1576 3665 1695 3730 uostris
1706 3660 1791 3728 disci-

335 3749 419 3832 pulis
430 3747 483 3813 hic
494 3750 708 3832 praeformare
720 3751 811 3814 velle.

379 3835 422 3901 11.
441 3838 563 3918 Quaest.
579 3838 629 3903 An
640 3859 711 3922 eryo
723 3838 754 3904 d·
769 3860 847 3924 quac
858 3840 1011 3904 autentus
1022 3841 1225 3927 synodalium
1237 3843 1439 3919 decretorum,
1453 3863 1533 3928 qaae
1547 3863 1620 3907 curn
1636 3843 1706 3908 verb
1740 3839 1792 3907 net

336 3926 519 3992 conveniant
530 3929 570 3992 sit
580 3927 773 4011 aynoscenda
785 3927 816 3994 d·
827 3930 1038 3993 conservanda
1051 3931 1086 3994 in
1096 3931 1238 3995 Ecclesiis
1248 3933 1264 3994 f
1276 3933 1365 4016 Hesp.
1379 3931 1444 3995 Aff.
1457 3953 1505 4016 pr.
1518 3933 1541 3997 d
1553 3932 1645 3996 docet
1656 3932 1696 3997 ho
1740 3951 1792 3994 ter·

336 4018 433 4097 petua
453 4016 559 4097 praxis
571 4016 823 4080 reformatorum.
837 4015 926 4091 Quod
938 4018 978 4081 ad
989 4023 1106 4101 poster.
1120 4024 1168 4083 est
1181 4023 1321 4103 potestas
1335 4021 1541 4085 subordinate
1556 4042 1621 4084 non
1633 4041 1724 4104 suprs
1740 4039 1791 4093 ne;

338 4101 544 4185 hypothetica
557 4103 580 4168 8
592 4104 768 4186 dependens
778 4127 843 4168 non
855 4106 1010 4184 absoluta,
1023 4108 1050 4172 si
1063 4130 1134 4172 cum
1146 4106 1207 4172 Dei
1219 4109 1243 4174 lt
1255 4107 1438 4193 Scripturas
1451 4109 1625 4175 autoritate
1637 4131 1720 4193 comp
1740 4129 1792 4171 tre·

337 4193 407 4265 tur;
423 4191 551 4272 publica
566 4195 684 4270 tamen,
702 4193 861 4271 directius,
879 4196 1100 4274 antecmsorin,
1117 4197 1145 4261 si
1164 4220 1236 4261 cum
1252 4199 1465 4282 subsequente
1477 4201 1500 4266 la
1511 4199 1638 4283 privati
1649 4200 1720 4282 cuju
1740 4218 1793 4281 qne

337 4276 439 4341 fidelis
461 4283 619 4362 potestate
646 4303 682 4346 ac
705 4281 853 4346 libertate
872 4283 1032 4367 judicandi
1057 4285 1108 4370 (de
1132 4283 1223 4368 qual
1241 4288 1309 4352 Gor.
1324 4287 1355 4352 2.
1368 4287 1391 4352 la
1406 4289 1458 4352 10.
1470 4307 1499 4353 υ.
1515 4287 1597 4354 16.1
1621 4288 1724 4354 man
1740 4287 1751 4351 l
1766 4287 1793 4349 5.

337 4385 365 4429 e.
383 4364 450 4448 21.)
463 4371 671 4452 comparetur.
1516 4405 1518 4416 ¹
1740 4459 1795 4528 HL
