3712 4850
302 319 366 384 240
657 313 740 378 Pras
763 311 789 377 I.
814 312 862 377 Dr
886 307 1018 377 Oaracrc
1041 311 1145 376 Ponrr.
1169 309 1259 374 Ecca.
1285 309 1350 375 Ina.
1373 305 1400 374 Ι.

301 529 356 572 seu
369 503 602 590 hypotheticis:
620 522 755 584 quorum
767 501 823 564 itta
834 499 916 563 fiunt
928 499 966 562 de
978 495 1217 580 quaestionibus
1228 496 1427 580 dogmaticis,
1440 496 1626 574 moralibus,
1635 497 1659 560 dr
1669 515 1777 581 gene-

302 595 383 660 ralia
394 592 561 679 regiminis
577 589 792 655 Ecclesiastici
803 589 932 673 ejusque
949 586 1092 652 Oenones
1105 584 1381 650 concernentibus:
1402 585 1462 649 istu
1475 585 1512 649 de
1524 585 1778 670 quaestionibus
1841 649 1842 652 ,

302 685 385 749 circa
409 681 602 767 hypothesin
619 678 821 763 negotiorum
833 679 856 742 dr
868 698 1034 740 causarum
1047 673 1352 739 Ecclesiasticarum.
1376 671 1427 739 Sit
1437 695 1513 759 ergo
1529 676 1556 738 1.
1574 675 1678 740 Concl.
1704 673 1776 738 De·
1841 673 1843 744 ἶ

301 778 388 838 creta
399 771 557 837 Classiam
569 770 593 833 dr
605 767 802 853 Syncdorum
815 764 1021 850 hypothetica
1041 767 1091 829 tot
1102 763 1171 828 fieri
1186 763 1312 842 debent,
1325 767 1403 846 quot
1414 764 1544 846 negotia
1555 765 1579 828 dr
1589 785 1706 829 causae
1722 763 1777 826 vel
1841 767 1843 774 ⁴

302 885 358 947 per
384 860 513 925 modum
541 856 736 944 gravaminis
749 855 799 920 rel
815 877 871 938 per
883 854 1012 918 modum
1029 851 1225 937 quaestionis
1238 852 1439 936 particularis
1452 852 1519 917 illic
1535 855 1778 937 proponuntur,
1841 879 1843 894 ³

303 956 359 1015 aut
381 972 439 1034 per
455 947 713 1033 appellationem,
730 949 785 1009 aut
797 948 928 1027 propter
939 942 1182 1028 generalitatem
1197 963 1288 1005 suam
1299 941 1349 1006 dre.
1364 946 1400 1005 eb
1413 941 1557 1026 legitime
1569 942 1778 1011 deferuntur.

305 1039 423 1105 Confer
452 1037 537 1101 infra
561 1038 649 1102 Part.
667 1037 697 1098 3.
725 1035 762 1098 de
785 1032 943 1100 Clcasidar
955 1031 985 1097 d·
1000 1031 1154 1118 Synodis.
1168 1029 1201 1094 N
1203 1053 1220 1094 e
1232 1034 1338 1094 tamen
1352 1029 1512 1111 Actiones,
1526 1030 1674 1107 Decreta,
1688 1031 1779 1096 Acta

305 1127 496 1214 synodorum
516 1125 652 1190 nimium
664 1127 888 1200 excrescerent,
902 1133 1031 1186 cautum
1043 1124 1092 1185 est
1104 1119 1285 1185 Canonibus
1296 1119 1423 1198 nostris,
1436 1123 1472 1184 ut
1484 1119 1568 1203 quod
1579 1120 1612 1184 in
1624 1119 1780 1185 inferiori

305 1221 460 1283 conventu
486 1212 689 1279 determinari
709 1215 825 1295 potest,
842 1211 882 1274 ad
894 1212 1091 1293 superiorem
1103 1232 1167 1274 non
1180 1209 1340 1274 deferatur
1355 1231 1404 1272 ex.
1417 1230 1466 1294 gr.
1483 1208 1722 1293 aPresbyterio
1736 1209 1780 1274 ad

305 1307 456 1381 Classem,
485 1308 504 1368 a
526 1302 634 1368 Classe
663 1301 702 1365 ad
729 1299 893 1385 Synodunr
919 1298 1160 1377 Provincialem,
1185 1298 1275 1384 [pag.
1290 1297 1370 1383 289]
1394 1298 1435 1361 ab
1448 1303 1485 1363 ed
1500 1298 1540 1362 ad
1551 1297 1780 1363 Nationalem.

305 1397 334 1461 2.
362 1395 463 1462 Gonct.
487 1391 623 1456 Decreta
650 1389 771 1454 thetica
797 1389 834 1452 de
858 1391 1003 1472 receptae
1015 1387 1257 1452 Ecclesiasticae
1269 1388 1428 1451 doctrinae
1441 1388 1598 1473 capitibus
1609 1388 1780 1454 communi

304 1483 456 1549 Formula
468 1501 638 1546 consensus
653 1477 888 1562 comprehensis
901 1477 934 1540 in
946 1476 1081 1562 Synodis
1094 1499 1157 1540 non
1170 1479 1244 1540 sunt
1256 1475 1512 1560 multiplicanda:
1529 1477 1626 1542 immo
1638 1480 1743 1561 parce
1757 1477 1781 1542 dr

306 1596 370 1638 non
392 1572 455 1636 nisi
477 1569 624 1635 indicatis
649 1566 810 1632 Eormulis
835 1587 1004 1631 consensus
1028 1565 1199 1651 (siquidem
1211 1564 1333 1649 aliquid
1348 1565 1400 1630 hic
1412 1565 1537 1630 decerni
1552 1565 1680 1645 debeat]
1692 1567 1782 1632 talia

307 1661 475 1728 formanda
491 1659 654 1723 ridentur:
669 1679 708 1720 ne
721 1660 791 1720 acta
803 1653 1001 1740 Synodorum
1013 1657 1177 1719 mutentur
1185 1654 1219 1718 in
1227 1653 1324 1718 Locos
1334 1676 1525 1734 communes,
1535 1658 1591 1720 aut
1600 1655 1782 1720 Commen-

306 1752 390 1816 taria
413 1748 614 1815 catechetica.
640 1747 671 1812 3.
698 1746 799 1810 Conct.
824 1743 912 1809 Idem
924 1744 994 1808 dico
1005 1745 1043 1807 de
1056 1743 1199 1808 Decretis
1210 1743 1294 1807 circa
1305 1745 1470 1829 generales
1483 1745 1648 1829 regiminis
1660 1743 1784 1809 Eccle-

308 1840 428 1906 siastici
447 1837 600 1902 Ganones.
625 1836 654 1898 4.
681 1835 783 1900 Conel.
807 1831 896 1907 Quod
909 1833 949 1897 ad
961 1832 1103 1897 Oanones
1116 1832 1154 1896 de
1166 1833 1412 1916 particularibus
1425 1836 1448 1899 dr
1461 1833 1553 1898 dictis
1565 1832 1784 1917 Adiaphoris,

309 1929 523 1994 inconsultum
551 1947 602 1990 eos
625 1947 681 2008 per
693 1921 976 1988 accumulationem
987 1921 1196 1986 Decretorum
1211 1922 1332 2006 augeri,
1345 1926 1401 1986 aut
1416 1922 1531 2008 glossis
1543 1945 1637 2006 saepe
1649 1923 1692 1986 ad
1704 1927 1784 1988 tex-

308 2023 378 2082 tum
401 2015 543 2081 adductis
573 2035 709 2097 eumque
729 2010 944 2090 onerantibus,
962 2011 989 2074 si
1001 2033 1063 2075 non
1080 2011 1344 2094 opprimentibus,
1357 2033 1487 2095 operose
1500 2012 1663 2096 explicari.
1689 2009 1784 2078 Hinc

310 2107 395 2171 enirn
418 2105 605 2189 plerumque
629 2102 675 2181 fit,
700 2105 736 2165 ut
747 2100 884 2165 Decreta
896 2122 968 2164 oum
981 2099 1135 2178 Decretis
1151 2098 1173 2164 J
1174 2122 1232 2165 ura
1244 2100 1376 2185 antiqua
1388 2123 1460 2164 cum
1473 2101 1561 2165 novis
1578 2109 1784 2185 comparata,

309 2217 480 2280 progressu
504 2191 656 2275 tcmporis
683 2211 746 2255 non
772 2193 899 2253 tantum
925 2187 1120 2268 ἑναντιοφανῆ,
1136 2189 1191 2252 sed
1203 2191 1226 2255 da
1239 2192 1361 2253 exserte
1374 2189 1617 2254 contradictoria
1632 2189 1786 2274 pariant,

311 2285 413 2368 iisque
437 2284 460 2348 d
482 2281 612 2366 ingenia
624 2278 796 2344 Doctorum
812 2279 900 2344 &res
917 2301 953 2343 ac
964 2278 1108 2362 regimen
1120 2277 1281 2342 Ecclesiae
1293 2279 1497 2361 perturbent:
1515 2279 1563 2344 uti
1575 2281 1786 2362 experientia

312 2373 419 2438 docuit
437 2371 470 2435 in
493 2392 622 2454 corpore
632 2369 718 2433 lara
732 2367 889 2434 Conownici.
915 2368 944 2432 5.
972 2368 1073 2432 Coccei.
1097 2365 1234 2432 Decreta
1245 2367 1327 2431 circa
1340 2365 1550 2454 Theologiam
1566 2368 1787 2452 problemati-

313 2485 393 2541 oam,
416 2465 452 2525 ut
473 2460 531 2523 illa
551 2463 569 2522 a
581 2456 739 2522 communi
755 2457 896 2521 doctrina
908 2456 1129 2521 Ecclesiastica
1142 2457 1360 2540 distinguitur,
1372 2459 1544 2541 prudenter
1556 2461 1579 2524 tr
1591 2460 1687 2542 parce
1700 2481 1784 2523 eon-

314 2550 474 2635 cipienda:
499 2570 539 2612 ne
562 2547 743 2610 libertatem
766 2545 977 2629 prophetandi
990 2550 1046 2609 aut
1057 2545 1235 2630 legitimam
1247 2546 1498 2612 moderationem
1510 2547 1561 2632 (de
1573 2545 1692 2630 quibus
1706 2547 1785 2611 vide

314 2639 399 2704 infra
412 2638 502 2706 Part.
516 2636 561 2719 3.)
573 2635 708 2698 nimium
721 2640 925 2712 coarctemus,
938 2637 961 2700 dt
972 2633 1256 2718 praestantissimis
1269 2633 1356 2713 viris,
1370 2636 1464 2700 aliter
1475 2636 1558 2700 forta
1570 2635 1622 2700 hic
1634 2635 1788 2700 sentien-

315 2729 411 2798 tibus,
438 2717 630 2811 praejudicio
653 2723 833 2787 autoritatis
857 2723 1016 2806 synodalis
1043 2723 1175 2806 laqueus
1199 2725 1342 2787 struatur
1362 2723 1402 2788 ab
1415 2725 1559 2802 aemulis,
1573 2725 1712 2810 aliisque
1726 2725 1787 2810 qui

317 2815 503 2882 eruditionis
529 2818 585 2876 aut
611 2811 739 2896 pietatis
761 2811 869 2875 hostes
893 2812 1035 2892 προφάσει
1062 2812 1120 2876 zeli
1144 2811 1294 2896 synodici,
1311 2814 1490 2878 occasiones
1505 2814 1578 2878 illas
1599 2819 1788 2898 captarent.

317 2907 346 2969 6.
376 2906 477 2970 Conel.
501 2903 550 2966 De
570 2900 808 2985 problematicis
821 2900 1011 2983 quibusdam
1026 2901 1210 2980 moralibus
1224 2902 1256 2966 in
1269 2902 1385 2986 quibus
1396 2901 1479 2966 forte
1493 2926 1574 2967 unus
1586 2909 1685 2987 atque
1698 2905 1790 2968 alter

316 2994 509 3059 orthodoxus
529 2990 685 3066 dissentit,
709 2989 803 3053 aliter
821 2989 1036 3072 judicandum.
1060 2989 1170 3054 Potest
1196 2991 1281 3056 enim
1304 3014 1332 3056 e.
1345 3013 1394 3077 gr.
1407 2991 1542 3056 Decreta
1554 2991 1789 3058 Ecclesiastico

317 3082 431 3159 caveri,
459 3103 499 3145 ne
521 3080 593 3163 quis
608 3079 641 3142 in
659 3075 800 3142 Ecclesia
813 3082 868 3142 aut
879 3077 912 3142 in
928 3076 1043 3142 Schola
1055 3078 1204 3143 defendat
1219 3081 1418 3146 mendacium
1431 3081 1620 3160 officiosum,
1632 3083 1791 3166 quamvis

319 3172 480 3238 Miseratus
502 3170 538 3232 in
560 3168 625 3232 Jot.
650 3168 680 3230 8.
699 3167 744 3231 ita
760 3167 902 3245 senserit,
920 3168 1095 3232 &Brwerrrs
1107 3169 1141 3232 in
1157 3169 1238 3253 pr.
1252 3171 1282 3234 4.
1299 3170 1463 3234 dubitarit.
1488 3168 1644 3235 Similiter
1657 3172 1696 3235 de
1709 3171 1791 3236 lusu

319 3261 417 3339 aleae,
441 3261 478 3322 de
503 3257 606 3321 usuris
626 3255 853 3332 mordentibus,
866 3256 983 3339 dejure
994 3261 1191 3340 patronatus,
1204 3260 1242 3323 de
1254 3259 1355 3323 abusu
1368 3259 1528 3324 redituum
1540 3260 1792 3325 Ecclesiastico-

319 3371 389 3413 rum
414 3348 472 3412 sub
497 3345 662 3410 umbratili
686 3347 708 3410 dt
730 3345 881 3408 ementito
894 3345 1021 3429 gradus,
1035 3350 1091 3410 aut
1103 3347 1208 3430 operis
1220 3347 1436 3412 Ecclesiastici
1448 3348 1513 3413 sive
1525 3349 1701 3424 reformati,
1717 3350 1793 3414 sive

320 3434 604 3518 Romani-papalis
631 3433 736 3512 titulo,
764 3433 884 3517 absque
912 3456 946 3496 re
970 3440 1025 3499 aut
1048 3457 1153 3518 opere.
1178 3435 1315 3501 Etiamsi
1327 3437 1411 3501 enim
1424 3435 1543 3521 Synodi
1555 3437 1690 3502 subinde
1701 3439 1793 3502 tales

321 3527 438 3590 abusus
461 3525 595 3587 tolerare
607 3522 757 3603 debeant;
769 3544 835 3586 non
845 3525 954 3587 tamen
965 3522 1129 3590 indecoras
1142 3527 1164 3590 dr
1176 3526 1338 3608 pudendas
1352 3525 1589 3611 Theologorum
1601 3549 1659 3612 pro
1670 3527 1794 3592 iisdem

322 3614 562 3698 disputationes.
591 3649 630 3658 -
655 3608 697 3674 ll.
713 3611 836 3692 Qrcacst.
850 3610 899 3674 An
914 3613 1105 3695 dr'quomodo
1120 3613 1281 3678 Ecclesiae
1293 3615 1362 3700 regi
1378 3615 1502 3699 possint
1514 3615 1659 3681 Decretis
1671 3617 1793 3682 Consi-

323 3702 422 3768 storii.
447 3703 537 3784 Resp.
561 3699 620 3763 Pru
626 3699 851 3782 esupponimus
875 3699 1068 3764 Consistoria
1088 3701 1145 3766 illa
1156 3702 1190 3766 in
1203 3701 1373 3769 Germania
1386 3727 1453 3768 esse
1466 3705 1641 3770 constituta
1653 3708 1672 3770 a
1684 3705 1793 3770 Prin-

323 3791 446 3874 cipibus
469 3789 576 3854 &inde
587 3789 772 3852 mandatum
785 3791 880 3871 atque
893 3790 1097 3854 autoritatem
1113 3814 1204 3855 suam
1216 3792 1343 3857 habere.
1368 3794 1499 3859 Adhaec
1510 3799 1655 3859 constare
1670 3817 1709 3860 ex
1723 3793 1793 3858 ¹²¹»-

323 3880 420 3944 liticis
443 3901 498 3942 seu
521 3876 541 3941 J
546 3876 751 3941 ureconsultis
767 3879 789 3942 d
802 3899 841 3940 ex
853 3875 1036 3963 Theologis.
1060 3877 1200 3964 Negotia
1212 3884 1235 3948 dr
1247 3905 1358 3947 causas
1370 3905 1481 3948 ornnes
1493 3883 1735 3949 Ecclesiastica
1767 3909 1795 3950 rc

323 3967 490 4032 nonnullas
503 3966 596 4030 mixti
607 3965 669 4029 fori
681 3965 727 4028 ibi
738 3966 879 4044 tractari,
895 3989 975 4048 quae
988 3968 1020 4030 in
1032 3967 1155 4052 Papatu
1164 3970 1204 4033 ab
1212 3970 1531 4055 Episcopisdceorum
1540 3972 1644 4037 Curiis
1653 3977 1739 4037 tract
1767 3975 1794 4038 ri

325 4057 437 4122 solent.
456 4055 535 4118 Esse
559 4053 752 4118 consistoria
775 4055 1243 4144 &ludiciclErelesinsticclaeu
1264 4059 1479 4145 Episcopolia:
1499 4059 1665 4147 Distingui
1677 4067 1740 4126 tam
1770 4085 1794 4126 n

324 4143 504 4208 assonciliis
518 4165 572 4207 seu
589 4140 722 4225 Synodis
735 4142 975 4224 Ecclesiasticis,
989 4147 1011 4210 dr
1024 4149 1043 4208 a
1054 4144 1075 4209 J
1079 4147 1188 4211 udiciis
1201 4149 1357 4214 civilibus.
1375 4149 1540 4232 Originem
1554 4151 1734 4217 &occasion
1768 4175 1793 4215 n

324 4232 442 4296 talibus
473 4230 674 4293 consistoriis
698 4231 856 4315 erigendis
880 4233 987 4297 datam
1010 4234 1108 4298 fuisse
1135 4259 1193 4320 per
1217 4237 1604 4324 secessionemaPapatu,
1621 4240 1741 4324 &Papa
1768 4241 1795 4304 is

325 4317 524 4403 Episcopalis
536 4319 702 4401 potestatis
718 4318 856 4383 interris
869 4319 1052 4406 Principum
1064 4323 1315 4391 protestantium
1328 4329 1580 4412 abrogationem.
1605 4327 1694 4394 Haec
1705 4329 1737 4393 al
1769 4357 1795 4393 ι-

327 4430 388 4492 que
401 4407 470 4470 susc
486 4409 750 4488 pertractantura
765 4408 941 4475 Christiano
963 4411 1087 4477 tt'cbero
1099 4415 1136 4479 cle
1147 4415 1221 4480 licre
1235 4413 1267 4480 d·
1279 4417 1408 4484 Ratione
1424 4415 1745 4485 concatenatas
1769 4427 1795 4486 it

1710 4531 1795 4576 ΓὉ
