3768 4842
312 279 354 346 18
519 273 633 346 Pras
668 281 693 347 I.
740 274 1219 380 Dn0stnoroPon1r.
1255 277 1375 347 Ecca.
1415 273 1503 346 Lis.
1539 271 1564 346 Ῑ.

311 468 417 534 fessio.
438 467 489 534 lta
511 473 547 533 nt
560 470 683 534 vocatio
696 470 738 534 sit
749 471 951 555 praeparatio
964 475 1020 534 aut
1031 470 1196 554 productio
1208 469 1391 534 immediata
1402 467 1543 533 fidelium
1556 467 1728 532 distribute
1753 465 1779 532 tr

311 559 442 623 seorsim
467 558 753 624 consideraturum:
779 564 811 624 et
834 559 973 624 mediata
996 558 1169 638 Ecclesiae,
1194 581 1249 623 seu
1275 558 1417 623 fidelium
1444 557 1600 622 collectim
1613 557 1646 620 in
1658 557 1780 621 unione

310 647 535 714 Ecclesiastica
568 648 822 714 const'tutorum.
856 688 895 696 —
930 647 988 712 IV.
1022 649 1124 714 Media
1159 647 1189 714 d·
1213 649 1434 725 instrumenta,
1459 669 1514 711 seu
1542 669 1654 710 causae
1682 647 1779 731 adju-

310 741 421 802 vantes
458 740 533 802 sunt
565 739 665 823 inopis
696 739 845 817 internae,
874 738 963 802 verbi
995 737 1199 822 praedicati0,
1231 737 1477 814 adhortationes,
1513 735 1711 800 visitationes
1752 737 1779 801 dv

311 826 569 911 compellationes
578 817 732 898 ncr'efnoa
748 827 996 906 convocationes,
1009 831 1191 904 conventus,
1204 826 1237 890 in
1250 826 1365 910 quibus
1374 826 1412 890 de
1424 825 1540 890 unione
1550 823 1779 889 Ecclesiastica

311 915 537 982 deliberetur&
550 915 770 980 concludatur:
784 917 884 1000 inopis
898 928 1049 993 externae,
1063 919 1137 979 sunt
1149 916 1269 990 reditus
1282 915 1321 980 ad
1339 936 1493 998 expensas
1507 913 1677 978 necessarii
1692 936 1778 998 qno-

311 1026 434 1089 cunqne
457 1004 590 1069 honesto
610 1007 632 1070 dr
658 1003 746 1069 licito
758 1006 850 1070 modo
862 1004 1009 1089 acquisiti
1022 1005 1073 1091 (de
1086 1005 1201 1088 quibus
1217 1027 1274 1069 suo
1286 1005 1354 1068 loco
1367 1003 1547 1086 dicendum)
1560 1003 1637 1068 item
1650 1004 1778 1080 domne,

310 1116 366 1158 seu
378 1093 527 1173 oratoria,
540 1094 665 1178 aliaque
678 1094 839 1160 utensilia.
861 1133 900 1141 -—
913 1094 1195 1182 Carcsaeeffirientes
1204 1093 1443 1158 instaurationis
1452 1092 1703 1158 ftrecoltectionis
1711 1092 1780 1156 Ec-

311 1182 424 1247 clesiae
437 1182 597 1267 dispersae
612 1181 816 1265 explicandae
829 1183 879 1248 tit.
905 1183 935 1248 3.
949 1184 1094 1248 Politicue
1107 1184 1304 1248 Ecclesicaic
1318 1184 1341 1248 d
1354 1205 1392 1246 ex
1407 1186 1498 1265 parte
1511 1181 1571 1246 hoc
1583 1181 1780 1265 praestitum

312 1274 331 1335 a
357 1271 448 1336 nobis
460 1271 493 1335 in
505 1273 632 1356 Desper.
645 1274 740 1362 putasti
753 1275 903 1356 Puputns.
920 1311 958 1320 —·
975 1275 1092 1338 Causae
1102 1273 1262 1360 efficientes
1274 1272 1516 1336 aestimationis
1527 1293 1564 1335 ac
1575 1271 1781 1335 successionis

310 1359 482 1439 Ecclesiae,
507 1361 603 1426 etiam
619 1347 875 1445 amplificationis
900 1384 936 1426 ac
951 1361 1193 1447 propagationis
1206 1366 1300 1426 sunt:
1326 1359 1449 1424 Partim
1464 1363 1622 1444 regentes,
1636 1358 1780 1423 Ministri

311 1450 378 1514 scil.
404 1448 648 1535 &Synedrium
674 1450 729 1534 qni
756 1451 793 1514 de
817 1473 898 1515 novo
922 1451 1065 1514 membra
1088 1449 1249 1514 Ecclesiae
1263 1449 1642 1515 formantttadmittunt:
1655 1449 1781 1532 partim

311 1539 511 1618 auxiliantes,
524 1539 641 1623 privati
654 1539 772 1624 quique
785 1539 892 1604 fideles
905 1539 959 1623 qui
972 1544 1073 1618 notos,
1086 1540 1289 1617 necessarios,
1301 1538 1429 1617 amicae,
1443 1542 1466 1604 tv
1480 1559 1683 1622 quoscunque
1696 1537 1782 1601 alios

310 1629 384 1692 data
397 1633 452 1692 ant
464 1629 610 1712 quaesita
621 1650 808 1713 quacunque
820 1628 981 1696 occasione
994 1630 1035 1692 ad
1046 1629 1301 1693 communionem
1312 1627 1474 1692 Ecclesiae
1487 1627 1659 1692 invitant&
1675 1625 1781 1690 addu-

311 1721 396 1781 cunt.
419 1716 552 1793 Quando
564 1721 672 1782 autem
685 1720 707 1783 tt
719 1717 835 1801 quibus
848 1739 921 1782 oum
936 1717 1098 1802 requisitis
1112 1739 1148 1781 ac
1163 1716 1396 1781 conditionibus
1408 1717 1441 1780 in
1452 1716 1597 1781 membra
1613 1715 1781 1781 Ecclesiae

310 1805 492 1890 reeipiendi,
516 1809 590 1870 mox
614 1809 641 1891 ᾖ,
667 1806 697 1870 6.
722 1807 872 1886 dicemus,
897 1806 952 1870 ubi
976 1807 1016 1870 ad
1037 1807 1166 1890 propria
1178 1806 1339 1871 Ecclesiae
1351 1811 1541 1888 perventum
1558 1805 1665 1870 fuerit.
1687 1789 1781 1879 Quae

310 1901 418 1960 autem
441 1895 545 1960 media
569 1895 633 1960 sint
656 1896 887 1960 conservandae
909 1895 1112 1979 particularis
1135 1895 1307 1973 Ecelesiae,
1332 1898 1368 1958 nt
1387 1895 1531 1958 membra
1544 1893 1782 1978 ejusqnamdiu

311 1984 374 2049 alib
398 1989 453 2048 aut
476 2006 514 2050 ex
533 1984 593 2049 hac
606 1983 672 2049 vitri
683 2006 746 2050 non
761 1984 912 2070 migrant,
925 1990 1143 2068 permaneant,
1157 1983 1414 2050 &decedentibus
1429 1984 1494 2048 alia
1505 1983 1655 2048 continuo
1667 2005 1782 2047 succe-

312 2074 405 2137 dant:
430 2095 511 2157 quae
534 2073 644 2138 itidem
667 2073 771 2138 media
792 2095 862 2138 eam
884 2073 1021 2158 angendi
1046 2077 1068 2139 dt
1092 2073 1316 2156 amplificandi,
1333 2073 1495 2138 docebitur
1506 2073 1573 2138 tit.
1587 2074 1617 2136 3.
1631 2069 1782 2136 Conferri

310 2166 416 2246 potest
437 2162 529 2228 Witt.
546 2163 704 2246 Zepperus
717 2161 768 2228 tit.
782 2162 814 2228 3.
828 2163 917 2228 Polit.
930 2163 1129 2228 Ecclesiastic.
1147 2184 1171 2228 e.
1185 2163 1214 2227 5.
1231 2163 1286 2226 ubi
1303 2162 1372 2246 agit
1383 2162 1422 2226 de
1437 2162 1674 2250 conservatione
1686 2166 1782 2220 πολι-

310 2255 389 2320 τείοις
400 2251 658 2317 Ecclesiasticae:
682 2274 763 2336 quae
788 2252 950 2338 analogice
973 2251 1036 2316 huc
1052 2251 1250 2335 applicanda.
1263 2290 1307 2300 —
1318 2253 1489 2316 Corcsectur.
1500 2254 1549 2314 Ex
1565 2249 1781 2334 explicatione

312 2361 480 2404 causarum
504 2339 656 2405 hactenus
672 2340 800 2418 tradita,
814 2345 948 2424 apparet
959 2363 1022 2404 uon
1035 2340 1114 2405 satis
1130 2343 1274 2404 accurate
1287 2340 1348 2404 dici
1364 2343 1392 2404 1.
1406 2338 1616 2404 Vocationem
1629 2360 1696 2404 esse
1708 2337 1781 2402 for·

312 2451 399 2492 mam
422 2433 478 2492 aut
501 2429 634 2494 formale
660 2428 830 2509 Ecclesiae,
853 2451 926 2493 cum
938 2429 980 2493 sit
991 2430 1075 2494 inter
1091 2451 1201 2494 causas
1214 2429 1388 2494 efficientes
1400 2429 1608 2493 numeranda.
1620 2431 1649 2492 2.
1664 2427 1783 2491 Fidem

313 2539 381 2582 esse
394 2517 531 2583 formam
543 2517 703 2583 Ecclesiae
715 2542 722 2595 3
736 2541 808 2583 oum
823 2517 866 2582 sit
877 2517 981 2582 forma
992 2517 1105 2595 fidelis,
1118 2519 1174 2602 qui
1189 2518 1324 2583 materia
1336 2518 1464 2602 quidem
1478 2523 1527 2582 est
1539 2518 1621 2582 unde
1633 2515 1783 2582 Ecclesia

313 2607 527 2682 constituitur,
552 2607 607 2672 sed
630 2629 692 2672 non
717 2612 764 2672 est
791 2605 969 2672 formaliter
991 2607 1143 2686 Ecclesia,
1169 2630 1226 2672 nec
1246 2630 1309 2691 qna
1332 2607 1434 2671 fidelis
1448 2607 1612 2671 autfidem
1624 2605 1782 2690 profitens

310 2695 407 2762 habet
420 2695 453 2760 in
465 2719 498 2761 se
508 2695 646 2774 formam
658 2695 829 2773 Ecclesiae,
839 2696 900 2760 nisi
913 2696 1001 2760 aliud
1013 2696 1089 2779 quid
1101 2696 1232 2780 insuper
1244 2696 1381 2775 accedat,
1394 2696 1524 2760 coalitio
1536 2695 1604 2760 scil.
1617 2697 1640 2762 tt
1652 2693 1782 2759 confoe·

313 2786 434 2850 doratio
456 2785 489 2849 in
514 2807 613 2849 unum
625 2806 738 2868 corpus
750 2784 1008 2849 Ecclesiasticum
1020 2808 1078 2869 per
1091 2784 1226 2850 liberum
1243 2808 1279 2849 ac
1290 2790 1439 2849 mutuum
1450 2807 1650 2850 consensum.
1663 2785 1693 2847 3.
1709 2781 1783 2846 Vo-

313 2874 470 2940 cationem
489 2873 560 2954 Dei,
586 2879 648 2958 qud
667 2873 830 2938 hominem
842 2877 933 2938 vocat
945 2875 984 2938 ad
1000 2874 1104 2951 fidem,
1122 2879 1177 2938 aut
1190 2875 1304 2939 saltem
1317 2875 1357 2938 ad
1368 2873 1440 2937 fidei
1453 2873 1784 2956 professionem,·esse

314 2985 442 3028 causam
464 2964 642 3047 proximam
665 2962 837 3041 Ecclesiae,
862 2967 925 3046 qud
937 2963 1041 3046 positi
1053 2963 1197 3047 ponitur:
1222 2985 1294 3027 cum
1307 2962 1349 3026 sit
1361 2985 1456 3027 causa
1469 2962 1649 3046 proxima&
1664 2962 1783 3026 imme·

314 3052 400 3116 diata
411 3052 523 3132 fidelis,
537 3057 600 3136 qut
609 3051 716 3136 'posita
728 3050 802 3115 talis
814 3052 960 3134 ponitur:
975 3074 1070 3116 causa
1085 3055 1192 3116 autem
1204 3051 1351 3135 proxima
1362 3051 1535 3130 Ecclesiae,
1552 3052 1595 3116 sit
1606 3073 1782 3116 consensus

313 3145 443 3205 mutuus
458 3142 492 3204 in
503 3163 627 3206 sacram
638 3140 729 3204 illam
740 3140 903 3205 unionem:
919 3140 974 3204 ubi
982 3141 1054 3204 fidei
1066 3139 1221 3224 professio
1240 3145 1289 3205 est
1305 3162 1382 3224 prae
1395 3141 1484 3226 [pag.
1500 3140 1558 3225 17]
1575 3139 1784 3224 requisitum.

311 3229 372 3294 Est
402 3251 477 3316 ergo
502 3229 623 3294 vocatio
647 3229 750 3297 fidelis
777 3230 928 3313 cujusque
954 3230 992 3293 ad
1016 3229 1110 3293 fidem
1135 3230 1265 3314 ejusque
1281 3229 1513 3313 professionem
1530 3231 1669 3294 mediata
1682 3252 1785 3294 causa

311 3309 472 3383 Ecclesiae
484 3343 492 3394 3
505 3340 570 3382 non
582 3318 776 3382 immediata.

330 3449 336 3464 ·
358 3410 388 3472 5.
412 3409 500 3472 divtis
535 3406 696 3472 Ecclesiae
724 3407 889 3471 institutae
902 3407 1044 3472 internus
1058 3407 1136 3485 scil,
1149 3407 1314 3490 proximus
1327 3411 1350 3473 dv
1361 3407 1510 3491 proprius
1524 3409 1683 3493 (remotos,
1692 3407 1784 3492 enini

313 3497 335 3562 dt
351 3519 534 3563 communes
548 3517 631 3560 nunc
642 3497 865 3580 praeterimus)
878 3502 926 3560 est
937 3496 1122 3561 exercitium
1136 3496 1368 3560 communionis
1384 3500 1578 3574 sanctorum,
1592 3495 1784 3562 &excitatio

312 3592 425 3650 muttra
445 3586 484 3649 ad
504 3577 776 3649 continuationem
789 3587 811 3650 dt
826 3585 1057 3649 incrementum
1069 3584 1103 3648 in
1115 3589 1219 3670 gratia
1231 3584 1301 3648 Dei.
1315 3585 1384 3660 Quo
1398 3585 1537 3668 pertinet
1552 3585 1671 3649 dictum
1685 3585 1785 3650 Hebr.

316 3676 366 3738 10.
392 3676 443 3738 24.
458 3675 509 3738 25.
523 3674 590 3738 coll.
603 3695 674 3739 cunr.
688 3675 717 3737 3.
731 3695 758 3737 u.
775 3675 825 3738 13.
839 3673 939 3748 Actus
952 3679 1058 3738 autem
1075 3674 1282 3757 particulares
1294 3673 1386 3738 istius
1400 3673 1578 3740 exercitii&
1596 3672 1785 3738 exercitati-

314 3764 383 3827 onis
409 3768 482 3827 suut
505 3762 613 3826 omnia
625 3762 758 3847 agenda,
774 3763 958 3828 &exercitia
971 3762 1193 3827 Ecclesiastica
1207 3765 1292 3827 Part.
1311 3764 1338 3827 l.
1351 3766 1373 3829 dv
1386 3765 1416 3826 3.
1432 3765 1523 3827 Pota.
1538 3763 1711 3828 Ecclesiast.
1724 3785 1785 3826 ex-

313 3851 439 3935 plicata.
464 3851 575 3915 Potest
599 3856 707 3914 sertem
729 3850 801 3914 finis
821 3851 884 3915 alia
896 3852 1026 3916 notione
1039 3851 1100 3915 dici
1116 3851 1273 3935 objectum,
1288 3851 1363 3935 quia
1376 3851 1519 3916 Ecclesia
1532 3856 1595 3936 qna
1607 3851 1682 3914 talis
1695 3851 1786 3916 circa

314 3963 387 4004 enm
411 3948 602 4025 occupatur:
624 3942 797 4026 &effectum
811 3941 886 4024 quia
897 3939 930 4003 in
947 3939 1099 4018 Ecclesia,
1113 3941 1135 4006 a
1147 3963 1203 4024 per
1216 3939 1392 4004 Ecclesiam
1405 3941 1486 4004 sacri
1498 3943 1520 4006 dr
1533 3939 1717 4023 spirituales
1731 3940 1785 4004 illi

315 4034 402 4094 actus
425 4031 653 4113 producuntur.
671 4026 740 4090 Hinc
752 4033 859 4093 tamen
876 4028 1088 4107 distinctione,
1102 4029 1188 4112 quod
1203 4028 1398 4093 distributim
1410 4031 1433 4094 tv
1445 4033 1464 4092 a
1475 4029 1612 4114 singulis
1625 4028 1785 4094 membris

314 4139 423 4182 omnes
447 4121 469 4183 b
493 4116 612 4200 singuli
635 4115 683 4179 illi
707 4122 795 4180 actus
817 4140 881 4181 non
899 4124 1094 4195 exercentur,
1111 4141 1160 4182 ex.
1177 4138 1226 4202 gr.
1248 4122 1520 4181 sacramentorum
1541 4117 1783 4184 administratio

315 4211 371 4270 aut
393 4207 482 4271 verbi
494 4205 702 4290 praedicati03
716 4206 863 4289 quodque
877 4207 973 4271 etiam
987 4207 1026 4270 ab
1040 4207 1188 4270 omnibus
1200 4205 1367 4290 sigillatim
1380 4229 1445 4270 non
1456 4207 1653 4290 recipiantur
1666 4229 1715 4269 ex.
1729 4230 1783 4292 gr.

313 4317 455 4374 censura,
483 4293 716 4359 reconciliatio:
742 4294 892 4378 quianon
909 4300 1093 4359 exercentur
1109 4294 1170 4359 nisi
1183 4295 1264 4359 circa
1277 4296 1394 4377 lapsos.
1406 4292 1494 4359 Idem
1510 4294 1626 4359 dicitur
1638 4295 1677 4359 de
1693 4293 1784 4379 Bap-

314 4385 421 4470 tismo,
441 4384 593 4468 quianon
609 4381 772 4447 confertur
783 4384 910 4464 adultis,
926 4383 988 4448 nisi
1000 4383 1055 4466 qui
1069 4405 1109 4466 ex
1122 4384 1279 4448 extraneis
1295 4405 1351 4466 per
1363 4383 1435 4448 fidei
1447 4383 1682 4466 professionem
1694 4383 1784 4448 inter

1666 4471 1783 4538 Eccle-
