3712 4850
288 309 397 377 Tuscu.
421 309 464 376 ll.
489 309 536 373 Da
560 306 697 392 Persea,
724 309 796 374 Por..
822 333 856 373 nr
880 308 992 375 Cruor.
1016 309 1142 374 Eccnns.
1168 283 1238 373 Ori.
1263 307 1302 372 X.
1385 330 1389 339 ·
1460 309 1525 382 229

13 565 14 570 ,
79 497 204 576 tabulas)
224 497 393 562 trahenda:
416 519 457 567 an
478 495 499 562 J
502 495 566 561 uris
587 497 685 560 divini
698 495 809 582 periti,
823 496 984 582 putabunt
994 495 1085 560 nefas
1098 517 1175 574 esse,
1189 495 1216 562 si
1232 498 1255 562 b
1270 495 1332 580 ipsi
1345 497 1525 568 metuant&
1590 537 1594 548 ·

13 599 16 712 Ι

79 587 113 650 sd
130 609 159 651 se
178 589 273 669 atque
295 585 473 651 Ecclesiam
494 589 638 652 accurate
659 586 851 651 attendant?
875 584 910 650 si
929 607 966 650 ex
989 585 1174 664 abundanti,
1188 589 1300 650 cavent
1315 585 1470 664 homines,
1484 607 1523 649 ne
1608 612 1612 621 ·

79 675 236 758 aliquando
257 676 375 740 recidat
393 675 536 740 Ecclesia
553 675 585 739 in
601 674 943 764 Papae-Caesafiatum
954 698 961 751 3
974 697 1029 740 cur
1044 696 1107 738 non
1119 679 1229 739 caveat
1240 673 1394 752 Ecclesia,
1408 696 1447 738 ne
1463 673 1523 738 ali-

78 765 190 848 quando
205 763 323 829 incidat
338 766 371 830 in
385 763 738 848 Caesareo-Papatum?
755 764 805 828 Ab
815 769 948 846 utroque
956 763 1129 830 cavendum
1138 767 1196 840 est;
1205 765 1228 830 da
1237 766 1346 828 contra
1354 767 1525 848 utrumque

78 859 332 935 praemonuerunt
342 877 400 919 nos
413 853 577 932 lactare,
591 853 709 938 aliique
725 875 821 938 supra
832 853 999 918 nominati.

34 972 40 991 ·
115 945 139 1026 ᾗ.
152 944 181 1008 2.
205 943 246 1008 II.
260 944 384 1026 thcst.
409 943 462 1007 An
482 943 570 1006 nulla
589 941 732 1006 Ecclesia
748 943 868 1026 absque
880 942 1011 1007 crimine
1028 941 1208 1008 schismatis
1220 941 1361 1027 aliquam
1377 940 1459 1006 circa
1471 963 1523 1006 re-

77 1037 171 1114 ceptos
190 1031 334 1096 Oenones
354 1031 563 1098 mutationem
582 1035 706 1096 tentare
725 1035 848 1115 potest;
873 1033 950 1097 &an
963 1035 981 1096 a
993 1031 1061 1096 sola
1075 1031 1352 1115 correspondentid
1364 1033 1387 1098 da
1397 1029 1524 1114 Synodo

77 1119 133 1184 sire
150 1123 348 1186 oecumenica
367 1121 412 1186 sic
431 1121 525 1199 diota,
557 1120 624 1184 sive
646 1120 811 1196 nationali,
835 1119 901 1184 sive
925 1120 1112 1205 provinciali
1133 1119 1186 1184 hic
1202 1125 1372 1204 praeeunte
1396 1119 1456 1184 hoc
1469 1141 1524 1184 ex-

76 1210 284 1291 spectandum?
292 1212 383 1294 lle-ep.
393 1210 565 1294 Distinguo
573 1209 793 1276 mutationem:
803 1209 903 1296 [1]1n
913 1231 1068 1293 eamquae
1078 1213 1096 1273 a
1101 1209 1227 1294 privato
1234 1231 1296 1292 quo
1305 1208 1461 1287 Ministro,
1470 1213 1526 1274 aut

76 1297 266 1378 (brebtorio,
288 1303 345 1363 ant
366 1303 385 1363 a
401 1298 591 1364 districtuali
610 1298 718 1381 aliqua
730 1297 856 1383 Syncdo
868 1299 922 1374 fit3
942 1302 964 1364 dr
978 1300 1010 1363 iu
1024 1322 1094 1363 eam
1107 1319 1189 1382 quae
1205 1298 1242 1363 fit
1255 1302 1273 1362 a
1285 1295 1411 1382 Synodo
1423 1298 1525 1382 parti-

76 1387 173 1464 culari,
193 1409 250 1451 seu
268 1387 466 1472 provinciali.
491 1388 522 1452 2.
538 1388 576 1453 1η
592 1410 672 1467 eam,
687 1409 767 1470 quae
780 1389 905 1452 volente
917 1387 1060 1452 Ecclesia
1072 1388 1125 1452 fit:
1139 1389 1161 1453 da
1175 1389 1209 1452 ia
1222 1409 1289 1451 eam
1304 1409 1385 1471 quae
1398 1387 1525 1452 nolente

76 1474 206 1540 Ecclesia
225 1477 272 1555 fit,
292 1479 316 1542 dr
333 1499 406 1542 cum
418 1477 578 1560 praesenti
591 1476 748 1541 scismatis
761 1481 816 1541 aut
832 1477 939 1564 gravis
956 1476 1167 1541 contentionis
1179 1476 1329 1560 periculo.
1354 1477 1384 1538 3.
1402 1476 1441 1541 1η
1454 1496 1525 1542 earn

77 1585 147 1646 quae
165 1565 202 1630 fit
220 1565 433 1632 dissentiendo
452 1569 579 1630 tantum
601 1565 732 1631 &tacite
745 1566 997 1630 observationem
1010 1565 1201 1630 omittendo:
1218 1564 1249 1630 a
1265 1567 1299 1630 ia
1313 1587 1383 1630 eam
1394 1587 1476 1650 quae
1488 1566 1525 1629 fit

76 1655 315 1736 contradicendo,
335 1655 450 1722 &alias
462 1654 621 1719 Ecclesias
637 1654 801 1719 nobiscum
813 1677 876 1719 non
889 1659 1050 1720 mutantes
1062 1654 1306 1720 condemnanda.
1331 1656 1361 1718 4.
1379 1653 1525 1738 Denique

76 1741 226 1828 distinguo
243 1743 386 1810 Oenones
399 1743 683 1808 circumstantiales
696 1743 729 1808 in
742 1766 805 1824 eos,
822 1745 877 1829 qui
889 1745 1050 1809 occasione
1064 1748 1120 1808 aut
1132 1744 1319 1808 necessitate
1331 1744 1439 1827 aliqud
1451 1765 1525 1827 par·

76 1830 189 1896 ticulari
206 1835 304 1916 (nunc
321 1837 430 1898 tamen
449 1833 605 1916 cessante)
626 1833 879 1898 observationem
897 1835 978 1898 ritus
1002 1838 1058 1897 aut
1070 1833 1188 1898 ordinis
1201 1833 1335 1916 alicujus
1348 1831 1524 1916 adiaphori,

77 1923 124 1984 aut
138 1921 364 1987 abstinentiam
385 1923 426 1986 ab
444 1922 552 2005 aliqud
567 1945 610 2001 re,
624 1922 757 2000 actione,
771 1923 948 1987 ceremonia
960 1923 1133 2006 adiaphora
1144 1922 1219 1986 olim
1234 1923 1523 2006 praescripserunt:

78 2011 135 2073 tin
146 2033 208 2089 eos,
220 2012 277 2096 qui
288 2034 352 2076 non
363 2016 431 2077 tam
441 2011 723 2095 praescripserunt,
736 2033 831 2095 quam
844 2012 907 2076 huc
919 2034 1018 2096 usque
1031 2013 1053 2076 da
1065 2034 1128 2075 non
1141 2012 1226 2076 ultra
1238 2012 1359 2094 aliquid
1370 2011 1525 2096 permise-

77 2103 155 2174 ruut;
171 2101 256 2184 quod
272 2099 305 2164 iu
316 2105 421 2165 totum
438 2101 582 2184 quamvis
598 2100 750 2165 omissum
762 2105 818 2164 aut
830 2101 993 2165 sublatum
1005 2106 1081 2165 tuno
1093 2101 1267 2166 voluissent
1278 2100 1450 2179 Ecclesiae,
1462 2121 1525 2165 non

78 2191 169 2252 tamen
190 2193 321 2274 propter
339 2189 429 2254 varia
448 2189 675 2273 impedimenta
693 2189 841 2254 omittere
856 2193 1038 2274 potuerunt.
1062 2189 1122 2254 His
1135 2190 1328 2274 praemissis,
1342 2189 1387 2254 sic
1398 2190 1525 2254 conclu-

77 2275 176 2342 dimus.
202 2281 233 2342 l.
251 2281 353 2345 Concl.
380 2277 468 2344 Unus
489 2279 697 2344 concionator
717 2301 780 2343 non
800 2283 904 2363 potest
923 2278 1070 2348 staterae
1089 2281 1111 2346 dr
1131 2283 1211 2358 tuto,
1224 2279 1433 2364 adiaphorum
1450 2279 1526 2362 quid

77 2368 238 2432 canonibus
258 2372 468 2434 memoratum
488 2367 556 2432 sine
573 2367 779 2433 districtualis
792 2367 910 2453 Synodi
921 2390 977 2432 seu
990 2367 1118 2448 ClassiS,
1135 2373 1191 2432 aut
1202 2369 1317 2433 saltem
1332 2368 1400 2432 sine
1417 2366 1525 2432 Consi·

77 2455 152 2518 storii
171 2458 220 2521 eui
240 2479 386 2542 expresso
399 2457 449 2521 vel
461 2457 558 2521 tacito
570 2478 724 2521 consensu
736 2462 859 2522 mutare
872 2457 938 2522 sive
953 2458 1127 2522 omittendo
1141 2457 1276 2522 antehac
1287 2480 1350 2522 non
1362 2457 1525 2537 omissum,

77 2541 132 2608 sire
146 2546 269 2631 aliquid
278 2547 474 2612 observando
489 2549 623 2610 antebac
638 2568 702 2611 uon
714 2547 927 2626 observatum,
941 2547 1005 2612 sive
1018 2547 1111 2611 aliter
1123 2547 1328 2626 observando,
1342 2569 1378 2610 ac
1390 2545 1525 2610 antehac

77 2630 267 2700 observatum
283 2635 354 2701 fuit.
379 2635 424 2700 Et
439 2635 594 2718 ejusmodi
606 2636 638 2698 in
651 2635 775 2700 casibus
788 2636 907 2720 absque
920 2636 1101 2701 autoritatis
1112 2636 1272 2720 synodalis
1286 2635 1525 2700 autcommunis

78 2725 369 2808 oonespondentiae,
379 2724 499 2808 absque
506 2721 643 2802 εὓτπξίκς
655 2726 678 2790 b
690 2725 777 2809 pacis
786 2724 1028 2790 Ecclesiasticae
1034 2730 1119 2809 praej
1125 2725 1237 2803 udicio,
1250 2725 1283 2788 in
1296 2724 1439 2788 Ecclesia
1451 2746 1524 2807 par-

77 2811 199 2892 ticulari,
220 2818 278 2877 ant
295 2814 330 2877 in
353 2813 504 2878 Ecclesiis
516 2813 610 2877 unius
622 2812 805 2893 Districtus,
818 2818 875 2878 aut
886 2814 979 2878 unius
992 2814 1176 2879 Provinciae
1189 2815 1228 2877 ad
1240 2815 1392 2897 majorem
1404 2813 1427 2877 dr
1440 2834 1525 2876 com·

78 2900 238 2966 modiorem
249 2903 510 2978 aedificationem,
524 2906 580 2966 aut
592 2902 632 2966 ad
643 2902 874 2987 praevenienda
886 2903 1043 2982 scandala,
1057 2907 1112 2967 aut
1125 2903 1254 2967 dissidia
1265 2901 1524 2979 &contentiones

78 2995 123 3054 aut
140 2991 177 3055 ad
188 2991 374 3056 libertatem
386 3013 476 3056 suam
489 2991 550 3056 hac
564 2991 599 3054 in
609 2995 700 3076 parte
716 2992 941 3056 ostendendam
953 2993 976 3057 b
988 2993 1092 3076 reipsa
1104 2992 1324 3056 vindicandam
1336 2991 1411 3055 talis
1423 2995 1526 3054 muta·

78 3077 115 3142 tio
131 3079 196 3144 fieri
222 3085 336 3164 potest.
360 3079 429 3146 Nec
444 3085 494 3145 est
512 3081 597 3165 quod
618 3081 758 3166 ejusdem
779 3081 950 3146 nationalis
972 3081 1266 3165 correspondentiae
1278 3079 1429 3158 Ministri,
1442 3078 1524 3143 Con·

79 3167 198 3248 sumna,
220 3169 355 3248 Classes,
371 3167 499 3254 Synodi,
514 3171 692 3247 κακοζηλίαν
704 3169 843 3235 Victoris
857 3169 994 3234 Romani
1008 3172 1059 3256 (de
1070 3175 1134 3254 qua
1147 3170 1255 3235 Eruet.
1269 3170 1333 3235 Lib.
1348 3169 1379 3235 5.
1390 3190 1458 3253 cup.
1472 3170 1524 3232 22.

34 3336 39 3348 Ι
80 3257 122 3320 23.
140 3259 190 3322 24.
207 3261 231 3326 dr
251 3281 291 3324 ex
307 3259 365 3324 illo
377 3261 519 3324 Plcescue
532 3259 566 3322 ia
578 3261 722 3346 Mystcrio
735 3260 777 3324 cd
788 3281 866 3324 aaa.
888 3260 958 3338 195,
972 3261 1101 3344 ejusque
1113 3258 1350 3343 hyperaspistes
1363 3259 1487 3324 Iliuclus
1500 3279 1524 3322 c.
1574 3269 1576 3272 ’

83 3343 299 3434 Couffelellum)
312 3348 431 3412 imitati
442 3348 647 3432 Diotrephioo
659 3347 745 3412 fastu
758 3349 792 3413 in
805 3349 921 3413 fratres
933 3371 1006 3412 suos
1018 3352 1075 3412 aut
1083 3349 1116 3412 in
1125 3348 1282 3412 Ecclesias
1291 3368 1412 3411 sorores
1420 3347 1525 3410 insur-

79 3441 152 3518 gant:
160 3438 280 3522 quippe
292 3438 408 3522 quibus
420 3438 540 3521 optime
553 3440 576 3503 b
587 3437 700 3501 intime
712 3442 912 3523 perspectum
926 3442 982 3516 est,
993 3437 1068 3522 quid
1081 3437 1302 3515 aedificationi,
1316 3437 1397 3520 paci,
1409 3436 1523 3500 decoro

80 3523 137 3590 istic
155 3529 257 3612 magis
279 3526 452 3591 autminus
469 3526 643 3591 conveniat.
667 3524 751 3590 Nolo
764 3526 827 3590 huo
839 3528 1020 3612 generalem
1033 3526 1122 3590 illam
1135 3526 1416 3590 considerationem
1425 3524 1525 3588 addu-

80 3632 145 3692 oue,
163 3617 247 3699 quod
268 3614 387 3700 synodi
407 3615 614 3699 particulares
634 3617 723 3702 [pag.
746 3615 825 3701 276]
847 3616 1062 3680 nationalibus
1079 3615 1317 3700 &generalibus
1329 3635 1392 3678 non
1407 3636 1479 3677 raro
1491 3614 1524 3678 in

81 3699 195 3768 decretis
206 3705 275 3769 suis
286 3705 514 3788 praestiterint,
528 3707 551 3770 d
563 3709 799 3789 consequenter,
812 3728 875 3770 non
888 3728 956 3769 esse
969 3727 1094 3788 semper
1106 3708 1173 3768 tam
1185 3704 1294 3768 stricte
1305 3703 1434 3768 illarum
1443 3702 1526 3767 circa

33 3844 37 3853 .
80 3789 234 3876 adiaphora
247 3791 377 3858 statutis
393 3793 638 3858 inhaerendum:
656 3795 711 3858 sed
723 3795 869 3878 exempla
881 3793 1097 3858 Ecclesiarum
1109 3793 1364 3877 apostolicarum,
1378 3794 1401 3857 dr
1417 3813 1526 3856 succe·

81 3877 103 3941 dl
143 3881 214 3959 um,
234 3887 272 3947 ut
283 3885 306 3948 d
318 3883 461 3948 omnium
472 3882 726 3960 reformatorum,
740 3885 927 3947 nominatim
939 3888 1120 3948 nostrarum
1132 3881 1346 3967 Belgicarum,
1360 3881 1525 3964 &propria

81 3963 104 4030 b
152 3993 257 4049 arum,
276 3971 304 4036 si
324 3972 379 4056 qui
403 3975 571 4054 praetextu
583 3971 664 4036 ritus
685 3976 741 4035 aut
760 3973 878 4036 ordinis
899 3971 1064 4055 adiaphori
1076 3993 1139 4036 nou
1151 3971 1311 4036 observati
1327 3969 1526 4034 occasionem

81 4077 104 4118 u
152 4061 301 4126 imbribus
313 4063 336 4127 dt
348 4060 440 4126 sociis
452 4060 603 4126 Ecclesiis
616 4061 823 4126 contendendi
839 4065 1013 4146 quaerunt:
1027 4062 1101 4124 dum
1115 4061 1251 4124 camelos
1263 4060 1398 4124 aliorum
1412 4059 1524 4144 deglu-

81 4145 104 4208 ti
140 4153 158 4226 t,
170 4153 191 4216 d
204 4149 329 4214 trabem
342 4150 375 4214 in
388 4150 478 4214 oculo
494 4172 552 4214 suo
562 4173 626 4214 non
637 4149 762 4226 vident;
778 4150 839 4216 hoo
855 4154 913 4228 est,
930 4150 1114 4214 omissiones
1127 4149 1300 4227 Canonum,
1318 4170 1453 4232 quorum
1466 4148 1524 4212 ob·

81 4255 104 4298 se
144 4238 199 4304 atio
211 4239 388 4304 maximum
400 4239 440 4303 ad
452 4239 630 4304 animarum
642 4239 903 4319 aedificationem,
917 4243 940 4306 d
953 4239 1167 4304 Ecclesiarum
1180 4238 1442 4323 propagationem
1456 4260 1523 4301 mo·

82 4343 104 4386 n
148 4349 205 4392 amn
217 4328 342 4396 adferre
353 4332 470 4414 posset.
495 4327 655 4393 Ecclesiae
668 4329 858 4412 apostolicae
871 4329 1105 4396 &succedentes
1118 4327 1278 4393 Canonem
1290 4327 1384 4392 illum
1395 4330 1524 4410 aposto·

83 4409 104 4474 ll
152 4439 158 4446 ·
190 4419 285 4484 *ceca
308 4419 360 4484 15.
380 4418 418 4482 de
437 4417 630 4483 abstinentia
654 4418 845 4504 asanguine
865 4421 888 4485 dr
908 4419 1071 4496 suffocato,
1094 4439 1156 4482 non
1169 4416 1291 4482 tamdiu
1305 4417 1522 4492 observarunt,

1429 4505 1527 4568 donec
