3736 4860
324 266 436 346 Tener.
450 280 491 347 Il.
516 277 603 346 Scor.
616 275 675 380 III.
700 279 748 344 Du
762 255 1041 346 Aourursruirroua
1053 261 1209 345 Bnrrrsur.
1235 279 1306 347 Gur.
1318 260 1351 344 ll
1504 279 1571 360 143

84 467 245 552 ‚cipere
262 467 355 550 &qui
365 467 482 532 liberos
495 489 580 545 suoS,
596 466 623 530 si
635 470 774 551 possent,
787 469 894 530 essent
917 466 1111 551 impedituri,
1136 488 1340 551 nequaquam
1351 470 1458 552 potest
1469 467 1575 552 sppli-

85 557 200 634 ,cari.
217 554 304 632 Quin
320 557 417 620 immo
431 577 502 620 cum
517 557 616 622 Herod.
632 557 734 620 rade
747 555 936 639 alienigenis
950 556 1059 640 agitur
1070 555 1340 636 circumcidendis,
1357 555 1417 620 hoc
1426 578 1574 641 expresse

86 645 269 723 ,additum
283 645 415 711 sinelinl
425 645 523 729 phase
534 645 681 722 ctornino,⁸
706 644 789 728 quad
801 665 863 707 non
876 643 1017 727 pertinet
1033 644 1095 708 nisi
1108 645 1147 708 ad
1159 644 1333 709 adultiores
1345 646 1368 710 dr
1379 644 1509 728 quidem
1522 667 1576 711 vo-

86 733 270 812 ,luntarie
286 734 326 797 ad
345 733 483 798 colonias
496 734 639 817 ritusque
651 733 847 798 Judaeorum
859 732 1083 798 concedentes:
1108 732 1224 808 Quales
1236 756 1298 797 nou
1312 738 1388 798 sunt
1401 732 1471 797 ludi
1483 735 1575 817 pueri

85 822 240 900 ,adulti,
258 823 315 906 qui
332 822 424 886 inviti
440 821 623 888 detinentur
646 824 669 888 dr
692 822 766 885 data
789 821 953 886 occasione
972 821 1146 907 aufugiunt
1170 821 1194 886 tr
1218 843 1334 886 nomen
1349 817 1476 886 ‘domini
1501 846 1575 906 pro-

88 911 255 989 ,sanant

135 998 206 1076 „Si
221 998 295 1082 quis
308 1007 414 1064 autem
427 1000 567 1064 rationes
580 998 790 1064 asserentium
810 998 890 1062 scire
911 1003 1013 1076 aveat,
1028 999 1217 1083 suffragium
1230 998 1467 1085 Theologorum
1482 999 1576 1086 Mag·

89 1111 183 1168 ,nae
215 1087 415 1167 Britanniae,
439 1088 528 1170 cujus
553 1088 733 1171 exemplum
757 1087 797 1150 ab
818 1086 925 1171 aliquo
946 1087 1075 1152 illorum
1087 1088 1167 1152 mihi
1182 1091 1259 1153 tunc
1271 1088 1538 1155 communicatum
1551 1092 1574 1158 dr

1 1201 2 1205 ¹
89 1178 198 1254 ,inde
215 1180 299 1241 ame
312 1177 515 1260 descriptum,
530 1177 682 1242 exhibeo:

309 1355 468 1422 laeticiam
497 1355 722 1439 Theolopornrn
747 1356 879 1438 Mapnce
902 1353 1100 1434 Britanniae,
1124 1355 1162 1420 dc
1185 1354 1369 1441 precatione.

143 1535 225 1611 ,An
244 1533 339 1616 pareri
361 1532 589 1598 &Parentibus
613 1531 791 1620 infidelitas
810 1533 878 1596 nali
903 1531 935 1597 a
953 1535 1026 1618 jcrn
1049 1535 1068 1596 ὰ
1089 1531 1277 1598 Christianis
1298 1532 1410 1598 edenti
1432 1532 1467 1597 in
1495 1555 1571 1600 suns

94 1622 286 1708 ,saeuitiae
300 1623 363 1686 sint
375 1622 569 1706 baptizandi,
582 1622 610 1686 ei
622 1623 678 1707 qui
690 1641 739 1686 eoa
752 1626 899 1707 offer-nne,
912 1621 1117 1709 fide-jabecca
1133 1643 1166 1688 se
1177 1641 1226 1686 eos
1239 1623 1273 1686 in
1285 1623 1434 1707 relipione
1445 1622 1571 1688 arse-
1647 1630 1651 1636 '

91 1732 200 1790 ,ana,
227 1710 858 1776 educatricescntedncondoscnraturos.

145 1799 209 1876 ,ld
234 1798 393 1882 imprimis
405 1799 612 1883 supponimus
624 1799 719 1863 hosce
734 1821 848 1883 pueros
861 1799 1005 1884 legitime
1022 1799 1146 1863 venisse
1158 1799 1192 1863 in
1207 1803 1399 1882 potestatem
1415 1799 1570 1866 Christia-

93 1909 254 1967 ,uorum,
279 1909 342 1970 quo
362 1888 467 1971 posito
489 1888 714 1972 respondemus
738 1888 835 1951 aliam
858 1910 925 1951 esse
949 1887 1106 1952 rationem
1126 1886 1298 1952 infantium
1311 1889 1365 1972 qui
1378 1890 1518 1954 noudum
1531 1890 1571 1954 ad

94 1998 223 2056 ,usum
249 1976 381 2040 rationis
406 1981 626 2059 pervenerunt,
652 1976 749 2041 aliam
770 1975 898 2041 illorum
911 1977 967 2061 qui
976 1977 1043 2061 jam
1056 1997 1187 2059 capaces
1199 1980 1274 2040 sunt
1285 1977 1471 2062 disciplinae
1487 1978 1571 2044 &in-

95 2064 308 2146 ,stitntiouis
332 2064 543 2130 Christianae.
567 2064 602 2129 Si
625 2066 663 2130 de
683 2063 861 2128 infantibus
885 2087 988 2130 sermo
1016 2065 1069 2139 sit,
1097 2065 1137 2129 ad
1160 2064 1301 2130 officium
1314 2065 1419 2132 Patris
1432 2066 1572 2132 familias

97 2152 293 2240 ,pertinere
306 2158 466 2240 putamus,
479 2157 515 2217 ut
527 2176 580 2218 eos
593 2153 707 2218 offerat
719 2153 935 2237 baptizandos,
953 2159 1048 2236 atque
1061 2155 1100 2218 ud
1113 2151 1254 2218 Ministri
1266 2153 1419 2231 officium,
1434 2160 1470 2220 ut
1482 2155 1572 2219 obla·

98 2250 175 2322 ,tos
204 2240 357 2324 baptizet,
382 2242 511 2325 perinde
533 2264 570 2307 ao
589 2242 668 2320 sies
681 2242 870 2307 Christianis
883 2241 1073 2307 Parentibus
1086 2242 1155 2306 nati
1167 2241 1313 2307 fuissent.
1329 2244 1356 2306 1.
1370 2245 1572 2331 quondoqui-

100 2334 200 2411 ,dem
229 2330 315 2393 enim
324 2331 391 2414 jam
407 2329 579 2394 factasunt
591 2331 734 2396 membra
748 2332 814 2414 ejus
827 2329 980 2408 familiae,
995 2331 1028 2394 in
1044 2352 1141 2415 quam
1154 2330 1266 2395 adsciti
1279 2335 1363 2411 sunt,
1376 2334 1439 2399 nisi
1451 2333 1573 2397 infideli

99 2419 272 2500 ‚deterior
294 2441 362 2484 esse
385 2419 473 2499 velit,
497 2423 625 2484 tenetur
646 2419 791 2484 dominus
815 2420 955 2503 familiae
977 2421 1107 2485 ittonam
1130 2419 1212 2484 bono
1224 2423 1292 2484 tam
1304 2421 1464 2504 spirituali
1476 2443 1570 2504 quam

98 2507 289 2592 ,corporali
297 2508 485 2592 prospicere.
510 2509 575 2572 Hoc
587 2509 668 2572 idam
681 2507 864 2572 Abrahamo
880 2508 1057 2591 injunctum
1070 2509 1104 2571 in
1117 2509 1246 2591 praevio
1258 2508 1506 2575 circumcisionis
1521 2531 1572 2574 sa-

99 2599 293 2676 ,cramento
318 2597 425 2662 Gaiae.
453 2598 502 2661 17.
528 2597 579 2660 12.
611 2598 656 2660 13.
673 2597 697 2664 tr
714 2597 767 2661 23.
781 2595 847 2661 Ubi
858 2600 952 2660 uatus
964 2596 1050 2661 domi
1066 2599 1228 2680 &emptus
1241 2597 1375 2680 pecunia
1387 2621 1425 2663 ex
1439 2598 1572 2682 quibus·

101 2705 269 2768 ,cumque
285 2681 474 2770 alienigenis
487 2686 577 2771 [pag.
595 2684 676 2770 660]
697 2685 828 2770 jubetur
851 2684 1042 2750 circumcidi.
1071 2687 1101 2750 2.
1122 2685 1208 2766 Qnin
1230 2687 1325 2752 etiam
1345 2687 1510 2752 cnmtales
1523 2687 1572 2751 in·

99 2776 235 2854 ,fantes
259 2773 389 2856 speciali
412 2773 549 2858 quadam
572 2773 772 2857 providentia
795 2775 818 2840 tr
840 2773 1056 2838 misericordia
1077 2774 1215 2838 divinae
1230 2774 1423 2858 Paganismo
1439 2775 1561 2840 evocati

102 2867 143 2943 „t
155 2863 251 2927 intra
267 2861 428 2927 Ecclesiae
441 2863 619 2945 promoeria
631 2863 761 2946 recepti,
777 2861 925 2926 Minister
936 2883 998 2926 non
1016 2862 1110 2927 debet
1123 2861 1218 2926 aliter
1225 2863 1368 2946 judicare
1381 2885 1477 2947 quam
1489 2863 1573 2928 hanc

102 2975 195 3030 ,esse
221 2949 283 3014 Dei
304 2951 510 3030 voluntatem,
538 2955 574 3015 ut
597 2951 813 3035 spiritualium
839 2951 994 3015 bonorum
1010 2973 1091 3034 quae
1114 2951 1147 3015 in
1160 2950 1303 3016 Ecclesia
1318 2951 1478 3016 habentur
1493 2952 1572 3015 fiant

103 3039 314 3126 ,participes
340 3043 371 3103 3.
395 3039 500 3106 Porro
521 3041 626 3105 eodem
650 3038 715 3106 fere
740 3038 839 3104 videri
862 3043 995 3123 possunt
1018 3039 1097 3104 Jnre
1121 3039 1194 3118 frui,
1212 3039 1353 3122 quonati
1366 3040 1400 3103 in
1415 3039 1571 3118 Ecclesia,

103 3152 202 3208 ,nam
220 3127 267 3192 sic
283 3127 439 3192 adscitum
455 3127 554 3192 fuisse
577 3128 610 3191 iu
634 3127 774 3192 familias
798 3127 1051 3192 Christianorum
1073 3132 1168 3212 atque
1189 3128 1267 3192 adeo
1280 3128 1312 3191 in
1325 3127 1512 3207 Ecclesiam,
1525 3132 1574 3192 est

103 3221 232 3296 ,instar
257 3215 471 3300 professionis,
496 3216 578 3282 sicut
601 3217 624 3282 b
651 3217 739 3281 nasci
762 3217 794 3280 in
816 3215 964 3294 Ecclesia,
988 3217 1070 3281 unde
1094 3216 1188 3282 &Jus
1205 3216 1437 3282 foederatorum
1454 3217 1573 3281 habere

1 3353 2 3366 .
104 3304 330 3385 ,censeantur
347 3307 377 3369 4.
402 3306 488 3370 Adde
499 3327 610 3390 parens
635 3306 734 3370 videri
762 3305 918 3369 rationem
943 3303 1057 3369 horum
1080 3309 1177 3390 atque
1194 3306 1432 3390 expositiorum,
1446 3328 1525 3391 quos
1538 3309 1575 3370 ut

1 3395 2 3398 ’
105 3393 279 3474 ,meminit
300 3395 498 3478 Anpnstinna
511 3397 570 3480 Ep.
583 3397 636 3458 23.
660 3394 800 3479 virgines
824 3415 932 3458 sacrae
944 3393 1139 3479 colligebant
1149 3394 1173 3459 tr
1185 3393 1391 3478 baptizandos
1404 3395 1572 3460 sistebant.

104 3485 152 3562 ,5.
171 3483 321 3568 Decipere
331 3477 574 3548 Haeretioorum
587 3483 645 3547 filii
657 3504 730 3548 cum
742 3483 868 3547 subsint
880 3481 1041 3548 Ecclesiae
1053 3482 1131 3566 ipsis
1144 3483 1253 3548 inritis
1266 3483 1479 3567 baptizantur.
1496 3504 1573 3568 ergo

1 3575 2 3590 ³
106 3573 233 3651 ,multo
256 3571 360 3656 magis
379 3572 563 3656 baptizandi
587 3572 722 3656 parvuli.
741 3569 814 3636 Vid.
844 3572 952 3636 Tbonr.
974 3572 1005 3637 2.
1022 3573 1051 3635 2.
1070 3592 1098 3656 q.
1115 3572 1166 3637 10.
1179 3583 1239 3636 art.
1256 3572 1305 3636 12.
1319 3572 1343 3636 b
1355 3572 1390 3636 in
1404 3573 1434 3636 3.
1448 3593 1483 3657 p.
1497 3572 1572 3636 468.

1 3687 2 3720 1
106 3659 515 3738 ,ortie.10.Ethnicorum
542 3661 577 3724 in
600 3664 792 3744 potestatem
808 3659 1063 3725 Christianorum
1083 3661 1167 3744 juste
1180 3661 1309 3724 reducti.
1332 3661 1384 3724 Ad
1407 3660 1465 3725 hos
1489 3660 1574 3744 quod
1614 3664 1619 3676 '

106 3750 247 3828 ,attinet
275 3749 331 3835 qui
356 3748 462 3814 idonei
474 3753 549 3813 sunt
561 3749 719 3814 ediscendi
731 3747 896 3832 principiis
908 3747 982 3812 fidei
998 3748 1201 3825 christianae,
1216 3753 1366 3833 putamus
1382 3770 1450 3814 esse
1462 3747 1573 3834 cogni-

1 3840 2 3844 ’
124 3841 217 3902 tione
239 3836 353 3900 horum
377 3837 607 3920 principiorum
633 3839 736 3921 primo
763 3836 967 3902 imbuendos:
999 3837 1116 3920 quibus
1139 3839 1275 3923 cognitis
1296 3838 1323 3902 si
1347 3837 1573 3918 assentiantur,

124 3933 226 4010 atque
251 3929 485 3990 sacramentum
509 3925 668 4008 baptismi
692 3925 774 3990 serio
790 3929 951 4009 expetant,
965 3926 1085 4010 absque
1097 3927 1184 3990 omni
1197 3927 1345 4010 scrupulo
1358 3925 1573 4011 regeneratio·

128 4017 177 4078 nis
202 4015 330 4079 lavacro
346 4013 534 4079 abluendos:
559 4014 587 4078 si
611 4036 685 4079 vero
699 4017 828 4079 econtra
843 4013 1006 4078 doctrinae
1017 4013 1083 4078 illis
1096 4014 1232 4079 traditae
1245 4014 1458 4100 retegantur,
1475 4017 1574 4099 atque

128 4103 290 4187 baptismo
314 4101 504 4181 renitantur,
529 4103 611 4166 tales
630 4124 732 4186 neque
756 4105 776 4167 b
798 4103 944 4167 Dominis
968 4101 1034 4166 suis
1055 4101 1217 4168 Ecclesiae
1230 4103 1416 4180 offerendos,
1429 4126 1533 4187 neque
1547 4103 1575 4168 si

128 4191 306 4255 offerantur
318 4191 358 4253 ab
370 4189 513 4256 Ecclesia
528 4191 735 4275 baptizandos
744 4191 933 4275 judicamus.

151 4281 336 4346 Bctdninrn
357 4279 423 4344 Lib.
448 4281 478 4344 4.
503 4301 570 4363 cap.
596 4281 626 4343 8.
647 4301 707 4346 cua.
722 4280 752 4344 8.
776 4278 893 4344 Iisdem
906 4278 972 4344 fere
985 4279 1165 4346 rationibus
1178 4281 1317 4346 infantes
1330 4281 1386 4366 qui
1395 4281 1466 4366 jure
1483 4281 1575 4364 belli,

124 4373 163 4432 ut
186 4391 243 4451 per
268 4367 439 4432 emtionem
455 4369 736 4446 autdouationem,
749 4371 806 4432 aut
817 4389 874 4451 per
886 4369 1117 4453 captivitatem,
1131 4374 1188 4434 aut
1200 4391 1388 4453 quocunque
1401 4371 1464 4434 alio
1480 4370 1574 4433 modo

1416 4458 1572 4542 legitimo,
1627 4511 1633 4524 .
1698 4523 1704 4534 ,
