3768 4842
327 281 369 354 61
531 273 1045 360 Ρ133.Ἰ.1)30333333
1082 231 1570 358 Ρ3111.11.331.1113.1.

325 473 466 553 affectus,
495 477 518 541 dr
543 474 704 540 interioris
727 476 777 540 331
800 479 902 541 313133
921 476 1032 546 habita
1044 479 1177 557 ratione,
1192 477 1316 561 quidvis
1329 499 1367 542 ex
1377 467 1491 560 quovis
1503 491 1628 558 semper
1640 474 1797 538 audiant.

324 561 386 626 Sed
409 568 518 628 contra
541 565 653 628 suadet
679 565 846 644 delectum,
866 565 1031 650 judicium,
1056 567 1285 645 discretionem,
1300 565 1501 650 prudentiam
1513 565 1586 630 Luc.
1600 565 1630 628 8.
1643 585 1671 628 3.
1688 565 1742 630 18.
1775 566 1793 626 1

334 652 466 717 Thessal.
493 655 522 718 5.
545 674 574 717 3.
588 655 644 730 21,Ι
657 653 691 717 13
703 653 807 718 diaeta
819 655 986 738 corporali,
1000 655 1152 736 ciborum,
1169 655 1262 734 atris,
1280 655 1445 738 aquarum,
1461 655 1612 732 locorum,
1625 653 1798 730 domuum,

327 743 377 806 &a
401 740 439 806 In
456 765 515 806 usu
527 741 703 806 Medicinae
716 745 739 808 dr
751 741 955 824 Medicorum,
969 744 1002 808 in
1014 768 1073 808 333
1085 748 1107 810 dr
1120 746 1254 810 lectione
1268 744 1424 808 librorum
1433 737 1688 827 theologicorum
1704 741 1797 826 docti

328 831 351 894 dr
373 829 491 894 indocti
515 831 670 896 delectum
690 831 840 896 adhibere
856 833 1023 898 docentur:
1048 835 1071 899 dr
1083 835 1194 918 quidni
1205 834 1238 898 in
1252 833 1415 900 audiendis
1427 831 1629 896 concionibus
1642 832 1666 896 11
1677 830 1799 896 lectio-

326 918 420 983 nibus
441 920 549 993 sacris,
565 919 601 984 iu
612 920 800 984 advocandis
812 920 968 985 Ministris
985 921 1095 987 aliisve
1109 921 1377 1000 consolatoribus,
1390 919 1602 986 Munitoribus
1618 920 1796 1003 adlapsos,

236 1037 243 1050 ·
325 1011 382 1071 ant
403 1009 578 1073 tentatione
591 1012 613 1074 dc
626 1008 785 1092 spirituali
797 1009 943 1073 conflictu
957 1011 1148 1089 laborantes,
1162 1011 1395 1090 decumbentes,
1408 1009 1621 1074 moribundos.
1646 1011 1676 1072 3.
1703 1010 1802 1090 Quia

327 1095 470 1162 Christus
493 1098 561 1181 ipse
580 1097 760 1162 1311333331
782 1098 893 1162 dilexit
917 1121 991 1182 prae
1014 1100 1086 1164 aliis
1106 1100 1279 1185 discipulis,
1300 1101 1323 1165 11
1342 1101 1408 1162 tres
1428 1097 1598 1182 discipulos
1619 1084 1695 1181 piae
1715 1098 1797 1162 aliis

327 1187 477 1250 assumsit
489 1187 614 1272 (1131111.
632 1187 683 1250 17.
696 1209 724 1251 υ.
740 1188 783 1270 1.)
797 1190 820 1253 dr
832 1187 950 1251 Paulus
966 1187 1049 1252 inter
1064 1211 1173 1254 omnes
1188 1189 1358 1272 discipulos
1368 1210 1441 1252 suos
1455 1189 1478 1252 11
1491 1185 1690 1251 Orthodoxos
1703 1186 1797 1251 Doc-

324 1277 409 1340 tores
424 1275 584 1339 nemiuem
596 1275 711 1339 habuit
721 1277 857 1355 ἰσόψυχον
872 1276 1018 1342 &ertit
1033 1279 1062 1342 2.
1079 1279 1130 1354 1ος
1145 1277 1255 1361 quidni
1267 1277 1388 1360 absque
1401 1277 1560 1356 scismate,
1568 1273 1797 1339 Ministrorum
1810 1323 1815 1336 .

324 1363 406 1442 odio,
423 1364 591 1428 ministerii
604 1368 775 1441 contemtu,
790 1364 883 1428 liceat
895 1365 973 1428 mihi
986 1364 1126 1430 Ministri
1139 1367 1273 1448 alicujus
1285 1365 1449 1430 conciones
1462 1364 1616 1448 publicas,
1626 1359 1716 1449 [333.
1727 1365 1796 1450 ’13]

325 1453 348 1517 dr
367 1452 527 1536 colloquia
545 1453 681 1536 privata,
702 1452 838 1516 aliorum
859 1455 1063 1519 concionibus
1080 1455 1284 1538 &colloquiis
1296 1453 1477 1538 praeferre:
1494 1454 1520 1516 si
1533 1453 1669 1520 sentiam
1684 1475 1736 1516 me
1751 1452 1796 1516 iis

324 1540 439 1606 melius
451 1542 626 1606 aedificari?
644 1542 682 1616 4,
690 1542 775 1622 (1313
785 1542 840 1625 331
849 1548 959 1606 contra
971 1542 1056 1608 huuc
1069 1544 1226 1608 delectum
1239 1543 1371 1608 subinde
1380 1543 1550 1620 disserunt,
1560 1541 1621 1625 ipsi
1630 1541 1795 1606 delectum

324 1630 472 1708 aliorum,
481 1630 536 1713 qui
547 1653 621 1696 suas
634 1653 749 1694 coenae
762 1630 1012 1710 distributiones
1026 1635 1048 1699 a
1062 1655 1135 1696 suas
1148 1633 1317 1697 conciones
1329 1635 1539 1708 assectantur,
1552 1633 1576 1696 11
1587 1631 1791 1714 reliquorum

329 1717 601 1782 Ministrorum'in
621 1720 730 1784 eadem
749 1719 888 1797 civitate,
908 1743 974 1784 non
998 1725 1125 1785 tantum
1147 1726 1362 1805 praetereunt,
1384 1721 1438 1784 sed
1457 1723 1480 1785 11
1500 1720 1640 1785 studiose
1658 1719 1797 1804 13313111

326 1809 403 1894 (qua
418 1807 548 1892 pietate,
566 1814 629 1891 qua
641 1809 729 1892 justa
745 1808 879 1886 ratione,
888 1807 984 1894 vDeus
996 1811 1094 1888 novit,
1108 1813 1130 1876 dr
1143 1811 1205 1894 ipsi
1219 1811 1302 1875 forte
1314 1832 1376 1874 non
1389 1810 1552 1894 ignorant)
1565 1830 1667 1892 aequo
1680 1808 1794 1872 animo

326 1895 448 1973 teruut;
468 1897 546 1980 quir
569 1900 592 1963 13
611 1919 647 1962 33
665 1897 814 1960 delectari
834 1897 989 1962 videntur.
1014 1897 1114 1963 Nullo
1136 1900 1221 1964 enim
1241 1897 1596 1982 iuvidiaetrphilautiae
1617 1903 1720 1962 oestro
1735 1897 1795 1962 hic

326 1985 511 2050 stimulante
530 1986 673 2068 privatae
693 1988 716 2051 d
732 1985 878 2069 publicae
902 2009 1011 2051 eorum
1027 1987 1273 2066 dehortationes,
1287 1993 1383 2072 atque
1395 1987 1570 2052 invectivae
1583 1991 1714 2066 restant,
1729 1986 1794 2050 tri-

325 2075 425 2158 podes
443 2072 677 2138 Socraticarum
694 2077 717 2140 13
736 2074 910 2140 3113331313
929 2076 1189 2141 dissertationum
1205 2078 1434 2142 conticescunt:
1448 2076 1594 2159 quamvis
1610 2074 1682 2139 illos
1693 2095 1794 2159 prae-
1818 2147 1822 2154 ,

326 2167 460 2242 1313331,
478 2164 557 2228 13133
570 2162 752 2247 praeferant
764 2185 827 2228 non
839 2168 967 2228 1331313
979 2165 1044 2228 11113
1056 2166 1178 2245 diebus,
1191 2188 1263 2230 cum
1277 2166 1384 2250 plures
1397 2165 1506 2232 eadem
1519 2164 1599 2230 hort
1611 2163 1744 2229 diversis
1756 2165 1793 2230 in

326 2252 456 2335 templis
477 2251 636 2316 habentur
659 2253 834 2330 conciones,
860 2254 913 2317 sed
929 2252 1059 2337 insuper
1071 2254 1217 2339 Colleges
1229 2255 1315 2339 ipsos
1327 2255 1524 2319 contentiose
1537 2255 1560 2319 11
1571 2257 1726 2337 perpetuo
1743 2253 1794 2318 113

308 2339 470 2426 ,1331333
490 2345 526 2404 31
543 2342 640 2405 etiam
660 2346 750 2406 extra
769 2342 942 2406 Ecclesiam
963 2343 1102 2407 suumin
1115 2344 1201 2429 33113
1218 2344 1335 2409 alicubi
1348 2343 1513 2408 conciones
1527 2343 1668 2422 audiant,
1681 2343 1703 2407 dr
1716 2363 1793 2407 coe-

326 2451 402 2494 nam
415 2427 545 2496 Domini
557 2429 743 2513 percipiant,
757 2431 1004 2515 quotiescunque
1017 2433 1050 2496 in
1063 2432 1191 2496 civitate
1203 2439 1261 2497 sua
1273 2433 1357 2497 vices
1369 2431 1575 2496 concionandi
1588 2427 1794 2496 3313333331

327 2518 535 2583 distribuendi
550 2519 590 2583 ad
605 2519 697 2583 illum
712 2517 895 2583 Ministrum
909 2525 964 2584 331
975 2521 1115 2604 aliquem
1127 2543 1165 2585 ex
1178 2522 1242 2586 illis
1258 2521 1425 2600 Ministris,
1438 2543 1518 2604 quos
1531 2519 1593 2586 sibi
1605 2521 1792 2605 selegerunt

328 2611 404 2692 (quo
417 2608 531 2691 spiritu
543 2611 566 2674 tr
578 2613 641 2691 qua
653 2609 782 2692 pietate,
796 2629 856 2693 333
872 2631 934 2672 333
947 2609 1061 2692 dicam)
1081 2633 1144 2675 uon
1157 2611 1349 2676 devenerint.
1382 2610 1463 2674 Tota
1476 2609 1570 2673 aliter
1582 2607 1792 2674 sentientium

327 2701 451 2761 mustea
470 2719 509 2760 an
529 2697 655 2762 mucida
667 2697 848 2761 dissertatio
861 2699 1003 2783 (qualem
1014 2699 1145 2763 memini
1158 2722 1209 2764 me
1222 2700 1392 2783 aliquando
1407 2720 1472 2763 uon
1486 2697 1554 2762 siue
1567 2701 1684 2762 3333311
1697 2698 1793 2762 audi-

327 2785 422 2868 visse)
442 2785 502 2849 1113
521 2785 603 2849 falsa
626 2785 740 2850 nititur
761 2785 950 2870 hypothesi:
972 2786 1113 2872 Singulis
1129 2788 1293 2853 Fidelibus
1306 2791 1329 2854 11
1342 2787 1552 2852 Auditoribus
1564 2787 1597 2850 in
1610 2786 1791 2871 majoribus

327 2875 510 2939 civitatibus
525 2873 638 2960 Belgii,
648 2876 719 2958 jure
733 2874 849 2954 divino,
863 2877 1076 2956 autuaturali,
1085 2882 1141 2940 eut
1150 2877 1373 2942 Ecclesiastico
1383 2876 1581 2962 assignatum
1590 2881 1792 2940 esseoertum

329 2955 458 3057 aliquod
481 2965 648 3050 templum,
669 2965 754 3053 quod
777 2963 887 3028 diebus
907 2965 1073 3028 dominicis
1092 2970 1261 3030 teneantur
1280 2967 1494 3050 frequentare,
1513 2987 1578 3033 non
1598 2965 1693 3028 aliud.
1717 2963 1792 3034 Hac

327 3047 498 3137 hypothesi
517 3053 643 3136 333311,
665 3053 712 3116 311
735 3048 917 3130 falsissima,
938 3054 1103 3118 3311111313
1115 3053 1387 3130 inarrassemus-a
1403 3054 1588 3141 disputatio.
1614 3053 1675 3118 Ubi
1689 3052 1791 3134 euim,

328 3141 493 3224 quandossa
509 3142 634 3224 quibus,
651 3145 714 3224 qut
727 3142 984 3227 3313111313331
996 3143 1138 3227 generali
1150 3148 1206 3207 aut
1218 3142 1403 3226 particulari
1418 3143 1657 3220 constitutione,
1669 3142 1790 3228 imagi·

327 3231 417 3295 naria
436 3229 493 3294 illa
508 3229 689 3294 auditorum
703 3230 885 3294 distributio
899 3254 956 3315 per
971 3254 1028 3295 sua
1040 3253 1239 3315 quorumque
1251 3233 1383 3315 templa,
1396 3237 1481 3296 13313
1497 3231 1569 3296 est?
1593 3231 1664 3296 Hoc
1675 3232 1792 3297 31311-

329 3320 439 3383 denter
462 3319 620 3398 doceatur,
639 3318 815 3384 infelicium
830 3319 986 3403 ejusmodi
998 3319 1217 3384 casuistarum
1229 3321 1509 3385 determinationes
1521 3321 1561 3398 ad
1573 3321 1706 3386 classem
1722 3321 1790 3393 dis-

250 3419 260 3442 ·
329 3408 530 3493 putationum
539 3409 576 3472 de
584 3431 647 3472 non
658 3408 907 3494 entibus(qualis
915 3414 1060 3472 censetur
1068 3408 1270 3493 Papistarum
1278 3409 1358 3492 disp.
1368 3411 1406 3474 de
1415 3409 1528 3473 merito
1539 3410 1791 3493 apudrlmeaium

328 3499 362 3562 13
383 3499 576 3562 Batti-reniae
588 3498 746 3582 31331313)
760 3497 873 3561 merito
886 3499 1028 3582 relegare
1044 3497 1161 3562 licebic.
1186 3499 1207 3562 J
1210 3499 1275 3562 uris
1288 3499 1431 3562 canonici
1443 3501 1466 3564 tc
1478 3497 1607 3582 Papalis
1619 3503 1791 3566 consuetu-

329 3586 411 3650 dinis
426 3587 587 3651 districtus
598 3585 798 3670 parochiales
811 3587 895 3670 apud
907 3610 964 3650 nos
976 3587 1122 3671 abrogati
1136 3593 1221 3666 suut,
1234 3591 1257 3653 a
1269 3587 1429 3652 Ecclesiae
1441 3588 1576 3651 totidem
1589 3586 1788 3671 Collegiatae

328 3697 384 3739 seu
396 3675 644 3760 Presbyteriales
657 3676 827 3739 secuudum
840 3698 1009 3740 numerum
1021 3676 1196 3756 civitatum,
1215 3676 1312 3740 etiarn
1328 3678 1495 3759 majorum,
1507 3676 1572 3740 illis
1585 3677 1789 3743 substitutae.

329 3763 413 3839 Quin
430 3764 513 3844 dato,
533 3787 598 3828 uon
618 3787 774 3843 concesso,
795 3764 912 3830 alicubi
931 3765 1082 3847 reliquias
1102 3765 1225 3830 formae
1237 3765 1429 3849 parochialis
1442 3766 1545 3829 adhuc
1560 3755 1702 3840 liaerere,
1715 3765 1791 3831 iude

327 3857 435 3916 tamen
448 3876 510 3918 non
520 3859 715 3936 sequeretur,
727 3852 935 3936 parochianos
948 3855 987 3917 ad
1000 3854 1163 3918 conciones
1179 3877 1237 3920 suo
1250 3854 1282 3918 in
1294 3853 1471 3938 parochiali
1484 3855 1605 3937 templo
1617 3854 1790 3920 audiendas

328 3947 481 4026 perpetuo
493 3943 665 4028 adstringi:
680 3944 755 4025 quia
767 3942 800 4006 in
812 3943 882 4026 ipso
896 3941 1019 4026 Papatu
1033 3943 1163 4008 libertas
1172 3943 1568 4026 constrictaquidemcirca
1578 3942 1789 4027 sepulturam,

233 4066 238 4078 ·
329 4036 526 4096 sacramenta
548 4033 599 4096 113.
626 4031 717 4095 Circa
740 4033 904 4096 conciones
927 4031 1091 4096 tamenin
1116 4031 1258 4117 Templis
1285 4031 1537 4112 Perochialibus,
1564 4031 1789 4116 Regularibus,

329 4104 513 4206 Collegiatis
537 4142 592 4184 seu
618 4119 854 4203 Capitularihus
873 4121 1051 4204 promiscue
1072 4122 1242 4186 audiendas
1262 4121 1455 4186 conceditur.
1488 4121 1607 4196 Quodsi
1624 4121 1695 4204 quis
1711 4121 1790 4186 hinc

329 4209 478 4292 depulsus
490 4210 637 4288 somniet,
650 4209 777 4293 Templi
789 4210 1062 4293 propinquitatem
1075 4210 1207 4276 fundare
1216 4212 1269 4295 jus
1279 4210 1358 4275 illud
1366 4210 1512 4274 audiendi
1520 4210 1592 4275 istic
1599 4232 1723 4292 semper
1733 4215 1798 4274 aut

215 4368 220 4377 ¹
328 4299 515 4382 plerumque
535 4301 558 4364 13
578 4299 737 4362 ordinario
757 4299 937 4362 conciones:
962 4299 1011 4362 illi
1026 4321 1150 4384 regero,
1163 4323 1327 4383 nunquam
1340 4299 1404 4364 tale
1418 4299 1660 4364 fundamentum
1675 4299 1742 4364 ulla
1755 4299 1789 4364 in

192 4410 202 4426 ·
328 4387 455 4454 civitate
470 4387 572 4472 Belgii
593 4385 742 4452 aSenatu
754 4386 987 4469 Ecclesiastico,
1001 4395 1056 4452 eut
1069 4393 1088 4452 3
1099 4388 1227 4472 Synodo
1238 4391 1395 4473 positum:
1410 4389 1538 4466 adhaec,
1556 4389 1696 4454 nondum
1711 4409 1788 4454 con·

296 4483 303 4498 ’
892 4507 911 4544 e
1685 4478 1788 4546 scieu-
