3712 4850
294 295 406 364 Tarra.
430 295 472 364 Π.
497 291 544 363 Dr
568 295 705 378 Parasa,
729 295 801 366 Pon.
826 323 861 364 ar
885 293 993 364 Cruor.
1017 297 1140 365 1166666.
1164 297 1235 364 Car.
1259 295 1315 364 IX.
1463 296 1525 364 221

13 521 14 532 ³
86 497 154 570 666.
180 485 209 552 1.
232 485 282 549 lib.
310 485 342 549 3.
364 505 431 568 666.
457 481 653 550 11111111.
678 482 1528 568 666666116611666611126661166166611616116666

13 585 15 610 ¹
87 597 132 638 seu
143 574 276 638 (lenones
288 573 527 638 Ecclesiasticos
540 579 631 638 vocat
642 575 832 640 traditiones.
847 575 890 638 Et
902 579 985 638 certe
998 575 1025 638 si
1037 575 1163 659 proprie
1176 598 1212 639 ac
1224 575 1333 639 6161616
1347 596 1453 638 vocem
1468 571 1528 636 Ca-

86 663 162 727 uouis
186 663 384 748 accipiamus,
409 665 493 727 recte
516 663 574 726 hoc
590 663 773 728 observasse
789 664 936 730 ridentur
949 689 956 739 ;
970 663 1019 727 616
1031 664 1143 748 praxin
1156 664 1307 748 antiquae
1320 665 1341 728 16
1355 663 1526 726 hodiernae

85 751 227 816 Ecclesiae
246 752 456 828 attendamus,
468 752 695 836 comperiemus
708 753 874 818 materiam
888 751 1050 816 Canonum
1063 775 1125 816 uon
1137 756 1262 817 tantum
1275 753 1355 816 ritus
1369 756 1424 815 aut
1441 750 1527 834 regi-
1573 810 1584 838 ,

85 861 145 904 men
165 839 333 918 Ecclesiae,
357 841 411 905 sed
435 843 457 908 tu
481 841 759 906 determinationes
779 843 974 926 dogmatum,
992 842 1110 906 adhaec
1123 843 1343 925 quaestionum
1357 843 1379 908 86
1395 861 1527 904 caunum

84 929 243 994 moralium.
257 929 339 993 Vide
356 951 382 994 e.
396 950 444 1014 gr.
462 930 574 995 Concil.
590 931 781 1014 6666666616
793 949 861 996 666.
877 933 906 995 1.
920 932 950 993 2.
966 933 995 995 3.
1008 929 1131 995 laodic.
1145 931 1197 994 29.
1212 932 1264 994 31.
1278 931 1328 994 53.
1343 929 1529 995 &Eliberiai

86 1019 241 1096 ilerdensis,
254 1018 311 1082 ubi
327 1017 435 1104 aliqua
447 1018 697 1086 determinantur
706 1020 748 1082 ad
763 1019 959 1104 theologiam
972 1020 1124 1084 moralem
1136 1019 1323 1102 spectantia,
1338 1019 1392 1082 sed
1407 1017 1526 1082 intuitu

13 1183 14 1192 ἵ
85 1107 253 1192 disciplinae
276 1106 527 1172 Ecclesiasticus.
551 1106 589 1170 In
616 1109 729 1173 Corruit.
755 1108 1527 1191 1111611666,1666616666,0666166616666111.5.,

88 1197 215 1262 Tolelorao
239 1197 269 1261 3.
290 1197 480 1262 Bracarauei
494 1203 521 1259 1.
535 1198 584 1262 &a
598 1195 875 1262 determinationes
891 1197 1186 1263 &anathematismi
1197 1196 1280 1262 circa
1292 1197 1442 1282 dogmata
1455 1195 1527 1259 fidei
1549 1225 1557 1244 ·

81 1286 237 1350 canonibus
252 1285 463 1350 continentur.
481 1285 523 1348 Et
538 1307 648 1349 eorum
664 1286 808 1371 exemplo
821 1286 967 1373 Spnodns
985 1287 1181 1351 1166616666.
1197 1286 1292 1350 1619.
1306 1307 1440 1350 canones
1453 1307 1526 1348 con·
1627 1348 1634 1364 ,

82 1373 149 1438 11111
159 1375 354 1440 66611666166
366 1373 607 1458 explicationem
620 1374 850 1440 coutroversiae
866 1375 1192 1458 quinquerticulanae.
1207 1373 1309 1450 Quam
1322 1373 1526 1438 autoritatem

81 1463 266 1546 quaestiones
292 1464 332 1528 de
354 1464 502 1547 dogmate
525 1463 598 1528 fidei
625 1469 751 1527 exortas
776 1464 1226 1530 (16116166111166666111611.
1240 1485 1307 1548 666.
1324 1465 1353 1527 7.
1367 1462 1527 1526 Ecclesiae
1645 1475 1653 1494 '

82 1551 189 1631 tribuit,
215 1554 259 1618 ad
282 1553 512 1638 lepiiinnan‘in
536 1554 610 1619 66661
631 1553 692 1640 fide
714 1551 1527 1619 6666666666666666·66661666.1“6616661611661661

81 1641 214 1706 strictiori
237 1641 324 1706 vocis
346 1641 525 1725 acceptione
548 1641 602 1706 hic
625 1642 747 1706 6661666
761 1642 906 1706 videntur
921 1643 1005 1706 dicta
1017 1642 1262 1727 Theologorum.
1276 1641 1343 1705 Aut
1360 1641 1527 1725 respicitur

81 1727 235 1796 hodiernus
259 1753 345 1807 usus,
362 1751 424 1814 quo
437 1729 585 1815 dogmata
597 1731 671 1794 fidei
685 1731 896 1814 peculiaribus
909 1731 1091 1795 concordiae
1105 1730 1273 1805 Formulis,
1287 1729 1379 1795 dictis
1395 1729 1526 1794 Confes-

81 1819 205 1884 sionibus
229 1823 286 1884 aut
309 1817 543 1897 (letechesibuS,
568 1823 624 1884 aut
639 1820 711 1883 aliis
733 1821 858 1904 scriptis
870 1820 1090 1885 communibus
1103 1820 1254 1903 explicari
1265 1821 1378 1897 solent,
1392 1840 1527 1902 quarum

81 1907 251 1993 plerumque
274 1907 394 1972 mentio
419 1907 454 1971 fit
478 1907 510 1970 in
532 1907 722 1972 canonibus:
745 1909 792 1972 ita
815 1913 850 1972 61
863 1909 1034 1974 canonibus
1051 1931 1088 1974 66
1101 1909 1245 1986 describi,
1258 1913 1314 1972 aut
1326 1908 1410 1972 iniis
1426 1907 1528 1992 repeti

82 2018 335 2080 superuacaneum
347 2001 439 2060 esset.
456 2035 495 2043 -—
517 1998 561 2061 l'I.
576 1997 681 2062 Probi.
696 1997 725 2061 A
738 1997 853 2081 quibus
866 1997 1008 2062 Canoues
1021 1998 1248 2062 constituendi:
1264 1997 1304 2082 ab
1321 1997 1474 2074 Ecclesia,
1487 2019 1528 2077 66

13 2129 15 2168 ,
82 2083 328 2170 illegistratu‘?
353 2087 442 2168 11666.
466 2087 528 2171 siff.
540 2107 591 2170 pr.
605 2085 985 2161 estenimnomothetica,
999 2109 1071 2170 pars
1088 2109 1142 2150 666
1155 2087 1274 2171 6666166
1287 2085 1529 2150 Ε6616616611666
1641 2104 1648 2118 ·

13 2177 15 2240 l
82 2171 254 2251 Potestatis3
283 2175 331 2238 611
360 2174 519 2238 communi
542 2173 778 2260 Theologorum
791 2175 993 2259 antiquorum
1006 2175 1251 2242 &recentiorum
1265 2159 1436 2238 universali
1452 2197 1526 2238 con·

13 2241 15 2338 l
80 2283 158 2328 seusu
181 2287 216 2328 ao
240 2263 332 2348 praxi
357 2263 606 2346 praejudicatum
620 2268 678 2328 661.
690 2262 762 2347 1666
776 2263 949 2342 Arminius,
963 2266 1052 2348 cujus
1069 2269 1238 2328 sectatores
1251 2264 1394 2348 plerique
1408 2264 1447 2326 ad
1460 2262 1528 2327 Ma-

13 2353 15 2438 l
79 2351 234 2436 gistratum
258 2353 341 2416 hanc
363 2355 554 2436 potestatem
577 2352 818 2432 transtulerunt,
843 2354 973 2417 eandem
997 2352 1483 2436 1166166116616611661161116661.
1497 2376 1526 2416 a.

13 2441 15 2460 '
82 2441 162 2505 1606.
177 2441 356 2525 conscripta
368 2443 391 2506 a
405 2443 456 2504 29.
469 2439 490 2505 J
492 2441 550 2505 ulii
561 2441 732 2525 proposita.
746 2439 841 2526 Resp.
861 2442 1023 2506 Bernhero
1040 2441 1176 2506 Verehio
1187 2441 1422 2528 Daveutriensi,
1438 2443 1527 2525 cujus

79 2528 177 2594 titulus
200 2535 288 2595 erat:
312 2531 442 2614 Dispat.
466 2529 658 2614 116616ρὶ666.
681 2543 792 2616 queneto
815 2531 1530 2616 66661166661616661666661666616Ρ61661616
1631 2583 1637 2600 .

80 2617 212 2684 56616666
236 2621 270 2684 in
295 2619 367 2706 fidei
382 2619 545 2703 dap-riculis,
561 2619 691 2704 Lepibas
701 2621 838 2704 [66666116
854 2620 884 2686 a·
900 2621 1127 2685 luirisdietione.
1141 2619 1191 2684 lbi
1203 2620 1248 2683 th.
1267 2621 1297 2683 8.
1311 2620 1356 2683 sic
1368 2619 1526 2702 loquitur:

80 2705 205 2774 11611666-
230 2729 297 2773 nori
319 2720 372 2784 est,
390 2707 469 2792 qaia
483 2709 543 2792 ipsi
553 2708 702 2773 Ecclesiae
713 2709 821 2794 aliqua
833 2711 873 2774 sit
885 2729 1025 2774 66666666
1041 2711 1176 2774 Potestas
1189 2709 1224 2773 16
1239 2708 1375 2792 serandis
1386 2709 1476 2772 aevia
1487 2709 1530 2772 ad

79 2793 197 2873 ε’πξίκν
218 2797 360 2881 Lepidus.
374 2795 472 2860 Thasi
485 2798 514 2860 9.
527 2797 624 2874 addit,
642 2817 738 2862 66666
754 2799 844 2882 Lepas
856 2798 1034 2882 [6661666666
1049 2798 1224 2881 talaribus
1237 2798 1377 2862 Euchelia
1386 2797 1528 2880 partien-

79 2883 183 2950 lun'bns
196 2886 371 2972 16866616
384 2887 885 2972 6666666666·661166661616616
898 2887 1031 2970 uticeque
1043 2887 1192 2952 Ecclesiae
1201 2887 1346 2952 constitui
1352 2906 1442 2970 66666
1451 2907 1530 2972 qnae

80 2993 131 3036 666
148 2977 311 3058 praetorii
334 2974 508 3052 auctoritate,
532 2975 585 3039 sed
597 2977 757 3040 cornrnani
767 2976 916 3040 Ecclesiae
927 2997 1080 3040 66666666
1093 2976 1343 3040 introducantur.
1357 2976 1455 3039 alcior.
1476 2977 1527 3038 15.

79 3081 101 3122 a
123 3063 172 3127 22.
195 3063 281 3129 Sunt
304 3067 410 3126 tamen
435 3063 681 3149 idioguomones,
695 3063 749 3148 qui
761 3063 794 3128 16
806 3063 942 3128 solidum
959 3064 1018 3128 hoc
1030 3063 1235 3149 Magistratui
1247 3064 1401 3140 tribuant,
1419 3061 1528 3127 61116-

79 3157 278 3218 moustrantes
297 3152 331 3216 in
353 3151 466 3236 Belgio
490 3175 624 3237 quorum
640 3153 818 3236 opinionem
831 3153 994 3237 tangimus
1007 3153 1040 3216 iu
1052 3153 1141 3237 Disp.
1158 3153 1196 3217 de
1210 3156 1359 3218 Potestate
1371 3152 1402 3219 a·
1416 3153 1530 3217 Politia

78 3239 284 3308 Ε6166166666.
306 3240 376 3305 11116
399 3240 490 3304 fessis
513 3246 729 3307 successerunt
752 3241 865 3327 nuperi
876 3243 1046 3325 Scriptores
1058 3243 1194 3328 satyrici,
1211 3242 1267 3326 qui
1278 3242 1329 3306 tit.
1345 3243 1531 3308 Gratiarum

78 3330 197 3394 multum
214 3331 292 3396 bilis
304 3333 327 3396 11
340 3329 456 3414 privati
473 3329 536 3394 odii
548 3330 597 3394 sui
610 3331 642 3394 in
658 3330 811 3414 quosdam
824 3330 998 3408 Μ16161666,
1012 3350 1124 3415 param
1137 3331 1287 3396 scientiae
1304 3334 1326 3398 tr
1340 3331 1430 3416 [pag.
1448 3331 1528 3416 266]

78 3420 276 3484 666661661166
300 3422 510 3484 ostentarunt.
528 3421 660 3484 ,Eraslas
672 3417 814 3484 Medicus
827 3419 1118 3505 Heidelbergensis,
1130 3420 1267 3484 similem
1281 3442 1419 3484 errorem
1432 3419 1530 3484 fovis-

78 3529 104 3569 se
125 3508 261 3574 ridetur:
289 3507 327 3572 de
350 3529 413 3591 quo
428 3508 619 3572 consulenda
632 3508 754 3591 Scripta
767 3509 866 3592 ipsius
880 3510 914 3574 in
931 3511 1049 3574 Besara
1061 3509 1186 3573 emissa.
1199 3508 1278 3592 Ejus
1295 3508 1439 3593 vestigiis
1453 3509 1531 3572 iusi·
1650 3511 1663 3539 ⁹

78 3599 154 3661 stunt
165 3597 261 3662 hodie
275 3596 419 3661 nonnulli
431 3595 465 3660 in
474 3595 604 3681 anglia,
615 3620 692 3682 quos
703 3597 887 3662 Erastianos
898 3598 1071 3682 appellant.
1082 3597 1223 3673 Quorum
1232 3597 1443 3680 patrocinium
1452 3596 1532 3660 haut

13 3695 35 3716 '⁸
77 3683 192 3750 obscure
212 3685 350 3769 66661611
369 3685 418 3749 vir
437 3685 470 3748 iu
491 3689 625 3770 utraque
647 3686 813 3750 literatura
832 3686 989 3770 imprimis
1003 3688 1099 3751 etiam
1111 3687 1144 3752 in
1158 3685 1315 3751 Orientali
1328 3685 1532 3750 admirandus

79 3773 220 3842 16166666
231 3775 386 3842 8616166166
399 3776 433 3839 16
454 3775 552 3840 Tract.
566 3775 603 3839 616
617 3776 823 3853 mactaturus,
837 3774 892 3840 ubi
905 3775 1002 3840 etiam
1017 3775 1226 3840 honorificam
1239 3775 1369 3858 satyrici
1381 3777 1403 3840 tr
1415 3774 1531 3838 famosi

80 3861 101 3924 lil
141 3865 165 3928 li
187 3866 240 3929 tit.
261 3865 447 3930 Grallaram
463 3863 495 3928 in
510 3863 623 3948 Belgio
635 3864 711 3929 editi
723 3864 916 3928 mentionem
928 3865 1016 3929 facit.
1029 3863 1077 3928 De
1091 3868 1154 3947 quet
1167 3864 1380 3928 controversia
1391 3863 1463 3927 vide
1475 3887 1529 3927 su·

79 3972 101 4033 pr
145 3953 581 4060 16161666161166166166666.
595 3951 699 4018 Radix
715 3953 829 4017 erroris
842 3953 874 4016 16
887 3975 924 4016 66
936 3957 984 4016 661
999 3955 1083 4036 quod
1095 3975 1152 4017 nec
1164 3952 1359 4017 Potestatem
1374 3951 1532 4016 ,Ecclesia-

78 4045 101 4102 st
137 4065 175 4106 zm
187 4068 207 4108 a
220 4043 387 4112 Potestate
399 4041 529 4125 politica
541 4041 623 4106 circa
635 4040 867 4120 Ecclesiastica,
881 4064 938 4106 nec
951 4041 1092 4111 (lacones
1104 4041 1344 4106 Ecclesiasticus
1361 4040 1531 4126 thegibus

80 4131 97 4194 1
141 4131 329 4197 ‚nationibus
341 4129 479 4214 politicis
492 4130 575 4195 circa
587 4129 728 4196 Cauones
737 4130 976 4196 Ecclesiasticus
989 4136 1133 4196 accurate
1150 4130 1360 4216 distinguant.
1370 4129 1533 4206 Quomodo

80 4214 101 4278 P
141 4226 245 4286 states
259 4221 333 4288 illae
344 4224 405 4284 ase
417 4217 552 4283 invicem
561 4219 802 4304 distinguendae
810 4220 884 4298 sint,
898 4242 993 4304 supra
1002 4220 1126 4284 abunde
1136 4219 1236 4284 docui.
1251 4219 1414 4294 Quomodo
1423 4219 1534 4283 itidem

78 4304 101 4370 h
141 4331 165 4376 rs
183 4313 206 4378 a
226 4309 356 4374 nomine
376 4311 399 4374 la
423 4330 457 4372 66
473 4307 710 4393 distinguantur
723 4313 741 4372 a
753 4308 933 4372 (lenonibus
946 4309 1083 4393 explicat
1096 4307 1245 4372 Danaeus
1259 4308 1314 4371 lib.
1329 4307 1381 4372 cit.
1396 4331 1464 4392 cap.
1479 4310 1532 4372 12.

80 4397 101 4458 ul
145 4399 169 4440 '¹¹
182 4399 366 4464 differentia
375 4396 543 4474 nominali,
558 4398 580 4462 86
593 4419 661 4480 cap.
677 4398 728 4461 lo.
741 4397 796 4462 ubi
810 4399 847 4461 de
861 4397 1040 4460 differentia
1053 4397 1142 4462 reali.
1156 4398 1313 4476 Diuersus,
1327 4397 1441 4480 inquit,
1453 4400 1532 4484 fines

1433 4507 1531 4568 respr·
