3668 4856
657 388 675 424 s
700 387 716 426 u
741 388 759 426 n
783 385 799 425 a
824 385 840 426 u
866 387 883 426 n
908 385 935 426 u.
1461 360 1522 422 367

95 549 162 624 ,duo
175 570 297 632 corpora
318 549 377 612 sub
396 549 518 612 duobus
540 548 708 631 capitibus,
730 547 763 611 in
780 569 874 611 uuam
896 548 1079 611 societatem
1104 546 1280 622 convenire,
1305 551 1361 610 aut
1380 546 1447 610 siue
1460 546 1526 609 ulla

94 637 359 714 ,subordinatione
370 642 406 701 ut
415 639 495 701 duae
505 637 649 701 civitates
659 636 907 712 confoederatae
921 640 977 700 aut
986 635 1092 719 potius
1101 658 1171 698 cum
1181 635 1373 717 subjectione
1383 639 1405 700 dr
1414 635 1525 699 subor-

94 727 249 802 ,rlinatione
265 731 388 805 mutua,
404 731 438 790 ut
450 727 519 790 scil.
535 729 675 810 potestas
688 726 864 809 spiritualis
878 725 909 789 in
922 724 1153 808 temporalibus
1167 724 1390 788 subordinetur
1402 729 1525 808 tempo-

93 816 173 891 .rali;
192 819 328 900 potestas
347 838 421 879 vero
441 815 627 899 temporalis
646 815 677 878 iu
698 815 918 898 spiritualibus
936 813 1159 878 subordiuetur
1180 814 1330 896 potestati
1347 813 1525 896 spirituali;

94 905 176 976 ,sicut
196 927 289 988 supra
314 927 352 970 ex
376 904 514 989 Hugoue
538 903 705 968 Waldensi
729 905 751 969 tt
771 903 846 968 Joh.
868 903 1041 967 Parisiensi
1053 902 1190 966 testibus
1202 902 1460 966 Bellarmiuianis
1473 903 1525 966 do-

93 994 244 1066 „suiuus”

127 1081 192 1167 Pag.
206 1081 277 1145 281.
297 1081 387 1168 [pag.
402 1081 503 1168 234]
518 1079 591 1146 Non
605 1104 673 1146 esse
690 1105 824 1146 canones
840 1081 1079 1148 Ecclesiasticus
1095 1082 1318 1166 aMagistratu
1336 1082 1526 1158 eorrdeudos3

89 1171 132 1234 sed
145 1175 322 1254 potestatem
335 1170 521 1240 διατακτικήν
530 1193 597 1234 esse
609 1193 705 1254 penes
718 1171 903 1248 Ecclesiam,
917 1178 1062 1236 asserunt
1073 1171 1285 1236 confessiones
1297 1170 1428 1255 Belgica
1437 1171 1525 1235 artic.

88 1259 132 1323 32.
144 1259 270 1344 Anglica
287 1263 345 1324 art·
361 1258 413 1322 34.
426 1255 550 1323 Scotica
562 1260 651 1324 artic.
669 1261 721 1324 20.
739 1259 872 1338 Gallica,
886 1261 1002 1344 scripta
1015 1285 1043 1324 a.
1060 1261 1154 1325 1562.
1173 1282 1253 1346 quae
1271 1264 1374 1323 exstat
1387 1260 1419 1324 in
1433 1281 1525 1343 opus·

87 1349 154 1412 culis
165 1349 298 1413 Caluini:
316 1350 504 1434 Augustaua
517 1352 592 1413 sect.
607 1350 645 1412 de
657 1353 771 1432 potest.
785 1349 904 1414 Eccles.
918 1348 1046 1414 Daueus
1059 1351 1114 1414 lib.
1130 1351 1160 1414 6.
1170 1349 1319 1433 politicae
1327 1348 1527 1412 Christianae

87 1460 145 1520 cap.
164 1439 189 1502 3.
214 1437 297 1514 Quin
317 1437 384 1521 ipse
403 1437 569 1501 Arminius
593 1438 626 1502 in
643 1438 722 1522 disp.
737 1440 778 1502 29
792 1437 872 1502 Julii
885 1461 912 1501 a.
933 1439 1027 1502 1606.
1045 1439 1077 1502 iu
1097 1439 1191 1503 Acad.
1209 1437 1528 1520 Leideusipropositrt

85 1549 157 1609 resp.
175 1526 334 1590 bernhero
355 1524 495 1590 Vezelrio
516 1525 752 1591 Darentrieusi:
774 1527 829 1590 ubi
849 1531 871 1593 b
896 1528 1090 1610 praescripto
1111 1529 1215 1604 titula,
1233 1526 1352 1590 &thesi
1367 1532 1396 1590 l.
1412 1524 1526 1609 triplex
1602 1563 1604 1566 ·

85 1613 228 1680 Ecclesiae
250 1619 392 1700 potestas
416 1615 568 1680 tribuitur
580 1617 615 1680 ia
626 1616 699 1703 fidei
711 1615 742 1682 e.-
754 1637 882 1681 urerrna
898 1617 1104 1700 deputer-tibus,
1121 1619 1156 1682 ia
1169 1617 1366 1700 legislatione,
1383 1617 1526 1699 injuris·

85 1703 208 1769 dictione.
232 1703 331 1768 Thesi
352 1705 382 1768 8.
406 1704 539 1769 ereetum
559 1726 626 1769 uon
642 1718 695 1780 est,
717 1706 795 1791 quia
815 1707 876 1789 ipsi
891 1707 1040 1770 Ecclesiae
1056 1709 1164 1792 aliquo
1184 1708 1222 1770 sit
1239 1725 1377 1770 eoreeessu
1394 1717 1527 1787 potestus

86 1793 114 1854 iu
135 1794 263 1878 serendis
287 1793 376 1857 noeis
399 1793 442 1857 ud
464 1790 600 1870 εὒταὲἱαν
622 1795 747 1879 lapibus,
765 1797 814 1860 ec.
840 1793 955 1858 Confer
971 1817 1066 1878 supra
1083 1819 1112 1879 p.
1128 1797 1201 1859 265.
1226 1795 1305 1858 Cum
1317 1793 1377 1857 hae
1390 1793 1528 1858 Arminii

85 1881 211 1946 doctriua
230 1882 361 1946 minime
384 1881 575 1946 conveniunt
586 1883 767 1948 molitiones
780 1887 971 1948 sectatorum
984 1884 1101 1966 ipsius3
1116 1884 1170 1969 qui
1183 1906 1240 1968 per
1252 1883 1406 1948 violentas
1422 1881 1527 1967 Magi·

85 1976 228 2036 stratuum
252 1971 455 2035 obtrusioues
475 1973 497 2038 tr
517 1971 709 2036 intrusiones
723 1995 839 2037 novum
852 1972 994 2057 regimen
1008 1973 1040 2036 iu
1054 1974 1241 2038 electione&
1257 1971 1419 2036 vocatione
1434 1971 1527 2036 miui·

84 2063 217 2136 strom-m,
238 2061 279 2125 ab
291 2059 443 2124 Ecclesiis
460 2082 517 2125 nec
529 2061 699 2136 conditum,
715 2084 772 2126 nec
789 2061 979 2138 ordinatum,
992 2085 1049 2126 nec
1062 2063 1240 2146 probatum,
1254 2083 1433 2146 novumque
1446 2061 1525 2124 ordi·

83 2169 146 2211 nem
158 2151 178 2216 tr
191 2150 314 2214 modum
330 2149 361 2212 iu
375 2149 526 2213 tradeudt
539 2150 736 2214 omnimodae
749 2150 872 2234 gratiae
886 2151 1028 2214 doctrina
1040 2174 1097 2234 per
1109 2152 1320 2235 receptionem
1334 2152 1356 2216 tr
1369 2150 1527 2234 subscrip-

83 2236 189 2302 tionem
201 2237 329 2303 Decreti
342 2236 496 2305 Ordiuum
509 2237 699 2302 Hollandiae
712 2239 769 2322 (sic
782 2239 914 2322 dictum)
930 2262 986 2322 pro
995 2263 1070 2322 pace
1079 2240 1304 2316 Ecclesiamm,
1314 2239 1528 2303 introductum

82 2325 172 2390 ibant.
196 2325 322 2392 Similes
347 2327 487 2411 ejusdem
511 2326 668 2407 factionis,
690 2327 887 2413 aliarumque
908 2351 980 2392 euru
1001 2333 1037 2392 ea
1060 2329 1309 2413 conspirantium
1337 2329 1527 2407 molitiones,

15 2411 16 2428 ³
82 2415 235 2502 antiquum
256 2421 312 2486 aut
332 2416 470 2480 deterius
489 2417 645 2501 quoddam
664 2417 758 2482 chaos
771 2439 855 2481 nuuc
867 2418 1019 2500 temporis
1033 2419 1191 2501 parturire
1209 2418 1365 2482 videntur.
1383 2416 1528 2482 Clemen-

81 2502 210 2569 tissimus
221 2505 310 2570 Deus
323 2527 375 2568 eos
391 2508 565 2582 convertat,
580 2511 635 2570 aut
648 2505 836 2570 confundat!

121 2591 196 2678 Peg.
219 2595 294 2658 272.
319 2595 406 2678 [pag.
433 2595 535 2678 227.].
560 2593 718 2678 Perquam
742 2593 946 2678 hyperbolica
967 2595 1200 2680 &atbeologice
1213 2595 1390 2679 Imperator
1401 2594 1528 2660 Novell.

83 2681 149 2745 131.
162 2705 294 2748 canones
312 2683 342 2744 4.
356 2683 559 2748 conciliorum
573 2696 606 2748 ut
618 2684 730 2750 Sacros
743 2685 921 2768 Scripturas
935 2687 1088 2770 suscipere
1101 2708 1133 2749 se
1147 2685 1232 2749 dicit.

459 3601 1087 3655 *usnc·('e?i'r>a‘t3.⁹7,†,“.·3·⁰..5>a³ff'÷<s÷s„,f-
