3722 4850
324 303 436 384 Tanau.
449 303 491 385 ῘΙ.
516 306 563 385 Dn
575 303 710 401 Pascua,
723 310 895 400 Buranun,
908 295 1064 388 Doxonoo.
1077 316 1170 389 hiccn.
1194 316 1266 391 Cur.
1278 311 1320 390 ῙῘ.
1502 315 1545 391 dh

89 507 257 572 nuntiaret:
276 507 312 573 Ut
323 519 493 592 opnoseont
506 509 726 594 aucellatores
738 507 900 574 innitentur
911 509 1015 575 nostri
1029 509 1175 576 moderni
1191 511 1415 577 Marotieouarn
1429 513 1545 596 potins,

88 617 173 682 quarn
201 597 318 662 Christi
337 599 537 681 psalmarum
552 599 732 664 cantatores
745 596 776 662 e·
789 599 988 676 cantatrices,
1001 599 1095 684 idque
1106 600 1161 665 tati
1172 621 1244 664 enm
1256 600 1358 680 touta,
1371 612 1406 666 at
1416 602 1547 667 animas

87 686 275 752 audientium
295 685 518 770 perhorreseat.
543 685 594 750 An
607 687 682 772 quia
693 686 787 750 multi
800 686 895 750 simul
907 691 1050 752 canunt?
1067 691 1163 772 atque
1174 689 1255 753 idern
1270 687 1402 768 factum,
1416 689 1448 754 in
1461 691 1545 755 anti-

88 781 141 859 qua
150 772 310 840 Ecclesia:
324 773 371 838 nti
387 797 461 838 mox
473 775 684 840 ostendemus.
698 774 749 838 An
762 797 846 854 uera,
858 777 934 859 quia
946 797 1059 860 aspera
1070 776 1231 841 incondita
1243 778 1266 842 ia
1278 777 1419 842 insuavis
1432 780 1544 844 modu·

87 864 177 928 latio?
201 861 265 927 Sed
287 863 353 942 ubi,
377 863 504 948 quando
526 864 625 929 talem
641 863 772 942 audivit,
785 867 842 927 aut
853 863 1004 948 inspectis
1016 865 1100 929 notis
1112 864 1243 930 Musicis
1256 865 1406 931 Psalterii
1422 867 1543 952 gallici,

86 953 171 1016 talem
183 951 392 1036 deprehendit
404 957 419 1016 Ρ
432 951 483 1016 An
496 956 590 1036 putat
602 953 779 1017 suaviorem
793 974 860 1016 csse
872 953 1120 1018 modulationem
1133 953 1252 1019 Cantus
1265 953 1454 1040 Gregorisni
1463 979 1544 1040 qua·
1654 963 1661 973 '

85 1045 148 1105 tuor
156 1041 325 1118 linearum,
337 1040 371 1104 in
383 1039 497 1119 Chora,
513 1041 547 1105 in
561 1040 668 1119 Missa,
681 1041 715 1105 in
734 1040 998 1120 Processionibus,
1011 1043 1045 1106 in
1057 1041 1365 1121 consecrationibus,
1381 1044 1415 1107 in
1428 1042 1544 1110 Officio

85 1127 304 1208 defunctorum,
317 1151 412 1213 quem
424 1130 458 1194 in
472 1130 603 1204 Missali,
617 1130 745 1209 litterali,
758 1151 813 1195 seta
825 1130 995 1210 Pastorali,
1009 1131 1196 1215 Episcopali,
1209 1132 1368 1198 notissnis
1378 1135 1545 1217 Greporia-

83 1219 128 1283 nis
149 1218 377 1303 praescribunt.
401 1218 451 1282 De
474 1219 563 1302 cujus
587 1219 744 1283 suavitate
759 1241 822 1283 non
839 1219 999 1283 immerito
1013 1219 1108 1299 dicas,
1122 1220 1206 1303 quod
1218 1221 1414 1309 Bandorfins
1435 1223 1546 1288 insted

82 1307 238 1394 Synapopei
249 1307 380 1372 leedaicet
392 1327 460 1391 cap.
473 1308 526 1372 21.
539 1307 577 1372 de
589 1306 691 1372 Gantu
703 1306 725 1372 J
728 1307 898 1372 udaeorum
910 1308 943 1371 in
956 1311 1038 1372 testo
1051 1308 1241 1393 expiationis
1251 1333 1258 1384 3
1268 1308 1372 1374 Deum
1381 1309 1545 1376 abeuntem

83 1397 261 1462 santissimo
275 1397 378 1461 Canta
389 1395 421 1461 e·
431 1397 550 1460 rocleni
564 1397 620 1462 itta
633 1397 775 1475 Maledici,
789 1417 886 1483 queam
899 1399 1017 1462 norant
1032 1398 1088 1484 qnai
1099 1399 1169 1463 illos
1181 1399 1329 1463 r·aelentes
1340 1399 1544 1480 audieerant,

81 1495 317 1571 proseqnntntnr.
341 1483 440 1563 Alibi,
457 1485 485 1548 si
497 1485 577 1549 bene
589 1485 732 1563 memini,
745 1489 909 1570 comparat
920 1489 1050 1550 cantum
1067 1507 1176 1550 eorum
1188 1487 1296 1550 cantui
1307 1488 1420 1552 felium
1432 1507 1542 1553 mense

82 1571 197 1638 llartio.
223 1571 386 1656 Imprimis
409 1573 567 1658 specimen
580 1573 668 1638 illius
680 1574 823 1638 rudentis
839 1573 1007 1639 suavitatis
1019 1575 1125 1659 capies
1141 1597 1179 1639 ex
1196 1574 1375 1640 Pontificali
1386 1576 1420 1641 in
1434 1599 1544 1641 conse·

80 1663 214 1816 cadone}
232 1662 296 1726 olei
319 1662 343 1728 h
366 1662 559 1744 chrismatis,
571 1685 644 1727 oum
656 1661 907 1728 Archidiaeonus
919 1667 1007 1728 stans
1020 1664 1104 1748 apud
1117 1663 1305 1728 Pontificem
1317 1666 1390 1730 dieit
1402 1668 1466 1732 adei
1476 1687 1547 1738 voce

82 1763 190 1817 intono
210 1751 342 1816 aetionis

550 1865 1060 2052 acsias

592 2121 728 2198 Oleum
757 2049 1026 2219 infirmatam,

77 2275 116 2345 ln
125 2301 195 2345 cum
207 2277 370 2358 Pontifex,
382 2280 405 2345 ln
416 2277 581 2342 duodecim
593 2275 779 2342 Sacerdotes
792 2278 958 2342 succentor
969 2288 1143 2342 reverenter
1153 2279 1294 2344 salutant
1306 2281 1421 2361 oham,
1437 2279 1542 2346 dieen-

76 2379 114 2435 tes
123 2371 208 2436 tertio
220 2370 254 2434 in
270 2381 343 2434 tono
356 2368 492 2434 lectionis

75 2505 762 2692 W
854 2579 915 2656 a
1026 2503 1546 2692 {effla—{t

562 2689 566 2732 Ι

173 2751 264 2822 Ave
296 2755 479 2822 sanctnrn
513 2687 660 2822 Olenia.
1017 2745 1304 2818 Anesanctnrn
1324 2697 1521 2814 Christano.

76 2895 132 2962 Sed
156 2901 326 2966 audiamus
342 2900 380 2965 de
393 2899 552 2964 snautate
567 2896 687 2962 Cantus
700 2895 837 2962 Romani
853 2895 1071 2964 Cassandram
1084 2897 1120 2961 in
1133 2895 1273 2982 Praefat.
1285 2894 1328 2960 ad
1339 2895 1486 2980 Hyrnnos
1497 2915 1544 2960 ec·

79 2989 222 3063 ‚dedan
247 2989 338 3054 Alibi
349 3011 434 3067 vero,
447 2988 561 3074 inqnit,
573 2987 732 3051 contrario
743 2986 822 3051 vitio
835 2985 1018 3051 laboratur.
1034 2990 1109 3050 sunt
1121 2984 1206 3048 enim
1218 2984 1274 3068 qui
1285 2983 1406 3070 agresti
1418 2984 1441 3048 h
1454 3005 1543 3048 ama·

80 3077 149 3150 ‚bili
161 3079 301 3161 quidam
317 3077 402 3142 uocis
415 3077 616 3142 contentione
628 3077 651 3141 iu
663 3076 703 3140 ad
714 3074 877 3140 feritatem
889 3076 1050 3158 quandam
1063 3073 1262 3138 barbaricam
1274 3072 1449 3156 composito
1465 3095 1542 3137 sono

12 3203 14 3252 1
79 3164 195 3242 ‚tanat
216 3169 347 3246 latrant,
359 3167 522 3252 anapiant,
535 3165 700 3250 frendant,
711 3165 845 3244 nudam,
859 3165 882 3229 in
897 3163 1023 3247 quiduis
1034 3163 1141 3248 potius
1153 3183 1250 3245 quam
1261 3164 1391 3227 canunt.
1403 3159 1493 3237 Quod
1509 3161 1542 3225 in

79 3255 282 3338 ,quibusdam
309 3253 503 3320 Germaniae
528 3253 605 3318 locis
629 3253 752 3334 accidit,
776 3253 823 3318 ita
846 3256 882 3316 ut
895 3252 1055 3317 auditores
1067 3274 1131 3316 non
1144 3250 1543 3316 minusoautussuavitate

12 3351 14 3364 '
78 3365 153 3419 ,non
176 3343 333 3420 alliciant,
358 3343 412 3408 sed
438 3342 546 3426 potius
569 3341 716 3406 clamoris
728 3341 927 3406 absurditate
938 3342 1063 3406 incensa
1076 3341 1215 3428 qnowrn
1231 3339 1361 3404 horrore
1369 3340 1543 3423 percellerat
1629 3399 1631 3402 Α

12 3463 15 3506 3·
78 3445 183 3519 ,mpure
205 3433 381 3499 detraebant.
393 3431 431 3496 Id
443 3430 528 3515 quod
539 3453 615 3496 sane
627 3430 708 3494 mihi
720 3452 783 3495 non
796 3431 894 3496 semel
906 3452 967 3496 usu
983 3429 1087 3495 uenit:
1101 3429 1202 3493 Panlo
1217 3430 1307 3513 post:
1321 3426 1434 3492 Mirari
1447 3449 1481 3492 se
1493 3427 1542 3493 di·

12 3581 13 3584 ,
77 3521 143 3600 ,cit
167 3522 255 3606 quod
279 3521 314 3585 in
336 3520 521 3586 ciuitatibus
546 3518 736 3584 Germaniae
748 3518 893 3584 inferiori
908 3518 1124 3598 vicinioribus,
1138 3518 1312 3602 pristinam
1323 3515 1500 3582 barbariem
1512 3515 1544 3583 s·

12 3615 13 3684 J
76 3611 251 3694 „feritatem
275 3611 323 3697 (in
335 3609 439 3675 Canta
452 3607 679 3692 ecclesiastico)
692 3607 892 3674 retinuerint.
906 3607 1053 3691 Denique
1064 3607 1240 3672 concludit:
1255 3604 1470 3673 Intolerabiles
1481 3606 1542 3670 rni-

12 3727 14 3762 J
76 3698 124 3776 ,n
132 3701 297 3780 virimar,
312 3699 369 3785 qni
380 3718 452 3763 cnm
464 3699 655 3782 Anpelonnrn
667 3696 698 3762 a·
709 3698 882 3763 coelestiam
894 3697 1067 3782 spiritunon
1079 3696 1115 3760 ia
1126 3695 1268 3763 Psalmis
1283 3693 1314 3760 a
1325 3695 1463 3780 Hymni:
1474 3695 1540 3760 Deo

12 3839 14 3862 ;
76 3787 298 3863 ,mannes
321 3787 357 3852 in
379 3787 512 3853 Ecclesia
535 3785 595 3850 Dei
618 3786 747 3870 speeiem
767 3786 1187 3873 qnandamrepraesentant,
1216 3784 1310 3850 Tan
1322 3783 1546 3849 rnnttos

12 3867 14 3936 l
75 3877 349 3960 ‚QUOSDAM
367 3875 437 3942 ΕΤ
455 3874 684 3943 PANICOS
709 3873 983 3941 CLAMORES
1002 3873 1330 3940 exsaturant.
1360 3873 1390 3936 3.
1417 3872 1541 3954 Qnacrt.

12 3979 14 4048 t
71 3963 118 4030 An
139 3989 202 4051 per
218 3964 411 4048 antiphonas
424 3964 467 4028 sit
478 3962 679 4028 canendum?
691 3965 783 4050 Resp.
800 3963 851 4028 Ita
862 3963 991 4047 quidem
1003 3962 1073 4026 lieri
1084 3961 1166 4026 solet
1178 3962 1212 4025 in
1224 3960 1368 4025 Ecclesia
1378 3958 1541 4039 Romana:

71 4053 170 4138 &ejus
179 4054 281 4119 moris
293 4053 519 4138 antiquitatem
531 4055 673 4117 astruere
686 4057 849 4128 conantur,
863 4074 902 4116 ex
911 4051 1031 4116 visione
1045 4051 1161 4135 Ipnatii
1171 4049 1363 4115 Antiocheni.
1377 4047 1461 4124 Quin
1473 4049 1542 4134 ipse

71 4143 251 4210 &scandar
273 4143 354 4207 alias
376 4164 440 4207 uon
463 4145 530 4206 tam
552 4141 698 4205 credulus
711 4141 960 4225 antiphonarum
972 4161 1066 4204 usum
1082 4139 1155 4204 inde
1168 4138 1348 4204 derivatum
1359 4137 1475 4203 refert:
1488 4137 1542 4204 Sic

70 4233 201 4297 enimin
216 4232 270 4297 cit.
279 4229 420 4296 Praefat.
434 4229 603 4296 dedicator.
617 4231 658 4295 ad
669 4229 814 4314 Hymnos
824 4252 831 4293 :
843 4230 1041 4316 lpseqnoqnc
1047 4227 1541 4314 Ambrosinshantponcaslnyrn·

69 4339 122 4387 aar
142 4320 368 4387 mestissime
385 4319 582 4404 caaenpstn:
594 4339 731 4405 quartam
743 4319 816 4384 haee
826 4319 891 4402 lert
901 4319 983 4383 ratio
996 4329 1049 4398 est,
1061 4328 1096 4383 nt
1110 4328 1223 4403 qnarto
1235 4337 1356 4403 quoquae
1365 4337 1459 4382 ansa
1470 4335 1541 4381 sen·

69 4413 200 4476 tantiam
212 4410 387 4491 absolvant,
400 4421 435 4475 nt
447 4407 691 4493 antiphonatim,
707 4406 880 4474 ttalternis
891 4406 1010 4474 nahas
1021 4407 1184 4473 acaunus
1189 4407 1324 4491 posunt.
1337 4405 1401 4485 Qut
1408 4405 1542 4470 nannai

1472 4513 1541 4558 unos
