3752 4858
216 323 386 395 Tusculi.
410 321 568 396 SneaIV.
591 326 772 396 DaOoamn
796 329 968 396 Dumnacus
994 327 1282 400 hemmerammun.
1307 301 1444 404 'tiata
1506 313 1571 402 209

88 515 360 602 Christopbortts,
382 515 503 581 veritus
525 537 566 580 ne
580 514 699 581 falsum
711 515 829 581 diceret
842 514 993 582 Sacerdos
1009 517 1242 602 pronuntiando
1265 540 1332 586 tneo
1355 522 1571 602 1611130110-
1671 548 1676 558 ·

85 629 191 672 mum
207 610 284 691 post
294 605 502 690 pronunciata
514 605 658 690 quinque
667 606 764 670 verba
775 606 866 670 fieret
878 628 1002 690 corpus,
1016 609 1188 672 secundum
1201 631 1399 675 communem
1415 613 1570 676 sententi-

86 719 147 761 am
160 721 171 774 3
198 695 421 775 contendebat,
449 699 523 759 ante
539 695 745 778 pronuntiata
756 694 899 779 quinque
914 695 1011 760 verba
1024 718 1043 760 a
1057 695 1185 761 Christo
1201 703 1419 764 consecratum
1431 702 1454 766 3
1466 703 1572 766 trans·

86 783 357 850 substantiatum
380 783 479 849 fuisse
502 805 617 868 panem
640 805 699 868 per
720 784 960 867 praecedentem
983 784 1245 851 benedictionem.
1270 786 1308 850 In
1323 789 1398 854 lare
1416 791 1572 855 Cartonico

89 876 182 940 (1111.
208 873 263 938 61.
280 876 356 959 (non
371 876 479 938 tamen
492 872 560 937 sine
572 873 819 938 contradictione
831 895 902 937 cum
917 875 993 940 Can.
1007 873 1059 936 55.
1076 875 1114 938 dc
1133 873 1401 942 marcanesca.
1416 879 1461 942 sic
1473 878 1573 942 habet

87 962 252 1028 rubrica:
274 982 333 1048 per
355 962 594 1027 benedictiones
616 963 712 1046 panis
732 962 863 1050 efficitur
874 983 987 1046 corpas
1003 961 1128 1029 Christi.
1142 962 1233 1038 Quod
1250 966 1405 1047 quomodo
1421 989 1494 1030 cum
1505 968 1573 1034 Biel

86 1055 127 1118 in
136 1052 429 1137 Expectabisne
438 1052 618 1116 Missaclcct.
629 1052 670 1115 38
680 1051 852 1115 conciliari
861 1051 971 1134 possit,
980 1051 1041 1134 ipsi
1053 1051 1200 1116 viderint.
1209 1050 1573 1136 Ibienimexsertedicit,

88 1163 156 1228 per
180 1139 324 1226 quinque
336 1140 393 1204 illa
404 1141 502 1205 verba
517 1143 618 1206 creari
629 1162 742 1223 corpus
752 1139 891 1215 Christi:
905 1140 928 1204 3
941 1139 1104 1204 Christum
1116 1140 1181 1204 illis
1193 1141 1299 1205 verbis
1311 1143 1376 1206 aim
1387 1147 1571 1210 conscerati-

86 1253 176 1298 vam
202 1231 377 1296 malisse.
401 1227 534 1294 Interim
560 1232 691 1293 manent
707 1228 913 1314 gravissimae
926 1229 1166 1294 controversiae.
1184 1227 1237 1293 An
1249 1229 1437 1312 benedictio,
1451 1233 1574 1318 gratia·

87 1343 175 1386 rum
202 1318 286 1384 actio
310 1339 367 1382 seu
389 1317 591 1396 eucharistia,
616 1319 639 1383 3
662 1318 865 1398 consecratio,
893 1317 1483 1402 11110110(1111010113301101110101011
1495 1345 1572 1386 vcro

87 1407 240 1475 eandem
252 1407 409 1472 actionem
422 1406 611 1492 significent.
629 1405 721 1484 Item,
735 1416 775 1470 an
789 1405 930 1492 quinque
945 1407 1043 1470 verba
1056 1407 1120 1471 siut
1137 1407 1174 1470 de
1188 1408 1326 1473 essentia
1338 1411 1528 1474 sacramenti
1548 1410 1571 1474 3

89 1496 369 1573 consecrationis:
393 1517 434 1559 an
456 1517 530 1560 vero
564 1495 592 1558 si
615 1495 698 1559 absit
721 1496 777 1560 boc
803 1499 859 1559 aut
881 1496 975 1575 cn-int,
1000 1499 1057 1558 aut
1082 1517 1198 1574 1111111111,
1223 1500 1279 1561 aut
1302 1497 1418 1562 ultima
1449 1498 1574 1582 syllaba

88 1609 169 1666 am,
197 1607 263 1650 non
286 1585 343 1648 fiat
366 1584 570 1648 consecratio
586 1583 669 1648 Vide
686 1588 866 1669 pugnantes
878 1583 1140 1666 opinionesapud
1152 1585 1220 1651 Ilici
1232 1588 1309 1651 Lect.
1323 1587 1376 1650 36.
1389 1588 1412 1652 3
1425 1587 1572 1653 llbadarn

90 1677 292 1763 episcopam
303 1673 491 1737 Pactensem
506 1673 544 1737 de
559 1673 782 1742 Controversiis
794 1673 876 1737 inter
892 1672 1045 1738 Thomarn
1060 1670 1231 1738 esiciam
1246 1676 1332 1740 Part.
1347 1676 1378 1740 4.
1391 1688 1526 1742 controv.
1541 1679 1573 1742 5.

90 1767 197 1832 orna.
222 1764 253 1826 2.
279 1765 302 1829 3
325 1763 356 1826 3.
373 1761 417 1825 Et
429 1762 617 1827 decentiores
629 1761 672 1826 ad
688 1761 822 1826 Thalnae
832 1783 865 1845 p.
879 1763 909 1824 3.
922 1782 976 1847 qn.
993 1762 1045 1825 38.
1061 1773 1121 1826 art.
1135 1763 1166 1825 3.
1178 1764 1202 1829 3
1215 1765 1447 1830 bellarminum
1459 1766 1525 1830 Lib.
1543 1767 1574 1831 4.

90 1857 135 1921 dc
161 1851 369 1919 Euctaaaic
392 1871 459 1935 cap.
485 1849 513 1914 1.
539 1853 562 1916 3
579 1847 759 1914 1211110111
775 1851 865 1915 artic.
878 1851 909 1914 3.
923 1851 1020 1914 concl.
1036 1849 1064 1913 7.
1078 1873 1109 1934 p.
1125 1852 1199 1916 135.
1211 1853 1380 1931 concludit,
1396 1853 1575 1918 Ecclesiam

91 1941 289 2008 Rbmanam
301 1951 416 2004 camni
427 1959 491 2004 csse
502 1938 539 2004 de
550 1939 650 2004 cerbis
661 1939 918 2004 submentalibus
929 1940 1052 2024 sortitae
1062 1941 1300 2005 consecrationis
1310 1943 1407 2024 panis
1416 1944 1451 2007 in
1460 1964 1575 2028 corpas

95 2031 240 2108 Christi,
261 2029 345 2116 qnod
364 2039 439 2093 sant
451 2029 527 2093 ista:
543 2028 602 2092 hoe
615 2030 663 2092 est
676 2050 789 2112 corpus
802 2051 924 2092 mcum:
938 2039 1091 2092 caeteram
1104 2028 1194 2114 [pag.
1211 2029 1291 2114 743]
1305 2031 1342 2095 dc
1355 2031 1454 2096 vatis
1470 2053 1575 2098 conse·

92 2119 260 2188 erationis
272 2119 374 2182 calicis
384 2118 544 2202 praecisis,
557 2137 623 2180 iton
634 2129 677 2181 cst
690 2118 820 2182 oraninc
835 2128 925 2192 certa,
949 2117 1014 2182 lieet
1028 2120 1097 2180 ocri
1109 2119 1186 2182 sciat
1197 2119 1348 2184 conlitteri
1360 2121 1394 2184 ia
1410 2121 1460 2186 bis
1472 2121 1573 2186 verbis

95 2208 238 2286 Christi,
251 2227 330 2292 qttae
341 2209 377 2270 in
390 2208 515 2272 Conone
529 2207 642 2270 Missae
651 2218 828 2290 portantia.
851 2205 915 2269 Hic
927 2209 975 2269 est
987 2205 1080 2284 calix,
1094 2208 1143 2271 30.
1156 2205 1237 2270 Ibid.
1250 2208 1347 2271 concl.
1370 2210 1401 2272 3.
1414 2209 1458 2274 sic
1467 2215 1576 2270 θεολο-

96 2308 172 2373 γεῖε
191 2298 307 2362 Farina
319 2296 556 2360 coruscationis
567 2295 706 2378 corporis
721 2293 930 2380 tlsonpttinis
942 2295 1045 2358 saisita
1057 2307 1175 2360 constat
1186 2295 1320 2360 1111131111
1335 2295 1456 2364 Christo
1467 2302 1575 2384 prola-

97 2391 157 2467 tis,
188 2386 245 2472 qai
260 2395 529 2450 sacramentorum
541 2384 642 2449 dator
653 2396 706 2464 est,
719 2383 749 2449 3·
766 2395 840 2449 scirit
855 2405 891 2448 ea
905 2405 985 2468 qctae
997 2385 1032 2447 in
1047 2386 1172 2449 Conone
1183 2396 1361 2469 ponantur,
1375 2387 1440 2452 licet
1453 2389 1576 2474 ipncre-

98 2497 187 2542 raus
211 2473 266 2560 (N.
280 2473 332 2556 B.)
355 2494 435 2559 quac
458 2484 532 2538 sant
553 2473 691 2556 praecise
712 2472 803 2538 caba
828 2473 1066 2537 consecrationis
1078 2475 1190 2552 calicis,
1203 2486 1229 2538 ct
1242 2475 1271 2540 si
1282 2476 1355 2541 certi
1365 2497 1477 2542 statinus
1490 2479 1525 2542 in
1536 2479 1576 2542 iis

96 2585 194 2653 qnae
217 2564 360 2628 donnana
384 2562 517 2627 Ecclesia
541 2563 643 2626 utitur
654 2583 717 2626 csse
728 2561 820 2626 cerba
832 2562 1005 2637 assentatu,
1023 2559 1251 2651 dstafflcicntia
1263 2565 1305 2628 ad
1317 2567 1575 2630 consecrandam.

98 2655 181 2720 Biet
205 2656 313 2715 tamen
329 2651 405 2715 Lect.
423 2650 475 2724 38.
490 2650 523 2713 in
539 2673 671 2714 numero
684 2651 830 2733 quinario
843 2650 983 2733 quinque
994 2650 1164 2715 verborum
1177 2652 1267 2734 ponit
1277 2653 1483 2736 mysterium:
1499 2655 1576 2718 toti·

98 2745 185 2809 dem
197 2739 283 2805 enim
295 2739 471 2803 incarnatio
482 2743 701 2803 consummata
712 2737 791 2802 fuit:
804 2742 859 2826 fiat
870 2739 950 2802 rnihi
961 2740 1133 2804 secandam
1145 2741 1274 2806 verbani
1286 2752 1387 2806 11111111.
1401 2740 1575 2807 Publicano

96 2829 247 2898 totidem
258 2827 344 2892 lacta
355 2828 520 2911 culparum
532 2828 694 2892 remissio:
707 2829 793 2893 Deris
803 2828 960 2912 propitias
972 2840 1034 2894 esto
1045 2829 1126 2892 anibi
1136 2830 1294 2912 peccatori.
1305 2828 1435 2893 Latroni
1443 2831 1576 2895 totidem

96 2918 192 2987 coeli
204 2916 388 3002 promissio:
401 2917 492 2981 bodie
503 2937 624 2981 11100011.
635 2917 698 2981 cris
710 2917 745 2981 in
754 2917 915 3000 paradiso.
929 2915 1062 2981 Interim
1073 2939 1138 2982 non
1151 2917 1337 3000 explicatur,
1351 2940 1392 2981 an
1405 2917 1574 2984 verborum

1 3014 2 3025 ¹
97 3028 266 3074 numerus
293 3005 512 3090 supputandus
535 3005 587 3085 sit,
611 3005 645 3069 in
668 3006 780 3090 lingua
802 3005 844 3070 N.
857 3005 895 3071 Τ.
908 3009 1032 3090 graeci,
1046 3027 1087 3068 an
1099 3005 1133 3068 in
1144 3004 1269 3086 Latina,
1284 3028 1324 3069 an
1340 3007 1446 3089 potius
1459 3007 1492 3070 in
1510 3006 1575 3091 Sy·

97 3101 198 3163 rinch
217 3117 275 3159 seu
301 3091 572 3178 Syro-chaldaica,
596 3099 660 3177 quai
682 3096 801 3178 quippe
823 3095 991 3158 vernaculis
1010 3098 1086 3158 tunc
1104 3095 1277 3159 utebantur
1296 3093 1453 3176 Christus,
1473 3094 1577 3162 Maria

100 3185 318 3261 Publicanos,
342 3181 448 3246 Latro.
476 3180 586 3246 Manet
611 3183 708 3247 etiam
723 3183 948 3262 controversia,
963 3181 1014 3247 An
1031 3181 1220 3262 benedictio,
1233 3183 1284 3246 cai
1297 3182 1397 3266 aliqui
1409 3185 1575 3249 transsub-

98 3272 353 3341 stantiationem
366 3271 523 3350 tribuunt,
536 3269 622 3336 facta
634 3271 708 3335 sit-a
720 3271 857 3352 Christe,
870 3294 942 3336 cum
955 3271 1048 3356 signo
1060 3272 1170 3351 crucis,
1183 3294 1280 3336 11111011
1288 3270 1436 3339 formato,
1448 3267 1576 3339 (1011011-

100 3379 160 3433 tas
193 3362 282 3426 Part.
303 3361 334 3424 2.
347 3360 391 3424 tit.
405 3359 435 3424 8.
447 3380 520 3444 pap.
539 3359 612 3423 149.
630 3360 715 3437 dicit,
729 3383 762 3424 se
774 3360 837 3424 hoc
846 3383 909 3424 non
921 3361 1055 3444 opinari,
1072 3363 1095 3426 3
1107 3361 1185 3425 citat
1197 3361 1270 3426 ibid.
1284 3361 1345 3426 sibi
1362 3361 1507 3442 ὁμόψηφον
1520 3364 1577 3430 Νι·-

99 3456 239 3521 colaum
264 3451 362 3516 Ptoac
376 3449 412 3513 in
422 3449 625 3532 depositione
641 3451 762 3514 Missae.
777 3447 946 3512 Rationem
958 3449 1087 3534 subjicit
1097 3450 1189 3514 valde
1200 3449 1393 3514 notabilem:
1407 3452 1482 3536 qaia
1494 3472 1576 3516 rion-

99 3545 190 3610 dam
210 3540 286 3604 data
298 3549 364 3603 crat
376 3538 460 3604 cruci
472 3537 642 3603 DEIFICA
662 3538 820 3604 VIRTUS.
837 3537 888 3601 En
901 3535 1120 3621 labyrinthum
1133 3537 1348 3622 Papistarurn.
1365 3535 1576 3624 1111113110·-

100 3641 245 3718 petuam
268 3625 483 3712 igriomntiam
507 3626 530 3690 3
552 3626 819 3706 incertitudinem,
833 3648 874 3689 an
898 3624 1049 3691 Sacerdos
1064 3627 1244 3691 missaticus
1257 3627 1355 3691 verba
1367 3627 1424 3690 illa
1436 3629 1577 3693 creantis

101 3715 340 3807 pronuntiabit,
364 3716 387 3780 3
405 3737 446 3778 an
457 3714 606 3779 habuerit
618 3715 828 3780 intentionem
845 3713 992 3794 faciendi,
1006 3716 1090 3798 quod
1106 3714 1183 3779 facit
1195 3715 1355 3790 Ecclesia:
1369 3713 1496 3781 Misenis
1510 3715 1574 3782 illis

99 3807 229 3876 merito
249 3803 403 3888 applicari
415 3807 522 3886 posset
536 3803 617 3868 illud
628 3803 650 3868 J
651 3804 703 3868 oh.
716 3805 747 3869 4.
769 3805 824 3869 Vos
835 3804 975 3869 atlantis
987 3804 1071 3889 qnod
1086 3804 1218 3870 nescitis.
1231 3803 1275 3868 tat
1290 3805 1394 3868 Aetam
1405 3803 1457 3868 17.
1470 3805 1508 3869 de
1521 3809 1577 3869 ara

100 3899 225 3984 ignoto
248 3891 316 3957 Deo
332 3891 485 3957 dedicata.
509 3891 603 3956 Nihil
614 3892 679 3956 illis
695 3895 805 3971 restat,
817 3914 915 3976 quam
926 3897 962 3957 ut
977 3914 1050 3957 cum
1067 3894 1159 3958 Corn.
1176 3893 1323 3957 Jonsenio
1335 3891 1501 3978 Theologo
1515 3893 1576 3958 Lo-

101 3982 259 4052 vaniensi
282 3981 503 4065 respondeant,
524 3981 608 4064 quod
620 3981 674 4046 ille
687 3981 853 4046 Theodoro
869 3980 992 4046 Simoni
1004 4003 1110 4045 coram
1122 3981 1214 4046 illum
1231 3982 1445 4060 convincente,
1458 3981 1496 4048 de
1508 3983 1576 4048 ido·

100 4073 244 4142 lolatriis
266 4069 409 4153 Papatus
424 4069 458 4134 in
474 4070 656 4135 adoratione
668 4069 791 4135 hostiae
805 4071 942 4155 (quotics
954 4069 1021 4134 scil.
1035 4069 1091 4136 illa
1103 4092 1166 4134 non
1179 4074 1228 4135 cst
1238 4069 1575 4155 transsubstantiata):

100 4163 188 4232 Non
209 4159 348 4244 obligari
360 4158 465 4242 ipsum
478 4159 518 4224 ad
534 4158 750 4224 adorationem
762 4159 897 4240 hostiae,
910 4159 1029 4243 quippe
1040 4159 1129 4243 cujus
1146 4159 1307 4224 conversio
1320 4159 1381 4223 fide
1393 4181 1455 4224 non
1468 4164 1578 4225 tenea·

100 4261 176 4320 tur.
190 4247 338 4316 Videnda
349 4247 388 4311 de
400 4245 461 4313 hac
471 4247 642 4324 collatione
654 4271 726 4313 cum
737 4247 759 4312 J
760 4249 901 4327 ansenio,
913 4249 1052 4332 Epistola
1064 4248 1256 4333 Apolapctica
1272 4247 1424 4316 Theodori
1438 4248 1577 4315 Simonis

100 4343 153 4410 aa
177 4338 246 4404 Lib.
268 4337 468 4422 bbopmandi
488 4337 589 4402 Theai.
606 4338 810 4402 Looarticnsis
825 4359 922 4422 quam
935 4337 1000 4402 Lib.
1016 4337 1129 4403 Sancte
1142 4337 1233 4403 Statn
1245 4335 1276 4402 a·
1287 4338 1434 4424 rciipicne
1442 4339 1578 4424 propria

102 4433 262 4516 Papatas
274 4449 303 4492 a.
318 4425 412 4490 1638.
425 4425 601 4510 praemisit.

830 4515 871 4578 14
1544 4516 1576 4583 2.
