<?xml version="1.0" encoding="UTF-8"?>
<!DOCTYPE html PUBLIC "-//W3C//DTD XHTML 1.0 Transitional//EN"
    "http://www.w3.org/TR/xhtml1/DTD/xhtml1-transitional.dtd">
<html xmlns="http://www.w3.org/1999/xhtml" xml:lang="en" lang="en">
 <head>
  <title>
</title>
<meta http-equiv="Content-Type" content="text/html;charset=utf-8" />
  <meta name='ocr-system' content='tesseract 3.04.00' />
  <meta name='ocr-capabilities' content='ocr_page ocr_carea ocr_par ocr_line ocrx_word'/>
</head>
<body>
  <div class='ocr_page' id='page_1' title='image "./gisbertivoetiit00rutggoog_0199.png"; bbox 0 0 3712 4850; ppageno 0'>
   <div class='ocr_carea' id='block_1_1' title="bbox 301 223 1577 358">
    <p class='ocr_par' dir='ltr' id='par_1_1' title="bbox 301 223 1577 358">
     <span class='ocr_line' id='line_1_1' title="bbox 301 223 1577 358; baseline -0.004 -15"><span class='ocrx_word' id='word_1_1' title='bbox 301 277 414 345; x_wconf 74' lang='grc' dir='ltr'>Τιιισι.</span> <span class='ocrx_word' id='word_1_2' title='bbox 437 277 480 344; x_wconf 92' lang='lat' dir='ltr'>ll.</span> <span class='ocrx_word' id='word_1_3' title='bbox 503 276 552 344; x_wconf 86' lang='lat' dir='ltr'>De</span> <span class='ocrx_word' id='word_1_4' title='bbox 575 277 713 358; x_wconf 78' lang='lat' dir='ltr'>Porsen,</span> <span class='ocrx_word' id='word_1_5' title='bbox 737 274 810 340; x_wconf 83' lang='lat' dir='ltr'>Pon.</span> <span class='ocrx_word' id='word_1_6' title='bbox 834 297 870 340; x_wconf 84' lang='lat' dir='ltr'>ar</span> <span class='ocrx_word' id='word_1_7' title='bbox 894 223 1005 340; x_wconf 73' lang='lat' dir='ltr'>Castu.</span> <span class='ocrx_word' id='word_1_8' title='bbox 1029 273 1155 340; x_wconf 77' lang='lat' dir='ltr'>Euenus.</span> <span class='ocrx_word' id='word_1_9' title='bbox 1181 273 1253 341; x_wconf 79' lang='lat' dir='ltr'>Ore.</span> <span class='ocrx_word' id='word_1_10' title='bbox 1278 272 1337 340; x_wconf 84' lang='lat' dir='ltr'>IV.</span> <span class='ocrx_word' id='word_1_11' title='bbox 1488 274 1549 339; x_wconf 82' lang='lat'>171</span> <span class='ocrx_word' id='word_1_12' title='bbox 1570 237 1577 250; x_wconf 95' lang='lat'>.</span> 
     </span>
    </p>
   </div>
   <div class='ocr_carea' id='block_1_2' title="bbox 7 417 1549 550">
    <p class='ocr_par' dir='ltr' id='par_1_2' title="bbox 7 417 1549 550">
     <span class='ocr_line' id='line_1_2' title="bbox 7 417 1549 550; baseline -0.003 -19"><span class='ocrx_word' id='word_1_13' title='bbox 7 427 9 536; x_wconf 67' lang='lat' dir='ltr'>l</span> <span class='ocrx_word' id='word_1_14' title='bbox 99 463 238 530; x_wconf 75' lang='lat' dir='ltr'>saedere.</span> <span class='ocrx_word' id='word_1_15' title='bbox 264 465 295 530; x_wconf 89' lang='lat'>8.</span> <span class='ocrx_word' id='word_1_16' title='bbox 323 467 407 550; x_wconf 75' lang='lat' dir='ltr'>Qut-iu</span> <span class='ocrx_word' id='word_1_17' title='bbox 432 464 592 532; x_wconf 90' lang='lat' dir='ltr'>communi</span> <span class='ocrx_word' id='word_1_18' title='bbox 613 486 766 531; x_wconf 89' lang='lat' dir='ltr'>consensu</span> <span class='ocrx_word' id='word_1_19' title='bbox 792 465 815 530; x_wconf 84' lang='lat' dir='ltr'>tr</span> <span class='ocrx_word' id='word_1_20' title='bbox 838 460 930 549; x_wconf 85' lang='lat' dir='ltr'>praxi</span> <span class='ocrx_word' id='word_1_21' title='bbox 949 463 1165 531; x_wconf 77' lang='lat' dir='ltr'>Ecclesiamm</span> <span class='ocrx_word' id='word_1_22' title='bbox 1177 445 1210 527; x_wconf 82' lang='lat' dir='ltr'>iri</span> <span class='ocrx_word' id='word_1_23' title='bbox 1223 417 1347 548; x_wconf 72' lang='lat' dir='ltr'>Iielgio,</span> <span class='ocrx_word' id='word_1_24' title='bbox 1362 462 1452 550; x_wconf 81' lang='lat' dir='ltr'>[pag.</span> <span class='ocrx_word' id='word_1_25' title='bbox 1467 462 1549 548; x_wconf 85' lang='lat'>203]</span> 
     </span>
    </p>
   </div>
   <div class='ocr_carea' id='block_1_3' title="bbox 7 552 1554 814">
    <p class='ocr_par' dir='ltr' id='par_1_3' title="bbox 7 552 1554 814">
     <span class='ocr_line' id='line_1_3' title="bbox 7 552 1553 644; baseline -0.003 -24"><span class='ocrx_word' id='word_1_26' title='bbox 7 585 8 644; x_wconf 83' lang='lat' dir='ltr'>j</span> <span class='ocrx_word' id='word_1_27' title='bbox 99 577 147 620; x_wconf 87' lang='lat' dir='ltr'>uec</span> <span class='ocrx_word' id='word_1_28' title='bbox 167 553 197 617; x_wconf 89' lang='lat' dir='ltr'>in</span> <span class='ocrx_word' id='word_1_29' title='bbox 219 553 286 618; x_wconf 76' lang='lat' dir='ltr'>ulla</span> <span class='ocrx_word' id='word_1_30' title='bbox 315 555 494 635; x_wconf 76' lang='lat' dir='ltr'>Provinciis,</span> <span class='ocrx_word' id='word_1_31' title='bbox 521 577 579 620; x_wconf 89' lang='lat' dir='ltr'>nec</span> <span class='ocrx_word' id='word_1_32' title='bbox 606 555 637 618; x_wconf 92' lang='lat' dir='ltr'>in</span> <span class='ocrx_word' id='word_1_33' title='bbox 663 555 729 618; x_wconf 88' lang='lat' dir='ltr'>ulla</span> <span class='ocrx_word' id='word_1_34' title='bbox 742 553 848 618; x_wconf 81' lang='lat' dir='ltr'><strong>Classe</strong></span> <span class='ocrx_word' id='word_1_35' title='bbox 861 554 926 618; x_wconf 92' lang='lat' dir='ltr'>tale</span> <span class='ocrx_word' id='word_1_36' title='bbox 937 553 1014 636; x_wconf 89' lang='lat' dir='ltr'>quid</span> <span class='ocrx_word' id='word_1_37' title='bbox 1024 556 1187 636; x_wconf 86' lang='lat' dir='ltr'>receptum</span> <span class='ocrx_word' id='word_1_38' title='bbox 1203 556 1268 628; x_wconf 84' lang='lat' dir='ltr'>est;</span> <span class='ocrx_word' id='word_1_39' title='bbox 1282 553 1322 616; x_wconf 91' lang='lat' dir='ltr'>ab</span> <span class='ocrx_word' id='word_1_40' title='bbox 1338 552 1378 616; x_wconf 91' lang='lat' dir='ltr'>iis</span> <span class='ocrx_word' id='word_1_41' title='bbox 1394 556 1502 616; x_wconf 87' lang='lat' dir='ltr'>autem</span> <span class='ocrx_word' id='word_1_42' title='bbox 1516 555 1553 615; x_wconf 91' lang='lat' dir='ltr'>ut</span> 
     </span>
     <span class='ocr_line' id='line_1_4' title="bbox 7 641 1552 728; baseline -0.002 -20"><span class='ocrx_word' id='word_1_43' title='bbox 7 671 8 676; x_wconf 47' lang='lat'>¹</span> <span class='ocrx_word' id='word_1_44' title='bbox 100 667 154 708; x_wconf 89' lang='lat' dir='ltr'>nna</span> <span class='ocrx_word' id='word_1_45' title='bbox 175 641 317 708; x_wconf 76' lang='lat' dir='ltr'><strong>Ecclesia</strong></span> <span class='ocrx_word' id='word_1_46' title='bbox 336 644 537 728; x_wconf 85' lang='lat' dir='ltr'>particularis</span> <span class='ocrx_word' id='word_1_47' title='bbox 552 644 590 708; x_wconf 92' lang='lat' dir='ltr'>de</span> <span class='ocrx_word' id='word_1_48' title='bbox 602 666 682 708; x_wconf 91' lang='lat' dir='ltr'>novo</span> <span class='ocrx_word' id='word_1_49' title='bbox 699 646 873 727; x_wconf 70' lang='lat' dir='ltr'>separetur,</span> <span class='ocrx_word' id='word_1_50' title='bbox 883 641 1018 712; x_wconf 85' lang='lat' dir='ltr'>minime</span> <span class='ocrx_word' id='word_1_51' title='bbox 1032 642 1211 706; x_wconf 91' lang='lat' dir='ltr'>consultum</span> <span class='ocrx_word' id='word_1_52' title='bbox 1226 641 1368 716; x_wconf 63' lang='lat' dir='ltr'>videtum</span> <span class='ocrx_word' id='word_1_53' title='bbox 1382 662 1464 726; x_wconf 89' lang='lat' dir='ltr'>quae</span> <span class='ocrx_word' id='word_1_54' title='bbox 1476 641 1552 705; x_wconf 91' lang='lat' dir='ltr'>hac·</span> 
     </span>
     <span class='ocr_line' id='line_1_5' title="bbox 7 727 1554 814; baseline -0.002 -18"><span class='ocrx_word' id='word_1_55' title='bbox 7 755 9 780; x_wconf 64' lang='grc' dir='ltr'>ι</span> <span class='ocrx_word' id='word_1_56' title='bbox 98 737 178 798; x_wconf 85' lang='lat' dir='ltr'>tenus</span> <span class='ocrx_word' id='word_1_57' title='bbox 203 731 349 797; x_wconf 71' lang='lat' dir='ltr'>doctrina</span> <span class='ocrx_word' id='word_1_58' title='bbox 368 732 511 798; x_wconf 75' lang='lat' dir='ltr'>hordine</span> <span class='ocrx_word' id='word_1_59' title='bbox 524 732 741 810; x_wconf 87' lang='lat' dir='ltr'>Fraternitati,</span> <span class='ocrx_word' id='word_1_60' title='bbox 754 727 979 796; x_wconf 87' lang='lat' dir='ltr'>consociationi</span> <span class='ocrx_word' id='word_1_61' title='bbox 996 753 1031 796; x_wconf 86' lang='lat' dir='ltr'>ae</span> <span class='ocrx_word' id='word_1_62' title='bbox 1044 729 1338 814; x_wconf 88' lang='lat' dir='ltr'>correspondentiae</span> <span class='ocrx_word' id='word_1_63' title='bbox 1350 728 1554 794; x_wconf 80' lang='lat' dir='ltr'>Ecclesiasti-</span> 
     </span>
    </p>
   </div>
   <div class='ocr_carea' id='block_1_4' title="bbox 98 818 1554 995">
    <p class='ocr_par' dir='ltr' id='par_1_4' title="bbox 98 818 1554 995">
     <span class='ocr_line' id='line_1_6' title="bbox 98 818 1554 906; baseline -0.003 -20"><span class='ocrx_word' id='word_1_64' title='bbox 98 821 186 886; x_wconf 86' lang='lat' dir='ltr'>caein</span> <span class='ocrx_word' id='word_1_65' title='bbox 202 820 367 886; x_wconf 88' lang='lat' dir='ltr'>Classibus</span> <span class='ocrx_word' id='word_1_66' title='bbox 380 823 404 886; x_wconf 76' lang='lat' dir='ltr'>de</span> <span class='ocrx_word' id='word_1_67' title='bbox 419 820 554 906; x_wconf 80' lang='lat' dir='ltr'>Syhodis</span> <span class='ocrx_word' id='word_1_68' title='bbox 566 821 748 886; x_wconf 78' lang='lat' dir='ltr'>fidelissime</span> <span class='ocrx_word' id='word_1_69' title='bbox 763 820 917 885; x_wconf 77' lang='lat' dir='ltr'>adhaesit.</span> <span class='ocrx_word' id='word_1_70' title='bbox 931 820 963 882; x_wconf 86' lang='lat'>9.</span> <span class='ocrx_word' id='word_1_71' title='bbox 978 820 1060 903; x_wconf 83' lang='lat' dir='ltr'>Quia</span> <span class='ocrx_word' id='word_1_72' title='bbox 1072 818 1240 884; x_wconf 77' lang='lat' dir='ltr'>manifeste</span> <span class='ocrx_word' id='word_1_73' title='bbox 1257 821 1416 903; x_wconf 73' lang='lat' dir='ltr'>repugnat</span> <span class='ocrx_word' id='word_1_74' title='bbox 1428 820 1554 884; x_wconf 84' lang='lat' dir='ltr'>Decreta</span> 
     </span>
     <span class='ocr_line' id='line_1_7' title="bbox 99 905 1553 995; baseline -0.003 -20"><span class='ocrx_word' id='word_1_75' title='bbox 99 911 139 976; x_wconf 88' lang='lat' dir='ltr'>ltl.</span> <span class='ocrx_word' id='word_1_76' title='bbox 148 910 216 974; x_wconf 81' lang='lat' dir='ltr'>llll.</span> <span class='ocrx_word' id='word_1_77' title='bbox 228 911 306 975; x_wconf 78' lang='lat' dir='ltr'>eru.</span> <span class='ocrx_word' id='word_1_78' title='bbox 321 911 509 976; x_wconf 85' lang='lat' dir='ltr'>lloltuadioe</span> <span class='ocrx_word' id='word_1_79' title='bbox 522 910 573 974; x_wconf 87' lang='lat'>19.</span> <span class='ocrx_word' id='word_1_80' title='bbox 586 912 669 975; x_wconf 77' lang='lat' dir='ltr'>Iulio</span> <span class='ocrx_word' id='word_1_81' title='bbox 683 909 778 973; x_wconf 80' lang='lat'>1624.</span> <span class='ocrx_word' id='word_1_82' title='bbox 792 908 900 995; x_wconf 85' lang='lat' dir='ltr'>qniad</span> <span class='ocrx_word' id='word_1_83' title='bbox 911 909 1106 992; x_wconf 89' lang='lat' dir='ltr'>postulatam</span> <span class='ocrx_word' id='word_1_84' title='bbox 1118 907 1293 972; x_wconf 87' lang='lat' dir='ltr'>communis</span> <span class='ocrx_word' id='word_1_85' title='bbox 1309 905 1429 974; x_wconf 80' lang='lat' dir='ltr'>ordinis</span> <span class='ocrx_word' id='word_1_86' title='bbox 1441 905 1553 970; x_wconf 77' lang='lat' dir='ltr'>Eccle-</span> 
     </span>
    </p>
   </div>
   <div class='ocr_carea' id='block_1_5' title="bbox 7 995 1554 1082">
    <p class='ocr_par' dir='ltr' id='par_1_5' title="bbox 7 995 1554 1082">
     <span class='ocr_line' id='line_1_8' title="bbox 7 995 1554 1082; baseline -0.002 -21"><span class='ocrx_word' id='word_1_87' title='bbox 7 1005 9 1068; x_wconf 73' lang='grc' dir='ltr'><strong>ξ</strong></span> <span class='ocrx_word' id='word_1_88' title='bbox 99 998 204 1062; x_wconf 84' lang='lat' dir='ltr'>siastiei</span> <span class='ocrx_word' id='word_1_89' title='bbox 227 999 395 1082; x_wconf 73' lang='lat' dir='ltr'>politicam</span> <span class='ocrx_word' id='word_1_90' title='bbox 409 999 679 1064; x_wconf 88' lang='lat' dir='ltr'>confirmationem</span> <span class='ocrx_word' id='word_1_91' title='bbox 693 998 901 1081; x_wconf 88' lang='lat' dir='ltr'>respondent:</span> <span class='ocrx_word' id='word_1_92' title='bbox 914 995 960 1062; x_wconf 88' lang='lat' dir='ltr'>Ut</span> <span class='ocrx_word' id='word_1_93' title='bbox 976 996 1139 1082; x_wconf 90' lang='lat' dir='ltr'>quaelibet</span> <span class='ocrx_word' id='word_1_94' title='bbox 1150 995 1294 1061; x_wconf 83' lang='lat' dir='ltr'>Ecclesia</span> <span class='ocrx_word' id='word_1_95' title='bbox 1305 995 1486 1060; x_wconf 88' lang='lat' dir='ltr'>inhaereret</span> <span class='ocrx_word' id='word_1_96' title='bbox 1502 1017 1554 1059; x_wconf 92' lang='lat' dir='ltr'>or·</span> 
     </span>
    </p>
   </div>
   <div class='ocr_carea' id='block_1_6' title="bbox 7 1079 1554 1276">
    <p class='ocr_par' dir='ltr' id='par_1_6' title="bbox 7 1079 1554 1276">
     <span class='ocr_line' id='line_1_9' title="bbox 7 1079 1553 1174; baseline -0.001 -25"><span class='ocrx_word' id='word_1_97' title='bbox 7 1079 11 1174; x_wconf 55' lang='lat' dir='ltr'>f,</span> <span class='ocrx_word' id='word_1_98' title='bbox 98 1086 154 1150; x_wconf 92' lang='lat' dir='ltr'>dini</span> <span class='ocrx_word' id='word_1_99' title='bbox 179 1092 306 1171; x_wconf 87' lang='lat' dir='ltr'>recepto</span> <span class='ocrx_word' id='word_1_100' title='bbox 322 1088 510 1154; x_wconf 77' lang='lat' dir='ltr'>&amp;hactenus</span> <span class='ocrx_word' id='word_1_101' title='bbox 523 1088 555 1152; x_wconf 90' lang='lat' dir='ltr'>in</span> <span class='ocrx_word' id='word_1_102' title='bbox 568 1087 705 1173; x_wconf 87' lang='lat' dir='ltr'>singulis</span> <span class='ocrx_word' id='word_1_103' title='bbox 718 1086 871 1152; x_wconf 87' lang='lat' dir='ltr'>classibus</span> <span class='ocrx_word' id='word_1_104' title='bbox 885 1085 1013 1163; x_wconf 92' lang='lat' dir='ltr'>usitat0,</span> <span class='ocrx_word' id='word_1_105' title='bbox 1027 1087 1124 1150; x_wconf 85' lang='lat' dir='ltr'>donec</span> <span class='ocrx_word' id='word_1_106' title='bbox 1136 1085 1311 1149; x_wconf 90' lang='lat' dir='ltr'>communis</span> <span class='ocrx_word' id='word_1_107' title='bbox 1324 1085 1400 1162; x_wconf 82' lang='lat' dir='ltr'>qrdo</span> <span class='ocrx_word' id='word_1_108' title='bbox 1413 1083 1553 1148; x_wconf 83' lang='lat' dir='ltr'>Ecclesi-</span> 
     </span>
     <span class='ocr_line' id='line_1_10' title="bbox 7 1171 1554 1276; baseline -0.002 -37"><span class='ocrx_word' id='word_1_109' title='bbox 7 1249 11 1276; x_wconf 28' lang='grc' dir='ltr'><strong><em>Β</em></strong></span> <span class='ocrx_word' id='word_1_110' title='bbox 98 1177 202 1240; x_wconf 75' lang='lat' dir='ltr'>articus</span> <span class='ocrx_word' id='word_1_111' title='bbox 218 1176 352 1260; x_wconf 76' lang='lat' dir='ltr'>politica</span> <span class='ocrx_word' id='word_1_112' title='bbox 368 1177 540 1242; x_wconf 74' lang='lat' dir='ltr'>autoritate</span> <span class='ocrx_word' id='word_1_113' title='bbox 553 1177 803 1240; x_wconf 87' lang='lat' dir='ltr'>confirmaretur.</span> <span class='ocrx_word' id='word_1_114' title='bbox 816 1173 905 1250; x_wconf 82' lang='lat' dir='ltr'>Quod</span> <span class='ocrx_word' id='word_1_115' title='bbox 917 1173 1088 1239; x_wconf 83' lang='lat' dir='ltr'>Decretum</span> <span class='ocrx_word' id='word_1_116' title='bbox 1101 1174 1290 1238; x_wconf 87' lang='lat' dir='ltr'>confirmant</span> <span class='ocrx_word' id='word_1_117' title='bbox 1305 1171 1455 1258; x_wconf 88' lang='lat' dir='ltr'>Delegati</span> <span class='ocrx_word' id='word_1_118' title='bbox 1471 1171 1554 1237; x_wconf 78' lang='lat' dir='ltr'>Onn-</span> 
     </span>
    </p>
   </div>
   <div class='ocr_carea' id='block_1_7' title="bbox 7 1261 1553 1349">
    <p class='ocr_par' dir='ltr' id='par_1_7' title="bbox 7 1261 1553 1349">
     <span class='ocr_line' id='line_1_11' title="bbox 7 1261 1553 1349; baseline 0 -23"><span class='ocrx_word' id='word_1_119' title='bbox 7 1277 10 1334; x_wconf 76' lang='lat' dir='ltr'>t</span> <span class='ocrx_word' id='word_1_120' title='bbox 98 1264 154 1327; x_wconf 83' lang='lat' dir='ltr'>eilii</span> <span class='ocrx_word' id='word_1_121' title='bbox 169 1262 326 1330; x_wconf 88' lang='lat' dir='ltr'>Ordinum</span> <span class='ocrx_word' id='word_1_122' title='bbox 344 1265 395 1329; x_wconf 85' lang='grc'>19.</span> <span class='ocrx_word' id='word_1_123' title='bbox 411 1265 688 1331; x_wconf 77' lang='lat' dir='ltr'>Decembr.162d.</span> <span class='ocrx_word' id='word_1_124' title='bbox 706 1263 785 1329; x_wconf 80' lang='lat' dir='ltr'>Oum</span> <span class='ocrx_word' id='word_1_125' title='bbox 799 1286 862 1349; x_wconf 91' lang='lat' dir='ltr'>quo</span> <span class='ocrx_word' id='word_1_126' title='bbox 874 1263 1066 1328; x_wconf 84' lang='lat' dir='ltr'>conveniunt</span> <span class='ocrx_word' id='word_1_127' title='bbox 1077 1263 1199 1330; x_wconf 81' lang='lat' dir='ltr'>Statutu</span> <span class='ocrx_word' id='word_1_128' title='bbox 1211 1261 1406 1349; x_wconf 77' lang='lat' dir='ltr'>synodorum</span> <span class='ocrx_word' id='word_1_129' title='bbox 1421 1261 1553 1327; x_wconf 79' lang='lat' dir='ltr'>Hellen-</span> 
     </span>
    </p>
   </div>
   <div class='ocr_carea' id='block_1_8' title="bbox 7 1347 1552 1438">
    <p class='ocr_par' dir='ltr' id='par_1_8' title="bbox 7 1347 1552 1438">
     <span class='ocr_line' id='line_1_12' title="bbox 7 1347 1552 1438; baseline -0.002 -22"><span class='ocrx_word' id='word_1_130' title='bbox 7 1347 9 1350; x_wconf 62' lang='grc'><strong>’</strong></span> <span class='ocrx_word' id='word_1_131' title='bbox 98 1353 239 1432; x_wconf 83' lang='lat' dir='ltr'>dirorum,</span> <span class='ocrx_word' id='word_1_132' title='bbox 268 1355 494 1438; x_wconf 88' lang='lat' dir='ltr'>praesentibus</span> <span class='ocrx_word' id='word_1_133' title='bbox 517 1355 540 1420; x_wconf 80' lang='lat' dir='ltr'>dv</span> <span class='ocrx_word' id='word_1_134' title='bbox 564 1353 815 1438; x_wconf 82' lang='lat' dir='ltr'>approbantibus</span> <span class='ocrx_word' id='word_1_135' title='bbox 839 1350 912 1417; x_wconf 92' lang='lat' dir='ltr'>DD.</span> <span class='ocrx_word' id='word_1_136' title='bbox 929 1351 1093 1437; x_wconf 89' lang='lat' dir='ltr'>Delegatis</span> <span class='ocrx_word' id='word_1_137' title='bbox 1109 1350 1203 1416; x_wconf 91' lang='lat' dir='ltr'>Ordd.</span> <span class='ocrx_word' id='word_1_138' title='bbox 1218 1355 1255 1415; x_wconf 94' lang='lat' dir='ltr'>ut</span> <span class='ocrx_word' id='word_1_139' title='bbox 1272 1351 1444 1416; x_wconf 76' lang='lat' dir='ltr'>Gouuluuue</span> <span class='ocrx_word' id='word_1_140' title='bbox 1458 1349 1552 1413; x_wconf 87' lang='lat'>1620.</span> 
     </span>
    </p>
   </div>
   <div class='ocr_carea' id='block_1_9' title="bbox 7 1439 1554 1508">
    <p class='ocr_par' dir='ltr' id='par_1_9' title="bbox 7 1439 1554 1508">
     <span class='ocr_line' id='line_1_13' title="bbox 7 1439 1554 1508; baseline 0 -4"><span class='ocrx_word' id='word_1_141' title='bbox 7 1457 29 1478; x_wconf 80' lang='grc'>’·</span> <span class='ocrx_word' id='word_1_142' title='bbox 98 1455 149 1504; x_wconf 82' lang='lat' dir='ltr'>ort.</span> <span class='ocrx_word' id='word_1_143' title='bbox 161 1443 212 1506; x_wconf 80' lang='lat'>91.</span> <span class='ocrx_word' id='word_1_144' title='bbox 226 1444 491 1508; x_wconf 79' lang='lat' dir='ltr'>Goriucheueuais</span> <span class='ocrx_word' id='word_1_145' title='bbox 505 1443 599 1506; x_wconf 86' lang='grc'><strong>1622.</strong></span> <span class='ocrx_word' id='word_1_146' title='bbox 612 1455 672 1508; x_wconf 82' lang='lat' dir='ltr'>art.</span> <span class='ocrx_word' id='word_1_147' title='bbox 687 1442 717 1506; x_wconf 90' lang='lat'>6.</span> <span class='ocrx_word' id='word_1_148' title='bbox 733 1442 899 1507; x_wconf 84' lang='lat' dir='ltr'>Brietuuue</span> <span class='ocrx_word' id='word_1_149' title='bbox 913 1441 1008 1506; x_wconf 83' lang='lat'>1623.</span> <span class='ocrx_word' id='word_1_150' title='bbox 1025 1453 1084 1506; x_wconf 75' lang='lat' dir='ltr'>aru.</span> <span class='ocrx_word' id='word_1_151' title='bbox 1098 1440 1128 1505; x_wconf 79' lang='lat'>4.</span> <span class='ocrx_word' id='word_1_152' title='bbox 1145 1440 1367 1506; x_wconf 83' lang='lat' dir='ltr'>Dordruceuue</span> <span class='ocrx_word' id='word_1_153' title='bbox 1384 1439 1479 1503; x_wconf 83' lang='lat'>1627.</span> <span class='ocrx_word' id='word_1_154' title='bbox 1493 1451 1554 1504; x_wconf 83' lang='lat' dir='ltr'>ert.</span> 
     </span>
    </p>
   </div>
   <div class='ocr_carea' id='block_1_10' title="bbox 99 1527 1555 1617">
    <p class='ocr_par' dir='ltr' id='par_1_10' title="bbox 99 1527 1555 1617">
     <span class='ocr_line' id='line_1_14' title="bbox 99 1527 1555 1617; baseline -0.001 -25"><span class='ocrx_word' id='word_1_155' title='bbox 99 1529 125 1592; x_wconf 83' lang='lat'>5.</span> <span class='ocrx_word' id='word_1_156' title='bbox 146 1531 273 1596; x_wconf 78' lang='lat' dir='ltr'>Accedit</span> <span class='ocrx_word' id='word_1_157' title='bbox 297 1532 475 1597; x_wconf 85' lang='lat' dir='ltr'>communis</span> <span class='ocrx_word' id='word_1_158' title='bbox 501 1531 619 1616; x_wconf 80' lang='lat' dir='ltr'>praxis,</span> <span class='ocrx_word' id='word_1_159' title='bbox 643 1530 763 1617; x_wconf 86' lang='lat' dir='ltr'>absque</span> <span class='ocrx_word' id='word_1_160' title='bbox 779 1530 846 1595; x_wconf 74' lang='lat' dir='ltr'>ulla</span> <span class='ocrx_word' id='word_1_161' title='bbox 862 1530 1063 1594; x_wconf 83' lang='lat' dir='ltr'>innovatione</span> <span class='ocrx_word' id='word_1_162' title='bbox 1076 1529 1195 1614; x_wconf 90' lang='lat' dir='ltr'>ubique</span> <span class='ocrx_word' id='word_1_163' title='bbox 1212 1527 1358 1613; x_wconf 90' lang='lat' dir='ltr'>usquein</span> <span class='ocrx_word' id='word_1_164' title='bbox 1373 1527 1555 1592; x_wconf 89' lang='lat' dir='ltr'>huncdiem</span> 
     </span>
    </p>
   </div>
   <div class='ocr_carea' id='block_1_11' title="bbox 7 1616 1555 1704">
    <p class='ocr_par' dir='ltr' id='par_1_11' title="bbox 7 1616 1555 1704">
     <span class='ocr_line' id='line_1_15' title="bbox 7 1616 1555 1704; baseline -0.004 -18"><span class='ocrx_word' id='word_1_165' title='bbox 7 1641 9 1686; x_wconf 81' lang='grc' dir='ltr'>ι</span> <span class='ocrx_word' id='word_1_166' title='bbox 99 1621 281 1684; x_wconf 69' lang='lat' dir='ltr'>condonata.</span> <span class='ocrx_word' id='word_1_167' title='bbox 295 1660 339 1668; x_wconf 93' lang='lat'><em>-</em></span> <span class='ocrx_word' id='word_1_168' title='bbox 361 1623 391 1686; x_wconf 78' lang='lat' dir='ltr'>V.</span> <span class='ocrx_word' id='word_1_169' title='bbox 406 1622 582 1686; x_wconf 79' lang='lat' dir='ltr'>Corvctueio:</span> <span class='ocrx_word' id='word_1_170' title='bbox 595 1619 791 1684; x_wconf 81' lang='lat' dir='ltr'>introductio</span> <span class='ocrx_word' id='word_1_171' title='bbox 804 1623 990 1704; x_wconf 88' lang='lat' dir='ltr'>praetensae</span> <span class='ocrx_word' id='word_1_172' title='bbox 1003 1617 1233 1702; x_wconf 85' lang='lat' dir='ltr'>praesidentiae</span> <span class='ocrx_word' id='word_1_173' title='bbox 1246 1639 1309 1681; x_wconf 91' lang='lat' dir='ltr'>uon</span> <span class='ocrx_word' id='word_1_174' title='bbox 1318 1616 1464 1681; x_wconf 88' lang='lat' dir='ltr'>convenit</span> <span class='ocrx_word' id='word_1_175' title='bbox 1473 1617 1555 1681; x_wconf 88' lang='lat' dir='ltr'>cari-</span> 
     </span>
    </p>
   </div>
   <div class='ocr_carea' id='block_1_12' title="bbox 7 1704 1555 2151">
    <p class='ocr_par' dir='ltr' id='par_1_12' title="bbox 7 1704 1555 2151">
     <span class='ocr_line' id='line_1_16' title="bbox 7 1704 1555 1793; baseline -0.003 -21"><span class='ocrx_word' id='word_1_176' title='bbox 7 1709 9 1734; x_wconf 59' lang='lat'>³</span> <span class='ocrx_word' id='word_1_177' title='bbox 99 1707 150 1772; x_wconf 90' lang='lat' dir='ltr'>tati</span> <span class='ocrx_word' id='word_1_178' title='bbox 171 1711 192 1775; x_wconf 78' lang='lat' dir='ltr'>h</span> <span class='ocrx_word' id='word_1_179' title='bbox 215 1711 406 1792; x_wconf 88' lang='lat' dir='ltr'>prudentiae</span> <span class='ocrx_word' id='word_1_180' title='bbox 430 1709 640 1787; x_wconf 81' lang='lat' dir='ltr'>Christianae,</span> <span class='ocrx_word' id='word_1_181' title='bbox 665 1711 687 1774; x_wconf 79' lang='lat' dir='ltr'>h</span> <span class='ocrx_word' id='word_1_182' title='bbox 704 1711 932 1793; x_wconf 86' lang='lat' dir='ltr'>consequenter</span> <span class='ocrx_word' id='word_1_183' title='bbox 946 1709 1130 1792; x_wconf 79' lang='lat' dir='ltr'>importuna</span> <span class='ocrx_word' id='word_1_184' title='bbox 1143 1710 1204 1770; x_wconf 90' lang='lat' dir='ltr'>est:</span> <span class='ocrx_word' id='word_1_185' title='bbox 1219 1704 1365 1791; x_wconf 89' lang='lat' dir='ltr'>quamvis</span> <span class='ocrx_word' id='word_1_186' title='bbox 1381 1705 1510 1770; x_wconf 90' lang='lat' dir='ltr'>daretur</span> <span class='ocrx_word' id='word_1_187' title='bbox 1521 1704 1555 1768; x_wconf 91' lang='lat' dir='ltr'>in</span> 
     </span>
     <span class='ocr_line' id='line_1_17' title="bbox 99 1794 1555 1884; baseline -0.001 -24"><span class='ocrx_word' id='word_1_188' title='bbox 99 1820 127 1860; x_wconf 82' lang='lat' dir='ltr'>se</span> <span class='ocrx_word' id='word_1_189' title='bbox 148 1819 212 1862; x_wconf 88' lang='lat' dir='ltr'>esse</span> <span class='ocrx_word' id='word_1_190' title='bbox 236 1799 425 1884; x_wconf 89' lang='lat' dir='ltr'>adiaphora.</span> <span class='ocrx_word' id='word_1_191' title='bbox 449 1797 511 1863; x_wconf 87' lang='lat' dir='ltr'>Hie</span> <span class='ocrx_word' id='word_1_192' title='bbox 535 1821 582 1862; x_wconf 87' lang='lat' dir='ltr'>ex.</span> <span class='ocrx_word' id='word_1_193' title='bbox 598 1799 614 1860; x_wconf 91' lang='lat'>1</span> <span class='ocrx_word' id='word_1_194' title='bbox 632 1798 770 1864; x_wconf 79' lang='lat' dir='ltr'>Coriruh.</span> <span class='ocrx_word' id='word_1_195' title='bbox 785 1797 815 1861; x_wconf 88' lang='lat'>8.</span> <span class='ocrx_word' id='word_1_196' title='bbox 829 1797 854 1860; x_wconf 78' lang='lat' dir='ltr'>tu</span> <span class='ocrx_word' id='word_1_197' title='bbox 867 1796 919 1861; x_wconf 88' lang='grc'>10.</span> <span class='ocrx_word' id='word_1_198' title='bbox 932 1819 969 1860; x_wconf 89' lang='lat' dir='ltr'>ac</span> <span class='ocrx_word' id='word_1_199' title='bbox 981 1797 1049 1861; x_wconf 88' lang='lat' dir='ltr'>loco</span> <span class='ocrx_word' id='word_1_200' title='bbox 1061 1794 1221 1860; x_wconf 89' lang='lat' dir='ltr'>communi</span> <span class='ocrx_word' id='word_1_201' title='bbox 1234 1795 1272 1859; x_wconf 94' lang='lat' dir='ltr'>de</span> <span class='ocrx_word' id='word_1_202' title='bbox 1288 1795 1445 1872; x_wconf 76' lang='lat' dir='ltr'>accurtato,</span> <span class='ocrx_word' id='word_1_203' title='bbox 1458 1794 1555 1858; x_wconf 90' lang='lat' dir='ltr'>velim</span> 
     </span>
     <span class='ocr_line' id='line_1_18' title="bbox 7 1883 1553 1974; baseline -0.001 -25"><span class='ocrx_word' id='word_1_204' title='bbox 7 1907 9 1974; x_wconf 64' lang='grc' dir='ltr'><em>ζ</em></span> <span class='ocrx_word' id='word_1_205' title='bbox 99 1885 216 1962; x_wconf 88' lang='lat' dir='ltr'>discant,</span> <span class='ocrx_word' id='word_1_206' title='bbox 241 1887 367 1974; x_wconf 92' lang='lat' dir='ltr'>aliquid</span> <span class='ocrx_word' id='word_1_207' title='bbox 389 1887 423 1958; x_wconf 91' lang='lat' dir='ltr'>in</span> <span class='ocrx_word' id='word_1_208' title='bbox 442 1909 475 1952; x_wconf 86' lang='lat' dir='ltr'>se</span> <span class='ocrx_word' id='word_1_209' title='bbox 495 1887 703 1971; x_wconf 89' lang='lat' dir='ltr'>adiaphorurn</span> <span class='ocrx_word' id='word_1_210' title='bbox 726 1887 749 1951; x_wconf 78' lang='lat' dir='ltr'>b</span> <span class='ocrx_word' id='word_1_211' title='bbox 770 1908 832 1950; x_wconf 93' lang='lat' dir='ltr'>non</span> <span class='ocrx_word' id='word_1_212' title='bbox 852 1885 1012 1964; x_wconf 90' lang='lat' dir='ltr'>illicitum,</span> <span class='ocrx_word' id='word_1_213' title='bbox 1029 1884 1176 1949; x_wconf 89' lang='lat' dir='ltr'>illicitum</span> <span class='ocrx_word' id='word_1_214' title='bbox 1188 1887 1296 1948; x_wconf 89' lang='lat' dir='ltr'>tamen</span> <span class='ocrx_word' id='word_1_215' title='bbox 1308 1883 1382 1948; x_wconf 84' lang='lat' dir='ltr'>fieri</span> <span class='ocrx_word' id='word_1_216' title='bbox 1395 1883 1553 1948; x_wconf 78' lang='lat' dir='ltr'>ratione&amp;</span> 
     </span>
     <span class='ocr_line' id='line_1_19' title="bbox 7 1971 1555 2059; baseline -0.001 -23"><span class='ocrx_word' id='word_1_217' title='bbox 7 1975 9 2056; x_wconf 76' lang='lat' dir='ltr'>l</span> <span class='ocrx_word' id='word_1_218' title='bbox 100 1974 213 2040; x_wconf 81' lang='lat' dir='ltr'>incesu</span> <span class='ocrx_word' id='word_1_219' title='bbox 236 1977 392 2043; x_wconf 84' lang='lat' dir='ltr'>scandali.</span> <span class='ocrx_word' id='word_1_220' title='bbox 417 1980 554 2040; x_wconf 88' lang='lat' dir='ltr'>Rursum</span> <span class='ocrx_word' id='word_1_221' title='bbox 581 1998 641 2040; x_wconf 90' lang='lat' dir='ltr'>usu</span> <span class='ocrx_word' id='word_1_222' title='bbox 668 1974 826 2039; x_wconf 85' lang='lat' dir='ltr'>libertatis</span> <span class='ocrx_word' id='word_1_223' title='bbox 849 1973 1050 2040; x_wconf 78' lang='lat' dir='ltr'>Christianae</span> <span class='ocrx_word' id='word_1_224' title='bbox 1071 1971 1238 2059; x_wconf 90' lang='lat' dir='ltr'>(sidicitur</span> <span class='ocrx_word' id='word_1_225' title='bbox 1260 1972 1393 2038; x_wconf 87' lang='lat' dir='ltr'>hicesse</span> <span class='ocrx_word' id='word_1_226' title='bbox 1409 1971 1555 2055; x_wconf 85' lang='lat' dir='ltr'>libertas)</span> 
     </span>
     <span class='ocr_line' id='line_1_20' title="bbox 7 2060 1555 2151; baseline -0.001 -26"><span class='ocrx_word' id='word_1_227' title='bbox 7 2085 9 2150; x_wconf 63' lang='grc' dir='ltr'>ι</span> <span class='ocrx_word' id='word_1_228' title='bbox 99 2063 302 2130; x_wconf 81' lang='lat' dir='ltr'>circumscribi</span> <span class='ocrx_word' id='word_1_229' title='bbox 327 2065 400 2151; x_wconf 87' lang='lat' dir='ltr'>lege</span> <span class='ocrx_word' id='word_1_230' title='bbox 423 2064 565 2129; x_wconf 85' lang='lat' dir='ltr'>caritatis</span> <span class='ocrx_word' id='word_1_231' title='bbox 577 2067 600 2131; x_wconf 83' lang='lat' dir='ltr'>tv</span> <span class='ocrx_word' id='word_1_232' title='bbox 613 2064 808 2148; x_wconf 89' lang='lat' dir='ltr'>prudentiae.</span> <span class='ocrx_word' id='word_1_233' title='bbox 822 2062 952 2128; x_wconf 82' lang='lat' dir='ltr'>Adhaec</span> <span class='ocrx_word' id='word_1_234' title='bbox 968 2062 1178 2147; x_wconf 87' lang='lat' dir='ltr'>adiaphorum</span> <span class='ocrx_word' id='word_1_235' title='bbox 1190 2061 1311 2148; x_wconf 91' lang='lat' dir='ltr'>aliquid</span> <span class='ocrx_word' id='word_1_236' title='bbox 1325 2084 1392 2125; x_wconf 91' lang='lat' dir='ltr'>esse</span> <span class='ocrx_word' id='word_1_237' title='bbox 1405 2061 1438 2124; x_wconf 93' lang='lat' dir='ltr'>in</span> <span class='ocrx_word' id='word_1_238' title='bbox 1451 2060 1555 2144; x_wconf 91' lang='lat' dir='ltr'>specie</span> 
     </span>
    </p>
   </div>
   <div class='ocr_carea' id='block_1_13' title="bbox 7 2149 1552 2326">
    <p class='ocr_par' dir='ltr' id='par_1_13' title="bbox 7 2149 1552 2326">
     <span class='ocr_line' id='line_1_21' title="bbox 7 2149 1552 2244; baseline -0.003 -28"><span class='ocrx_word' id='word_1_239' title='bbox 7 2185 9 2244; x_wconf 69' lang='grc' dir='ltr'>ι</span> <span class='ocrx_word' id='word_1_240' title='bbox 99 2173 146 2216; x_wconf 85' lang='lat' dir='ltr'>seu</span> <span class='ocrx_word' id='word_1_241' title='bbox 166 2153 332 2236; x_wconf 68' lang='lat' dir='ltr'>objectiva,</span> <span class='ocrx_word' id='word_1_242' title='bbox 349 2154 474 2220; x_wconf 91' lang='lat' dir='ltr'>nullum</span> <span class='ocrx_word' id='word_1_243' title='bbox 490 2153 643 2218; x_wconf 85' lang='lat' dir='ltr'>tamenin</span> <span class='ocrx_word' id='word_1_244' title='bbox 656 2153 828 2232; x_wconf 90' lang='lat' dir='ltr'>individuo,</span> <span class='ocrx_word' id='word_1_245' title='bbox 841 2175 898 2216; x_wconf 93' lang='lat' dir='ltr'>seu</span> <span class='ocrx_word' id='word_1_246' title='bbox 913 2150 1105 2236; x_wconf 75' lang='lat' dir='ltr'>subjective:</span> <span class='ocrx_word' id='word_1_247' title='bbox 1118 2150 1179 2215; x_wconf 91' lang='lat' dir='ltr'>hoc</span> <span class='ocrx_word' id='word_1_248' title='bbox 1196 2155 1253 2230; x_wconf 89' lang='lat' dir='ltr'>est,</span> <span class='ocrx_word' id='word_1_249' title='bbox 1270 2150 1392 2220; x_wconf 81' lang='lat' dir='ltr'>nullam</span> <span class='ocrx_word' id='word_1_250' title='bbox 1409 2149 1552 2234; x_wconf 90' lang='lat' dir='ltr'>singula-</span> 
     </span>
     <span class='ocr_line' id='line_1_22' title="bbox 7 2239 1552 2326; baseline -0.003 -21"><span class='ocrx_word' id='word_1_251' title='bbox 7 2250 9 2282; x_wconf 69' lang='lat'><em>*</em></span> <span class='ocrx_word' id='word_1_252' title='bbox 99 2261 156 2304; x_wconf 89' lang='lat' dir='ltr'>rem</span> <span class='ocrx_word' id='word_1_253' title='bbox 167 2243 324 2308; x_wconf 88' lang='lat' dir='ltr'>actionem</span> <span class='ocrx_word' id='word_1_254' title='bbox 335 2243 511 2308; x_wconf 88' lang='lat' dir='ltr'>humanam</span> <span class='ocrx_word' id='word_1_255' title='bbox 523 2264 592 2306; x_wconf 91' lang='lat' dir='ltr'>esse</span> <span class='ocrx_word' id='word_1_256' title='bbox 605 2241 821 2326; x_wconf 89' lang='lat' dir='ltr'>adiaphoram.</span> <span class='ocrx_word' id='word_1_257' title='bbox 835 2239 1090 2306; x_wconf 75' lang='lat' dir='ltr'>circumstantiis</span> <span class='ocrx_word' id='word_1_258' title='bbox 1101 2239 1249 2304; x_wconf 90' lang='lat' dir='ltr'>omnibus</span> <span class='ocrx_word' id='word_1_259' title='bbox 1262 2239 1401 2304; x_wconf 77' lang='lat' dir='ltr'>&amp;rerum</span> <span class='ocrx_word' id='word_1_260' title='bbox 1410 2259 1552 2303; x_wconf 87' lang='lat' dir='ltr'>momen-</span> 
     </span>
    </p>
   </div>
   <div class='ocr_carea' id='block_1_14' title="bbox 7 2327 1567 2504">
    <p class='ocr_par' dir='ltr' id='par_1_14' title="bbox 7 2327 1567 2504">
     <span class='ocr_line' id='line_1_23' title="bbox 7 2327 1567 2418; baseline -0.001 -26"><span class='ocrx_word' id='word_1_261' title='bbox 7 2369 9 2412; x_wconf 70' lang='lat'>,</span> <span class='ocrx_word' id='word_1_262' title='bbox 99 2329 134 2392; x_wconf 87' lang='lat' dir='ltr'>tis</span> <span class='ocrx_word' id='word_1_263' title='bbox 154 2332 310 2415; x_wconf 82' lang='lat' dir='ltr'>expensis,</span> <span class='ocrx_word' id='word_1_264' title='bbox 338 2333 458 2417; x_wconf 80' lang='lat' dir='ltr'>cogitet</span> <span class='ocrx_word' id='word_1_265' title='bbox 478 2331 624 2417; x_wconf 90' lang='lat' dir='ltr'>quisque,</span> <span class='ocrx_word' id='word_1_266' title='bbox 637 2353 677 2394; x_wconf 91' lang='lat' dir='ltr'>an</span> <span class='ocrx_word' id='word_1_267' title='bbox 690 2352 751 2395; x_wconf 90' lang='lat' dir='ltr'>non</span> <span class='ocrx_word' id='word_1_268' title='bbox 764 2330 872 2418; x_wconf 87' lang='lat' dir='ltr'>aliquo</span> <span class='ocrx_word' id='word_1_269' title='bbox 887 2329 980 2394; x_wconf 90' lang='lat' dir='ltr'>modo</span> <span class='ocrx_word' id='word_1_270' title='bbox 992 2328 1131 2392; x_wconf 91' lang='lat' dir='ltr'>induerit</span> <span class='ocrx_word' id='word_1_271' title='bbox 1143 2351 1176 2393; x_wconf 89' lang='lat' dir='ltr'>se</span> <span class='ocrx_word' id='word_1_272' title='bbox 1193 2328 1264 2392; x_wconf 90' lang='lat' dir='ltr'>istis</span> <span class='ocrx_word' id='word_1_273' title='bbox 1276 2328 1359 2392; x_wconf 89' lang='lat' dir='ltr'>telis.</span> <span class='ocrx_word' id='word_1_274' title='bbox 1375 2327 1437 2410; x_wconf 87' lang='lat' dir='ltr'>Qui</span> <span class='ocrx_word' id='word_1_275' title='bbox 1448 2339 1567 2392; x_wconf 73' lang='lat' dir='ltr'>auteur·</span> 
     </span>
     <span class='ocr_line' id='line_1_24' title="bbox 7 2415 1552 2504; baseline -0.003 -22"><span class='ocrx_word' id='word_1_276' title='bbox 7 2417 8 2446; x_wconf 63' lang='lat'><strong>³</strong></span> <span class='ocrx_word' id='word_1_277' title='bbox 99 2421 346 2486; x_wconf 77' lang='lat' dir='ltr'>amadalizonerit</span> <span class='ocrx_word' id='word_1_278' title='bbox 370 2442 472 2488; x_wconf 78' lang='lat' dir='ltr'>navem</span> <span class='ocrx_word' id='word_1_279' title='bbox 496 2421 534 2485; x_wconf 85' lang='lat' dir='ltr'>de</span> <span class='ocrx_word' id='word_1_280' title='bbox 552 2421 615 2485; x_wconf 82' lang='lat' dir='ltr'>illie</span> <span class='ocrx_word' id='word_1_281' title='bbox 625 2421 751 2504; x_wconf 80' lang='lat' dir='ltr'>pusillis</span> <span class='ocrx_word' id='word_1_282' title='bbox 763 2420 813 2484; x_wconf 81' lang='lat' dir='ltr'>tue.</span> <span class='ocrx_word' id='word_1_283' title='bbox 830 2440 885 2484; x_wconf 85' lang='lat' dir='ltr'>oue</span> <span class='ocrx_word' id='word_1_284' title='bbox 896 2419 1016 2484; x_wconf 80' lang='lat' dir='ltr'>ruurtda</span> <span class='ocrx_word' id='word_1_285' title='bbox 1027 2419 1048 2482; x_wconf 84' lang='grc' dir='ltr'><em>ὰ</em></span> <span class='ocrx_word' id='word_1_286' title='bbox 1059 2417 1217 2482; x_wconf 78' lang='lat' dir='ltr'>ecurudulia</span> <span class='ocrx_word' id='word_1_287' title='bbox 1230 2418 1279 2482; x_wconf 80' lang='lat' dir='ltr'>tc.</span> <span class='ocrx_word' id='word_1_288' title='bbox 1293 2415 1394 2481; x_wconf 89' lang='lat' dir='ltr'>Meth.</span> <span class='ocrx_word' id='word_1_289' title='bbox 1406 2416 1457 2480; x_wconf 88' lang='lat'>18.</span> <span class='ocrx_word' id='word_1_290' title='bbox 1473 2416 1503 2479; x_wconf 89' lang='lat'>6.</span> <span class='ocrx_word' id='word_1_291' title='bbox 1523 2415 1552 2479; x_wconf 87' lang='grc'>7.</span> 
     </span>
    </p>
   </div>
   <div class='ocr_carea' id='block_1_15' title="bbox 7 2505 1198 2591">
    <p class='ocr_par' dir='ltr' id='par_1_15' title="bbox 7 2505 1198 2591">
     <span class='ocr_line' id='line_1_25' title="bbox 7 2505 1198 2591; baseline 0.001 -21"><span class='ocrx_word' id='word_1_292' title='bbox 7 2551 8 2556; x_wconf 21' lang='grc' dir='ltr'><strong>κ</strong></span> <span class='ocrx_word' id='word_1_293' title='bbox 101 2505 212 2573; x_wconf 77' lang='lat' dir='ltr'>hanon</span> <span class='ocrx_word' id='word_1_294' title='bbox 226 2532 369 2574; x_wconf 89' lang='lat' dir='ltr'>moerere</span> <span class='ocrx_word' id='word_1_295' title='bbox 382 2509 494 2574; x_wconf 86' lang='lat' dir='ltr'>fecerit</span> <span class='ocrx_word' id='word_1_296' title='bbox 509 2531 563 2573; x_wconf 86' lang='lat' dir='ltr'>cor</span> <span class='ocrx_word' id='word_1_297' title='bbox 579 2508 665 2588; x_wconf 79' lang='lat' dir='ltr'>iusti,</span> <span class='ocrx_word' id='word_1_298' title='bbox 678 2510 701 2572; x_wconf 79' lang='lat' dir='ltr'>b</span> <span class='ocrx_word' id='word_1_299' title='bbox 714 2531 827 2572; x_wconf 88' lang='lat' dir='ltr'>manus</span> <span class='ocrx_word' id='word_1_300' title='bbox 843 2507 934 2591; x_wconf 91' lang='lat' dir='ltr'>impii</span> <span class='ocrx_word' id='word_1_301' title='bbox 946 2505 1198 2571; x_wconf 80' lang='lat' dir='ltr'>confortaverit?</span> 
     </span>
    </p>
   </div>
   <div class='ocr_carea' id='block_1_16' title="bbox 7 2575 1638 4366">
    <p class='ocr_par' dir='ltr' id='par_1_16' title="bbox 7 2575 1638 3838">
     <span class='ocr_line' id='line_1_26' title="bbox 135 2575 1638 2682; baseline -0.003 -22"><span class='ocrx_word' id='word_1_302' title='bbox 135 2593 223 2662; x_wconf 87' lang='lat' dir='ltr'>Nunc</span> <span class='ocrx_word' id='word_1_303' title='bbox 234 2589 406 2663; x_wconf 87' lang='lat' dir='ltr'>solvendae</span> <span class='ocrx_word' id='word_1_304' title='bbox 418 2598 611 2682; x_wconf 84' lang='lat' dir='ltr'>objectiones</span> <span class='ocrx_word' id='word_1_305' title='bbox 622 2622 628 2674; x_wconf 90' lang='lat'><strong>;</strong></span> <span class='ocrx_word' id='word_1_306' title='bbox 649 2619 784 2681; x_wconf 90' lang='lat' dir='ltr'>quarum</span> <span class='ocrx_word' id='word_1_307' title='bbox 796 2596 823 2662; x_wconf 92' lang='grc' dir='ltr'>Ι.</span> <span class='ocrx_word' id='word_1_308' title='bbox 835 2594 940 2661; x_wconf 84' lang='lat' dir='ltr'>Sessio</span> <span class='ocrx_word' id='word_1_309' title='bbox 956 2594 1167 2680; x_wconf 79' lang='lat' dir='ltr'>Magistratus</span> <span class='ocrx_word' id='word_1_310' title='bbox 1178 2595 1212 2659; x_wconf 92' lang='lat' dir='ltr'>in</span> <span class='ocrx_word' id='word_1_311' title='bbox 1223 2592 1389 2679; x_wconf 67' lang='lat' dir='ltr'>Synedriq</span> <span class='ocrx_word' id='word_1_312' title='bbox 1401 2593 1555 2677; x_wconf 86' lang='lat' dir='ltr'>competit</span> <span class='ocrx_word' id='word_1_313' title='bbox 1629 2575 1638 2592; x_wconf 68' lang='grc'><strong>’</strong></span> 
     </span>
     <span class='ocr_line' id='line_1_27' title="bbox 98 2681 1554 2772; baseline 0 -27"><span class='ocrx_word' id='word_1_314' title='bbox 98 2681 139 2748; x_wconf 92' lang='lat' dir='ltr'>illi</span> <span class='ocrx_word' id='word_1_315' title='bbox 164 2686 229 2770; x_wconf 80' lang='lat' dir='ltr'>ipro</span> <span class='ocrx_word' id='word_1_316' title='bbox 249 2689 327 2772; x_wconf 85' lang='lat' dir='ltr'>jure</span> <span class='ocrx_word' id='word_1_317' title='bbox 350 2688 564 2772; x_wconf 69' lang='lat' dir='ltr'>Magistratus,</span> <span class='ocrx_word' id='word_1_318' title='bbox 591 2687 686 2770; x_wconf 89' lang='lat' dir='ltr'>idque</span> <span class='ocrx_word' id='word_1_319' title='bbox 704 2687 876 2751; x_wconf 90' lang='lat' dir='ltr'>secundum</span> <span class='ocrx_word' id='word_1_320' title='bbox 888 2685 941 2768; x_wconf 89' lang='lat' dir='ltr'>jus</span> <span class='ocrx_word' id='word_1_321' title='bbox 954 2683 1329 2750; x_wconf 78' lang='lat' dir='ltr'>divinumbhumanum.</span> <span class='ocrx_word' id='word_1_322' title='bbox 1345 2685 1433 2766; x_wconf 80' lang='lat' dir='ltr'>Hesp.</span> <span class='ocrx_word' id='word_1_323' title='bbox 1453 2681 1554 2746; x_wconf 70' lang='lat' dir='ltr'>unse</span> 
     </span>
     <span class='ocr_line' id='line_1_28' title="bbox 99 2769 1551 2859; baseline -0.001 -24"><span class='ocrx_word' id='word_1_324' title='bbox 99 2778 196 2840; x_wconf 87' lang='lat' dir='ltr'>rantra</span> <span class='ocrx_word' id='word_1_325' title='bbox 215 2775 464 2856; x_wconf 83' lang='lat' dir='ltr'>humanitatem,</span> <span class='ocrx_word' id='word_1_326' title='bbox 488 2774 693 2859; x_wconf 87' lang='lat' dir='ltr'>aequitatem,</span> <span class='ocrx_word' id='word_1_327' title='bbox 717 2775 884 2840; x_wconf 88' lang='lat' dir='ltr'>caritatem</span> <span class='ocrx_word' id='word_1_328' title='bbox 908 2776 1003 2859; x_wconf 84' lang='lat' dir='ltr'>(quae</span> <span class='ocrx_word' id='word_1_329' title='bbox 1023 2795 1086 2837; x_wconf 91' lang='lat' dir='ltr'>non</span> <span class='ocrx_word' id='word_1_330' title='bbox 1099 2773 1219 2857; x_wconf 88' lang='lat' dir='ltr'>cogitat</span> <span class='ocrx_word' id='word_1_331' title='bbox 1231 2772 1352 2837; x_wconf 89' lang='lat' dir='ltr'>malurn</span> <span class='ocrx_word' id='word_1_332' title='bbox 1366 2771 1394 2834; x_wconf 93' lang='grc'>1.</span> <span class='ocrx_word' id='word_1_333' title='bbox 1413 2769 1551 2837; x_wconf 79' lang='lat' dir='ltr'>Corinth.</span> 
     </span>
     <span class='ocr_line' id='line_1_29' title="bbox 101 2859 1550 2948; baseline -0.001 -24"><span class='ocrx_word' id='word_1_334' title='bbox 101 2861 156 2944; x_wconf 87' lang='grc'><strong>13.)</strong></span> <span class='ocrx_word' id='word_1_335' title='bbox 178 2868 213 2928; x_wconf 90' lang='lat' dir='ltr'>ut</span> <span class='ocrx_word' id='word_1_336' title='bbox 225 2865 388 2930; x_wconf 79' lang='lat' dir='ltr'>ordinario</span> <span class='ocrx_word' id='word_1_337' title='bbox 400 2867 422 2931; x_wconf 80' lang='lat' dir='ltr'>tr</span> <span class='ocrx_word' id='word_1_338' title='bbox 435 2887 559 2948; x_wconf 87' lang='lat' dir='ltr'>semper</span> <span class='ocrx_word' id='word_1_339' title='bbox 574 2863 640 2928; x_wconf 89' lang='lat' dir='ltr'>illic</span> <span class='ocrx_word' id='word_1_340' title='bbox 653 2865 771 2944; x_wconf 88' lang='lat' dir='ltr'>sedeat,</span> <span class='ocrx_word' id='word_1_341' title='bbox 785 2866 840 2928; x_wconf 90' lang='lat' dir='ltr'>aut</span> <span class='ocrx_word' id='word_1_342' title='bbox 851 2884 924 2927; x_wconf 90' lang='lat' dir='ltr'>suos</span> <span class='ocrx_word' id='word_1_343' title='bbox 935 2861 1055 2926; x_wconf 92' lang='lat' dir='ltr'>habeat</span> <span class='ocrx_word' id='word_1_344' title='bbox 1067 2861 1287 2926; x_wconf 86' lang='lat' dir='ltr'>observatores</span> <span class='ocrx_word' id='word_1_345' title='bbox 1299 2862 1322 2926; x_wconf 82' lang='lat' dir='ltr'>b</span> <span class='ocrx_word' id='word_1_346' title='bbox 1335 2859 1532 2924; x_wconf 85' lang='lat' dir='ltr'>excubitores</span> <span class='ocrx_word' id='word_1_347' title='bbox 1544 2882 1550 2936; x_wconf 92' lang='lat'>;</span> 
     </span>
     <span class='ocr_line' id='line_1_30' title="bbox 98 2950 1552 3036; baseline -0.003 -20"><span class='ocrx_word' id='word_1_348' title='bbox 98 2952 177 3032; x_wconf 85' lang='lat' dir='ltr'>quasi</span> <span class='ocrx_word' id='word_1_349' title='bbox 187 2953 220 3017; x_wconf 91' lang='lat' dir='ltr'>in</span> <span class='ocrx_word' id='word_1_350' title='bbox 232 2953 339 3018; x_wconf 87' lang='lat' dir='ltr'>medio</span> <span class='ocrx_word' id='word_1_351' title='bbox 351 2953 500 3032; x_wconf 87' lang='lat' dir='ltr'>hostium,</span> <span class='ocrx_word' id='word_1_352' title='bbox 513 2952 718 3033; x_wconf 86' lang='lat' dir='ltr'>proditorum,</span> <span class='ocrx_word' id='word_1_353' title='bbox 734 2951 956 3036; x_wconf 88' lang='lat' dir='ltr'>perduellium,</span> <span class='ocrx_word' id='word_1_354' title='bbox 969 2950 1151 3029; x_wconf 91' lang='lat' dir='ltr'>turbonum,</span> <span class='ocrx_word' id='word_1_355' title='bbox 1164 2950 1399 3034; x_wconf 87' lang='lat' dir='ltr'>conjuratorum</span> <span class='ocrx_word' id='word_1_356' title='bbox 1411 2969 1552 3024; x_wconf 68' lang='lat' dir='ltr'>versare-</span> 
     </span>
     <span class='ocr_line' id='line_1_31' title="bbox 99 3036 1552 3126; baseline -0.001 -25"><span class='ocrx_word' id='word_1_357' title='bbox 99 3041 185 3126; x_wconf 74' lang='lat' dir='ltr'>tur&amp;</span> <span class='ocrx_word' id='word_1_358' title='bbox 208 3042 303 3126; x_wconf 85' lang='lat' dir='ltr'>quasi</span> <span class='ocrx_word' id='word_1_359' title='bbox 328 3041 469 3106; x_wconf 86' lang='lat' dir='ltr'>Ministri</span> <span class='ocrx_word' id='word_1_360' title='bbox 485 3064 522 3106; x_wconf 85' lang='lat' dir='ltr'>ec</span> <span class='ocrx_word' id='word_1_361' title='bbox 534 3039 679 3106; x_wconf 87' lang='lat' dir='ltr'>Seniores</span> <span class='ocrx_word' id='word_1_362' title='bbox 691 3039 857 3106; x_wconf 86' lang='lat' dir='ltr'>reformati</span> <span class='ocrx_word' id='word_1_363' title='bbox 869 3043 925 3104; x_wconf 89' lang='lat' dir='ltr'>aut</span> <span class='ocrx_word' id='word_1_364' title='bbox 940 3039 1000 3102; x_wconf 90' lang='lat' dir='ltr'>soli</span> <span class='ocrx_word' id='word_1_365' title='bbox 1015 3042 1072 3103; x_wconf 89' lang='lat' dir='ltr'>aut</span> <span class='ocrx_word' id='word_1_366' title='bbox 1084 3038 1187 3123; x_wconf 88' lang='lat' dir='ltr'>magis</span> <span class='ocrx_word' id='word_1_367' title='bbox 1203 3039 1263 3102; x_wconf 88' lang='lat' dir='ltr'>hac</span> <span class='ocrx_word' id='word_1_368' title='bbox 1275 3036 1451 3121; x_wconf 91' lang='lat' dir='ltr'>suspicione</span> <span class='ocrx_word' id='word_1_369' title='bbox 1468 3037 1552 3120; x_wconf 91' lang='lat' dir='ltr'>apud</span> 
     </span>
     <span class='ocr_line' id='line_1_32' title="bbox 99 3125 1551 3212; baseline -0.002 -19"><span class='ocrx_word' id='word_1_370' title='bbox 99 3130 228 3212; x_wconf 86' lang='lat' dir='ltr'>proprios</span> <span class='ocrx_word' id='word_1_371' title='bbox 251 3131 337 3196; x_wconf 89' lang='lat' dir='ltr'>filios</span> <span class='ocrx_word' id='word_1_372' title='bbox 363 3133 387 3198; x_wconf 78' lang='lat' dir='ltr'>ta</span> <span class='ocrx_word' id='word_1_373' title='bbox 413 3131 528 3195; x_wconf 83' lang='lat' dir='ltr'>fratres</span> <span class='ocrx_word' id='word_1_374' title='bbox 555 3151 629 3194; x_wconf 89' lang='lat' dir='ltr'>suos</span> <span class='ocrx_word' id='word_1_375' title='bbox 645 3129 799 3205; x_wconf 88' lang='lat' dir='ltr'>laborare,</span> <span class='ocrx_word' id='word_1_376' title='bbox 817 3132 913 3212; x_wconf 90' lang='lat' dir='ltr'>atque</span> <span class='ocrx_word' id='word_1_377' title='bbox 925 3127 965 3192; x_wconf 95' lang='lat' dir='ltr'>ab</span> <span class='ocrx_word' id='word_1_378' title='bbox 977 3127 1091 3192; x_wconf 91' lang='lat' dir='ltr'>iisdem</span> <span class='ocrx_word' id='word_1_379' title='bbox 1104 3127 1183 3191; x_wconf 90' lang='lat' dir='ltr'>hant</span> <span class='ocrx_word' id='word_1_380' title='bbox 1195 3127 1327 3192; x_wconf 75' lang='lat' dir='ltr'>obscure</span> <span class='ocrx_word' id='word_1_381' title='bbox 1339 3125 1551 3210; x_wconf 85' lang='lat' dir='ltr'>stigmatizari</span> 
     </span>
     <span class='ocr_line' id='line_1_33' title="bbox 98 3213 1551 3304; baseline -0.002 -25"><span class='ocrx_word' id='word_1_382' title='bbox 98 3214 230 3298; x_wconf 86' lang='lat' dir='ltr'>debeant,</span> <span class='ocrx_word' id='word_1_383' title='bbox 242 3241 343 3303; x_wconf 90' lang='lat' dir='ltr'>quam</span> <span class='ocrx_word' id='word_1_384' title='bbox 354 3219 409 3284; x_wconf 84' lang='lat' dir='ltr'>alii</span> <span class='ocrx_word' id='word_1_385' title='bbox 421 3219 600 3304; x_wconf 88' lang='lat' dir='ltr'>quicunque</span> <span class='ocrx_word' id='word_1_386' title='bbox 612 3218 706 3299; x_wconf 79' lang='lat' dir='ltr'>cives,</span> <span class='ocrx_word' id='word_1_387' title='bbox 719 3218 853 3295; x_wconf 85' lang='lat' dir='ltr'>incolae,</span> <span class='ocrx_word' id='word_1_388' title='bbox 868 3217 1007 3283; x_wconf 87' lang='lat' dir='ltr'>advenae</span> <span class='ocrx_word' id='word_1_389' title='bbox 1020 3213 1213 3300; x_wconf 83' lang='lat' dir='ltr'>professione</span> <span class='ocrx_word' id='word_1_390' title='bbox 1222 3214 1386 3300; x_wconf 91' lang='lat' dir='ltr'>religionis</span> <span class='ocrx_word' id='word_1_391' title='bbox 1395 3213 1551 3292; x_wconf 89' lang='lat' dir='ltr'>autnulli,</span> 
     </span>
     <span class='ocr_line' id='line_1_34' title="bbox 100 3301 1551 3388; baseline -0.003 -19"><span class='ocrx_word' id='word_1_392' title='bbox 100 3305 148 3369; x_wconf 89' lang='lat' dir='ltr'>hoc</span> <span class='ocrx_word' id='word_1_393' title='bbox 156 3311 211 3385; x_wconf 90' lang='lat' dir='ltr'>est,</span> <span class='ocrx_word' id='word_1_394' title='bbox 233 3307 341 3388; x_wconf 74' lang='lat' dir='ltr'>ethei,</span> <span class='ocrx_word' id='word_1_395' title='bbox 358 3307 524 3387; x_wconf 84' lang='lat' dir='ltr'>Libertini,</span> <span class='ocrx_word' id='word_1_396' title='bbox 541 3305 723 3386; x_wconf 89' lang='lat' dir='ltr'>Neutrales,</span> <span class='ocrx_word' id='word_1_397' title='bbox 732 3311 788 3371; x_wconf 90' lang='lat' dir='ltr'>aut</span> <span class='ocrx_word' id='word_1_398' title='bbox 795 3306 987 3371; x_wconf 84' lang='lat' dir='ltr'>Idololatrea</span> <span class='ocrx_word' id='word_1_399' title='bbox 995 3304 1141 3388; x_wconf 90' lang='lat' dir='ltr'>Papales,</span> <span class='ocrx_word' id='word_1_400' title='bbox 1157 3303 1346 3381; x_wconf 87' lang='lat' dir='ltr'>autJudaei,</span> <span class='ocrx_word' id='word_1_401' title='bbox 1355 3306 1412 3366; x_wconf 90' lang='lat' dir='ltr'>aut</span> <span class='ocrx_word' id='word_1_402' title='bbox 1421 3301 1551 3366; x_wconf 80' lang='lat' dir='ltr'>Anaba-</span> 
     </span>
     <span class='ocr_line' id='line_1_35' title="bbox 99 3391 1553 3480; baseline -0.001 -24"><span class='ocrx_word' id='word_1_403' title='bbox 99 3393 213 3476; x_wconf 85' lang='lat' dir='ltr'>ptistae,</span> <span class='ocrx_word' id='word_1_404' title='bbox 225 3401 286 3461; x_wconf 90' lang='lat' dir='ltr'>ant</span> <span class='ocrx_word' id='word_1_405' title='bbox 298 3395 531 3472; x_wconf 80' lang='lat' dir='ltr'>Neo-Arriani3</span> <span class='ocrx_word' id='word_1_406' title='bbox 546 3418 681 3480; x_wconf 87' lang='lat' dir='ltr'>quorum</span> <span class='ocrx_word' id='word_1_407' title='bbox 693 3395 835 3460; x_wconf 91' lang='lat' dir='ltr'>omnium</span> <span class='ocrx_word' id='word_1_408' title='bbox 847 3393 1049 3459; x_wconf 80' lang='lat' dir='ltr'>Consistoriis</span> <span class='ocrx_word' id='word_1_409' title='bbox 1058 3395 1080 3458; x_wconf 82' lang='lat' dir='ltr'>dr</span> <span class='ocrx_word' id='word_1_410' title='bbox 1090 3392 1303 3456; x_wconf 69' lang='lat' dir='ltr'>(innuentibus</span> <span class='ocrx_word' id='word_1_411' title='bbox 1317 3413 1375 3455; x_wconf 92' lang='lat' dir='ltr'>nec</span> <span class='ocrx_word' id='word_1_412' title='bbox 1383 3391 1553 3468; x_wconf 76' lang='lat' dir='ltr'>intersunt,</span> 
     </span>
     <span class='ocr_line' id='line_1_36' title="bbox 99 3478 1552 3569; baseline -0.002 -24"><span class='ocrx_word' id='word_1_413' title='bbox 99 3483 306 3550; x_wconf 82' lang='lat' dir='ltr'>necintercsse</span> <span class='ocrx_word' id='word_1_414' title='bbox 315 3486 447 3569; x_wconf 90' lang='lat' dir='ltr'>cupiunt</span> <span class='ocrx_word' id='word_1_415' title='bbox 455 3488 682 3550; x_wconf 86' lang='lat' dir='ltr'>autconantur.</span> <span class='ocrx_word' id='word_1_416' title='bbox 693 3484 731 3548; x_wconf 92' lang='lat' dir='ltr'>In</span> <span class='ocrx_word' id='word_1_417' title='bbox 740 3507 814 3549; x_wconf 87' lang='lat' dir='ltr'>casu</span> <span class='ocrx_word' id='word_1_418' title='bbox 823 3482 1020 3548; x_wconf 87' lang='lat' dir='ltr'>necessitatis</span> <span class='ocrx_word' id='word_1_419' title='bbox 1037 3483 1060 3547; x_wconf 78' lang='lat' dir='ltr'>b</span> <span class='ocrx_word' id='word_1_420' title='bbox 1069 3481 1149 3564; x_wconf 88' lang='lat' dir='ltr'>justi</span> <span class='ocrx_word' id='word_1_421' title='bbox 1157 3485 1271 3556; x_wconf 90' lang='lat' dir='ltr'>metus,</span> <span class='ocrx_word' id='word_1_422' title='bbox 1283 3480 1338 3544; x_wconf 91' lang='lat' dir='ltr'>ubi</span> <span class='ocrx_word' id='word_1_423' title='bbox 1347 3479 1433 3544; x_wconf 89' lang='lat' dir='ltr'>salus</span> <span class='ocrx_word' id='word_1_424' title='bbox 1442 3478 1552 3563; x_wconf 90' lang='lat' dir='ltr'>populi</span> 
     </span>
     <span class='ocr_line' id='line_1_37' title="bbox 7 3569 1552 3660; baseline -0.003 -24"><span class='ocrx_word' id='word_1_425' title='bbox 7 3615 9 3618; x_wconf 94' lang='lat'>-</span> <span class='ocrx_word' id='word_1_426' title='bbox 99 3571 247 3654; x_wconf 81' lang='lat' dir='ltr'>tpolitiae</span> <span class='ocrx_word' id='word_1_427' title='bbox 256 3569 1261 3660; x_wconf 68' lang='lat' dir='ltr'>hocexigit,nontantumfideli,sedhertivisinfideli,haeretico</span> <span class='ocrx_word' id='word_1_428' title='bbox 1270 3569 1552 3653; x_wconf 78' lang='lat' dir='ltr'>&amp;eipsojurema-</span> 
     </span>
     <span class='ocr_line' id='line_1_38' title="bbox 100 3654 1552 3747; baseline -0.003 -21"><span class='ocrx_word' id='word_1_429' title='bbox 100 3661 321 3744; x_wconf 80' lang='lat' dir='ltr'>gistratuscom</span> <span class='ocrx_word' id='word_1_430' title='bbox 363 3663 415 3740; x_wconf 88' lang='lat' dir='ltr'>tit,</span> <span class='ocrx_word' id='word_1_431' title='bbox 425 3661 879 3747; x_wconf 77' lang='lat' dir='ltr'>auttantisperhistostvalios</span> <span class='ocrx_word' id='word_1_432' title='bbox 889 3681 1091 3744; x_wconf 88' lang='lat' dir='ltr'>quoscunque</span> <span class='ocrx_word' id='word_1_433' title='bbox 1101 3658 1282 3722; x_wconf 77' lang='lat' dir='ltr'>Conventus</span> <span class='ocrx_word' id='word_1_434' title='bbox 1291 3657 1444 3732; x_wconf 89' lang='lat' dir='ltr'>inhibere,</span> <span class='ocrx_word' id='word_1_435' title='bbox 1452 3654 1552 3724; x_wconf 86' lang='lat' dir='ltr'>antiis</span> 
     </span>
     <span class='ocr_line' id='line_1_39' title="bbox 100 3685 1552 3838; baseline -0.005 -24"><span class='ocrx_word' id='word_1_436' title='bbox 100 3747 177 3835; x_wconf 84' lang='lat' dir='ltr'>[pag.</span> <span class='ocrx_word' id='word_1_437' title='bbox 190 3751 273 3838; x_wconf 76' lang='lat'>204]</span> <span class='ocrx_word' id='word_1_438' title='bbox 287 3685 451 3816; x_wconf 48' lang='lat' dir='ltr'>inlfresee</span> <span class='ocrx_word' id='word_1_439' title='bbox 467 3750 556 3815; x_wconf 88' lang='lat' dir='ltr'>Haut</span> <span class='ocrx_word' id='word_1_440' title='bbox 567 3745 660 3816; x_wconf 85' lang='lat' dir='ltr'>aliter</span> <span class='ocrx_word' id='word_1_441' title='bbox 672 3773 708 3814; x_wconf 90' lang='lat' dir='ltr'>ac</span> <span class='ocrx_word' id='word_1_442' title='bbox 721 3749 908 3814; x_wconf 89' lang='lat' dir='ltr'>domesticos</span> <span class='ocrx_word' id='word_1_443' title='bbox 919 3769 1122 3832; x_wconf 88' lang='lat' dir='ltr'>quoscunque</span> <span class='ocrx_word' id='word_1_444' title='bbox 1136 3747 1251 3811; x_wconf 88' lang='lat' dir='ltr'>civium</span> <span class='ocrx_word' id='word_1_445' title='bbox 1265 3769 1393 3813; x_wconf 91' lang='lat' dir='ltr'>suorum</span> <span class='ocrx_word' id='word_1_446' title='bbox 1409 3744 1552 3809; x_wconf 77' lang='lat' dir='ltr'>Conven-</span> 
     </span>
    </p>

    <p class='ocr_par' dir='ltr' id='par_1_17' title="bbox 154 3832 1554 4366">
     <span class='ocr_line' id='line_1_40' title="bbox 172 3832 1554 3922; baseline -0.006 -18"><span class='ocrx_word' id='word_1_447' title='bbox 172 3841 318 3906; x_wconf 86' lang='lat' dir='ltr'>convivia</span> <span class='ocrx_word' id='word_1_448' title='bbox 340 3839 521 3918; x_wconf 85' lang='lat' dir='ltr'>domestica,</span> <span class='ocrx_word' id='word_1_449' title='bbox 538 3843 587 3906; x_wconf 78' lang='lat' dir='ltr'>&amp;a</span> <span class='ocrx_word' id='word_1_450' title='bbox 604 3839 664 3904; x_wconf 91' lang='lat' dir='ltr'>tali</span> <span class='ocrx_word' id='word_1_451' title='bbox 675 3839 708 3903; x_wconf 92' lang='lat' dir='ltr'>in</span> <span class='ocrx_word' id='word_1_452' title='bbox 720 3862 794 3904; x_wconf 88' lang='lat' dir='ltr'>casu</span> <span class='ocrx_word' id='word_1_453' title='bbox 808 3839 943 3903; x_wconf 90' lang='lat' dir='ltr'>lustrare</span> <span class='ocrx_word' id='word_1_454' title='bbox 956 3841 1070 3922; x_wconf 88' lang='lat' dir='ltr'>potest,</span> <span class='ocrx_word' id='word_1_455' title='bbox 1083 3839 1139 3899; x_wconf 90' lang='lat' dir='ltr'>aut</span> <span class='ocrx_word' id='word_1_456' title='bbox 1151 3835 1189 3900; x_wconf 92' lang='lat' dir='ltr'>iis</span> <span class='ocrx_word' id='word_1_457' title='bbox 1205 3838 1358 3919; x_wconf 91' lang='lat' dir='ltr'>tanquam</span> <span class='ocrx_word' id='word_1_458' title='bbox 1375 3832 1554 3918; x_wconf 86' lang='lat' dir='ltr'>speculator</span> 
     </span>
     <span class='ocr_line' id='line_1_41' title="bbox 163 3920 1553 4012; baseline -0.006 -18"><span class='ocrx_word' id='word_1_459' title='bbox 163 3950 211 4004; x_wconf 89' lang='lat' dir='ltr'>se;</span> <span class='ocrx_word' id='word_1_460' title='bbox 235 3952 300 3994; x_wconf 92' lang='lat' dir='ltr'>non</span> <span class='ocrx_word' id='word_1_461' title='bbox 325 3933 433 3994; x_wconf 87' lang='lat' dir='ltr'>tamen</span> <span class='ocrx_word' id='word_1_462' title='bbox 459 3928 619 3994; x_wconf 82' lang='lat' dir='ltr'>ordinario</span> <span class='ocrx_word' id='word_1_463' title='bbox 645 3928 668 3992; x_wconf 82' lang='lat' dir='ltr'>dv</span> <span class='ocrx_word' id='word_1_464' title='bbox 691 3951 816 4012; x_wconf 89' lang='lat' dir='ltr'>semper</span> <span class='ocrx_word' id='word_1_465' title='bbox 831 3928 1048 3992; x_wconf 85' lang='lat' dir='ltr'>observatores</span> <span class='ocrx_word' id='word_1_466' title='bbox 1061 3947 1135 3989; x_wconf 87' lang='lat' dir='ltr'>suos</span> <span class='ocrx_word' id='word_1_467' title='bbox 1147 3924 1180 3987; x_wconf 93' lang='lat' dir='ltr'>in</span> <span class='ocrx_word' id='word_1_468' title='bbox 1193 3923 1340 4001; x_wconf 88' lang='lat' dir='ltr'>armario,</span> <span class='ocrx_word' id='word_1_469' title='bbox 1357 3922 1389 3986; x_wconf 93' lang='lat' dir='ltr'>in</span> <span class='ocrx_word' id='word_1_470' title='bbox 1402 3920 1553 4000; x_wconf 85' lang='lat' dir='ltr'>triclinia,</span> 
     </span>
     <span class='ocr_line' id='line_1_42' title="bbox 154 4010 1553 4098; baseline -0.003 -19"><span class='ocrx_word' id='word_1_471' title='bbox 154 4017 280 4098; x_wconf 68' lang='lat' dir='ltr'>liticine,</span> <span class='ocrx_word' id='word_1_472' title='bbox 303 4018 337 4081; x_wconf 95' lang='lat' dir='ltr'>in</span> <span class='ocrx_word' id='word_1_473' title='bbox 353 4016 483 4092; x_wconf 73' lang='lat' dir='ltr'>fabrica,</span> <span class='ocrx_word' id='word_1_474' title='bbox 499 4017 528 4081; x_wconf 92' lang='lat' dir='ltr'>in</span> <span class='ocrx_word' id='word_1_475' title='bbox 546 4017 678 4094; x_wconf 91' lang='lat' dir='ltr'>museio,</span> <span class='ocrx_word' id='word_1_476' title='bbox 691 4017 724 4080; x_wconf 92' lang='lat' dir='ltr'>in</span> <span class='ocrx_word' id='word_1_477' title='bbox 737 4016 869 4092; x_wconf 84' lang='lat' dir='ltr'>aeraria,</span> <span class='ocrx_word' id='word_1_478' title='bbox 882 4015 917 4079; x_wconf 90' lang='lat' dir='ltr'>in</span> <span class='ocrx_word' id='word_1_479' title='bbox 929 4014 1073 4079; x_wconf 88' lang='lat' dir='ltr'>cubiculo</span> <span class='ocrx_word' id='word_1_480' title='bbox 1088 4012 1269 4077; x_wconf 88' lang='lat' dir='ltr'>constituit:</span> <span class='ocrx_word' id='word_1_481' title='bbox 1283 4016 1319 4076; x_wconf 93' lang='lat' dir='ltr'>ut</span> <span class='ocrx_word' id='word_1_482' title='bbox 1332 4011 1399 4076; x_wconf 91' lang='lat' dir='ltr'>sine</span> <span class='ocrx_word' id='word_1_483' title='bbox 1411 4010 1553 4094; x_wconf 87' lang='lat' dir='ltr'>paredris</span> 
     </span>
     <span class='ocr_line' id='line_1_43' title="bbox 163 4100 1554 4190; baseline -0.006 -20"><span class='ocrx_word' id='word_1_484' title='bbox 163 4107 342 4171; x_wconf 74' lang='lat' dir='ltr'>crateribus</span> <span class='ocrx_word' id='word_1_485' title='bbox 356 4106 420 4172; x_wconf 90' lang='lat' dir='ltr'>illis</span> <span class='ocrx_word' id='word_1_486' title='bbox 432 4108 559 4190; x_wconf 77' lang='lat' dir='ltr'>pater&amp;</span> <span class='ocrx_word' id='word_1_487' title='bbox 576 4105 817 4170; x_wconf 88' lang='lat' dir='ltr'>materfamilias</span> <span class='ocrx_word' id='word_1_488' title='bbox 830 4103 948 4188; x_wconf 92' lang='lat' dir='ltr'>aliique</span> <span class='ocrx_word' id='word_1_489' title='bbox 961 4101 1134 4180; x_wconf 87' lang='lat' dir='ltr'>domestici,</span> <span class='ocrx_word' id='word_1_490' title='bbox 1144 4125 1176 4166; x_wconf 88' lang='lat' dir='ltr'>se</span> <span class='ocrx_word' id='word_1_491' title='bbox 1190 4100 1317 4179; x_wconf 88' lang='lat' dir='ltr'>vestire,</span> <span class='ocrx_word' id='word_1_492' title='bbox 1330 4121 1485 4164; x_wconf 84' lang='lat' dir='ltr'>seexuere</span> <span class='ocrx_word' id='word_1_493' title='bbox 1499 4103 1554 4162; x_wconf 92' lang='lat' dir='ltr'>aut</span> 
     </span>
     <span class='ocr_line' id='line_1_44' title="bbox 163 4188 1554 4279; baseline -0.004 -22"><span class='ocrx_word' id='word_1_494' title='bbox 163 4197 227 4258; x_wconf 89' lang='lat' dir='ltr'>turn</span> <span class='ocrx_word' id='word_1_495' title='bbox 240 4197 301 4274; x_wconf 92' lang='lat' dir='ltr'>ire,</span> <span class='ocrx_word' id='word_1_496' title='bbox 315 4195 421 4260; x_wconf 89' lang='lat' dir='ltr'>cibum</span> <span class='ocrx_word' id='word_1_497' title='bbox 434 4217 567 4279; x_wconf 74' lang='lat' dir='ltr'>mquere</span> <span class='ocrx_word' id='word_1_498' title='bbox 580 4197 604 4260; x_wconf 78' lang='lat' dir='ltr'>h</span> <span class='ocrx_word' id='word_1_499' title='bbox 616 4216 728 4278; x_wconf 87' lang='lat' dir='ltr'>capere</span> <span class='ocrx_word' id='word_1_500' title='bbox 740 4193 918 4278; x_wconf 89' lang='lat' dir='ltr'>nequirent,</span> <span class='ocrx_word' id='word_1_501' title='bbox 932 4215 990 4256; x_wconf 88' lang='lat' dir='ltr'>nec</span> <span class='ocrx_word' id='word_1_502' title='bbox 1004 4191 1140 4255; x_wconf 89' lang='lat' dir='ltr'>scribere</span> <span class='ocrx_word' id='word_1_503' title='bbox 1157 4188 1307 4274; x_wconf 87' lang='lat' dir='ltr'>epistolas</span> <span class='ocrx_word' id='word_1_504' title='bbox 1321 4189 1360 4253; x_wconf 92' lang='lat' dir='ltr'>ad</span> <span class='ocrx_word' id='word_1_505' title='bbox 1373 4188 1500 4265; x_wconf 77' lang='lat' dir='ltr'>amicoS,</span> <span class='ocrx_word' id='word_1_506' title='bbox 1514 4188 1554 4252; x_wconf 90' lang='lat' dir='ltr'>ad</span> 
     </span>
     <span class='ocr_line' id='line_1_45' title="bbox 155 4277 1554 4366; baseline -0.005 -19"><span class='ocrx_word' id='word_1_507' title='bbox 155 4288 287 4362; x_wconf 78' lang='lat' dir='ltr'>catores,</span> <span class='ocrx_word' id='word_1_508' title='bbox 313 4306 370 4348; x_wconf 88' lang='lat' dir='ltr'>nec</span> <span class='ocrx_word' id='word_1_509' title='bbox 382 4283 454 4348; x_wconf 91' lang='lat' dir='ltr'>inde</span> <span class='ocrx_word' id='word_1_510' title='bbox 470 4283 609 4348; x_wconf 85' lang='lat' dir='ltr'>vicissim</span> <span class='ocrx_word' id='word_1_511' title='bbox 626 4283 776 4366; x_wconf 89' lang='lat' dir='ltr'>epistolas</span> <span class='ocrx_word' id='word_1_512' title='bbox 797 4283 936 4366; x_wconf 88' lang='lat' dir='ltr'>recipere</span> <span class='ocrx_word' id='word_1_513' title='bbox 950 4281 1138 4363; x_wconf 87' lang='lat' dir='ltr'>easdemque</span> <span class='ocrx_word' id='word_1_514' title='bbox 1151 4278 1268 4363; x_wconf 88' lang='lat' dir='ltr'>legere,</span> <span class='ocrx_word' id='word_1_515' title='bbox 1281 4278 1419 4342; x_wconf 90' lang='lat' dir='ltr'>rationes</span> <span class='ocrx_word' id='word_1_516' title='bbox 1433 4277 1554 4360; x_wconf 87' lang='lat' dir='ltr'>accepti</span> 
     </span>
    </p>
   </div>
   <div class='ocr_carea' id='block_1_17' title="bbox 163 4365 1554 4536">
    <p class='ocr_par' dir='ltr' id='par_1_18' title="bbox 163 4365 1554 4536">
     <span class='ocr_line' id='line_1_46' title="bbox 163 4365 1553 4458; baseline -0.006 -22"><span class='ocrx_word' id='word_1_517' title='bbox 163 4373 260 4438; x_wconf 59' lang='lat' dir='ltr'>reensi</span> <span class='ocrx_word' id='word_1_518' title='bbox 284 4373 367 4438; x_wconf 90' lang='lat' dir='ltr'>inire</span> <span class='ocrx_word' id='word_1_519' title='bbox 392 4375 415 4440; x_wconf 81' lang='lat' dir='ltr'>dv</span> <span class='ocrx_word' id='word_1_520' title='bbox 430 4373 627 4458; x_wconf 88' lang='lat' dir='ltr'>consignare.</span> <span class='ocrx_word' id='word_1_521' title='bbox 645 4371 739 4436; x_wconf 79' lang='lat' dir='ltr'>Certe</span> <span class='ocrx_word' id='word_1_522' title='bbox 751 4371 778 4435; x_wconf 88' lang='lat' dir='ltr'>si</span> <span class='ocrx_word' id='word_1_523' title='bbox 794 4372 882 4434; x_wconf 91' lang='lat' dir='ltr'>nulla</span> <span class='ocrx_word' id='word_1_524' title='bbox 895 4371 962 4434; x_wconf 89' lang='lat' dir='ltr'>sine</span> <span class='ocrx_word' id='word_1_525' title='bbox 975 4367 1113 4453; x_wconf 88' lang='lat' dir='ltr'>publicis</span> <span class='ocrx_word' id='word_1_526' title='bbox 1127 4366 1273 4446; x_wconf 91' lang='lat' dir='ltr'>testibus,</span> <span class='ocrx_word' id='word_1_527' title='bbox 1286 4365 1553 4444; x_wconf 88' lang='lat' dir='ltr'>observatoribus,</span> 
     </span>
     <span class='ocr_line' id='line_1_47' title="bbox 1462 4474 1554 4536; baseline -0.022 -20"><span class='ocrx_word' id='word_1_528' title='bbox 1462 4474 1554 4536; x_wconf 89' lang='lat' dir='ltr'>prae-</span> 
     </span>
    </p>
   </div>
   <div class='ocr_carea' id='block_1_18' title="bbox 0 0 1860 4850">
    <p class='ocr_par' dir='ltr' id='par_1_19' title="bbox 0 0 1860 4850">
     <span class='ocr_line' id='line_1_48' title="bbox 0 0 1860 4850; baseline 0 0"><span class='ocrx_word' id='word_1_529' title='bbox 0 0 1860 4850; x_wconf 95' lang='lat' dir='ltr'> </span> 
     </span>
    </p>
   </div>
  </div>
 </body>
</html>
