3752 4858
328 317 391 384 194
550 309 553 320 ’
622 355 627 367 ·
718 315 877 383 Pomrrcxr
892 315 1143 384 Edonasmsrresa
1167 318 1249 382 Pras
1261 317 1287 382 l.
1312 317 1378 392 Lm.
1392 315 1435 384 ll.

326 529 435 571 corum
458 509 515 568 aut
537 503 745 568 ‘Tartarorum
768 509 959 587 potestatem
983 505 1165 583 deveniunt,
1184 526 1242 567 nec
1254 525 1395 585 unquam
1408 502 1613 586 professionis
1625 503 1768 568 Christia-

326 595 432 672 iiismi,
445 599 501 657 aut
514 595 647 656 actualis
662 593 796 673 alicujus
812 593 1041 655 communionis
1053 593 1086 655 iu
1098 595 1121 658 11
1133 614 1206 656 oum
1218 591 1550 656 EcclesiaOhristiaua
1560 594 1609 656 vel
1617 593 1768 656 minimam

325 683 462 766 speeiem
474 682 633 746 consecuti
645 687 728 744 sunt.
742 680 836 744 Tales
849 685 956 743 autem
969 681 1002 743 iu
1018 680 1127 744 adulta
1140 684 1245 744 aetate
1254 679 1770 746 actualissireMuhammedisticae

325 770 500 854 religionis,
513 769 579 834 sive
592 769 727 833 Gentilis
740 769 806 832 sive
819 770 938 832 nullius
951 773 1122 847 consortes,
1135 773 1288 851 tauquam
1298 769 1441 832 membra
1450 768 1622 846 Ecclesiae,
1633 770 1672 833 ob
1681 770 1769 834 solum

326 859 528 942 Baptismum
541 857 574 920 iu
586 858 723 948 infantia
735 863 910 939 acceptum,
923 857 1064 920 censuris
1077 857 1298 922 ecclesiasticis
1311 857 1350 920 ad
1363 879 1455 920 verae
1464 857 1538 921 fidei
1546 856 1770 940 professionem,

327 969 418 1012 usum
438 947 570 1024 Coeuae,
588 949 610 1011 81
625 969 728 1010 mores
742 945 950 1022 Christianos,
964 968 1032 1008 esse
1046 946 1253 1022 adducendos,
1268 947 1291 1010 81
1306 948 1427 1008 acoetu
1442 945 1604 1010 Ecclesiae
1616 969 1671 1030 per
1686 947 1770 1010 iuter·

326 1036 495 1100 dictionem
511 1039 781 1098 sacramentorum
798 1034 1017 1108 excludendos,
1032 1033 1178 1116 equidem
1200 1033 1411 1096 determinare
1424 1033 1578 1098 hactenus
1591 1057 1652 1098 nou
1665 1035 1770 1098 ausim:

325 1125 442 1188 nedum
465 1128 501 1187 ut
524 1122 556 1186 in
581 1123 740 1186 Ecclesiae
764 1115 977 1198 Reforruatas,
998 1121 1175 1187 doctrina&
1191 1120 1280 1204 praxi
1293 1127 1350 1184 sut
1365 1144 1428 1184 non
1445 1123 1648 1186 excludentes
1663 1127 1770 1186 acoetu

326 1235 393 1290 suo,
407 1212 460 1296 qui
475 1233 639 1293 nunquam
653 1211 738 1274 intus
751 1211 891 1288 fuerunt,
905 1215 961 1274 aut
969 1209 1106 1274 Coenam
1115 1209 1246 1274 Domini
1255 1215 1475 1293 perceperunt,
1485 1211 1613 1293 publice
1625 1233 1770 1274 censuram

326 1323 515 1365 exercerem.
539 1297 611 1362 Scio
635 1299 733 1362 luisse
749 1299 964 1381 Anouyumm,
977 1298 1034 1381 qui
1050 1297 1083 1362 iu
1099 1297 1211 1382 Belgio
1226 1303 1335 1362 nostro
1351 1298 1510 1362 defectum
1526 1299 1732 1363 Ecclesiamm
1743 1300 1770 1362 in

325 1390 386 1452 hac
410 1389 544 1472 aliisque
561 1387 745 1469 disciplinae
762 1387 1030 1450 administrandae
1048 1385 1193 1470 partibus
1205 1387 1332 1470 publice
1345 1387 1478 1462 notavit,
1495 1388 1582 1452 edito
1596 1410 1676 1450 anno
1691 1387 1770 1450 1595.

326 1477 436 1541 libello
456 1478 489 1540 in
506 1477 536 1538 4.
550 1475 609 1539 hoe
625 1477 676 1538 tit.
700 1476 808 1540 Thesea
824 1475 861 1538 de
876 1476 934 1539 rite*
944 1475 1152 1558 pateraaadd
1167 1475 1282 1540 Christi
1294 1475 1437 1550 h'eelrsr'd,
1456 1473 1670 1540 11111101111111
1681 1477 1770 1539 odari-

325 1565 859 1648 11111111111111111111111111111σίρί11111.
874 1563 990 1628 datore
1003 1563 1149 1648 praedoni,
1163 1563 1219 1648 qui
1229 1565 1394 1628 Ecclesiam
1422 1563 1538 1628 Christi
1559 1566 1683 1650 ejusque
1692 1576 1769 1628 outo·

326 1657 448 1719 ritatem
473 1666 593 1730 sarram
618 1665 725 1716 terram
748 1653 928 1717 consonari
951 1653 1035 1736 oreph
1048 1663 1202 1737 optatque.
1227 1650 1393 1737 Inqaorld
1407 1651 1504 1717 Parte
1520 1651 1612 1715 istius
1628 1653 1773 1718 marala

326 1743 355 1826 g.
382 1744 455 1806 152.
483 1743 556 1805 153.
583 1741 655 1802 151.
685 1743 757 1804 155.
775 1757 929 1824 tanquam
946 1761 1076 1823 gravem
1089 1740 1303 1804 Ecclesiarum
1316 1739 1509 1804 Nostrarum
1526 1763 1663 1804 errorem
1675 1741 1772 1824 carpit,

326 1832 410 1915 quod
435 1832 526 1914 [pag.
547 1829 627 1914 724]
653 1830 877 1894 admissionem
901 1829 940 1892 ad
962 1828 1050 1892 verbi
1064 1829 1219 1906 auditum,
1234 1828 1446 1911 Baptismum,
1460 1828 1598 1892 Coenam
1612 1829 1680 1912 pari
1690 1851 1772 1912 passu

326 1920 492 1983 ambulare
516 1941 578 1981 non
603 1919 741 1994 faciant3
766 1919 789 1984 11
812 1921 1041 2000 consequenter
1057 1938 1206 1980 censuras
1218 1939 1292 1980 suas
1308 1918 1349 1980 ad
1363 1939 1473 1981 omnes
1486 1917 1644 2000 Papistas,
1657 1917 1773 1982 Anaba-

327 2009 454 2093 ptistas,
479 2007 669 2082 Libertinos,
693 2006 837 2088 aliosque
859 2005 1049 2084 haereticos,
1073 2005 1099 2068 si
1123 2005 1178 2088 qui
1195 2005 1227 2068 iu
1243 2005 1450 2070 infautiasud
1464 2006 1773 2089 baptizati-srmt,nou
1850 2071 1852 2092 ⁴

327 2097 491 2160 extendat.
514 2094 643 2159 Dictum
659 2093 830 2158 Diatribeu
847 2115 929 2158 anno
945 2093 1039 2156 1612.
1054 2093 1173 2176 aliquis
1185 2093 1373 2177 Anonymus
1386 2095 1591 2158 orthodoxiae
1604 2101 1708 2158 contra
1720 2093 1773 2156 lle-
1851 2109 1852 2140 ss

326 2184 574 2250 monstranticas
595 2183 752 2246 novitates
769 2187 907 2245 assertor
923 2183 954 2244 in
968 2182 1085 2245 idioma
1097 2186 1240 2245 nostrum
1257 2182 1457 2260 translatam,
1470 2183 1606 2266 Delphis
1618 2184 1700 2268 typis
1711 2183 1771 2248 rol.

326 2274 471 2337 Andreae
483 2272 697 2334 excudemlam
710 2271 848 2346 dederat,
863 2293 900 2333 ae
912 2270 1025 2334 Jocoho
1034 2271 1180 2334 Arrnbu'o
1189 2270 1390 2348 attribuerat,
1399 2275 1552 2354 tanquam
1562 2272 1770 2335 heterodoxos]
1850 2305 1852 2346 2

326 2361 360 2424 iu
375 2361 435 2424 hac
451 2359 647 2442 quaestione.
671 2359 733 2422 Sed
757 2359 944 2442 Anonymus
968 2359 1039 2442 quis
1063 2381 1101 2422 ex
1117 2358 1245 2422 asseclis
1261 2357 1282 2422 J
1285 2379 1329 2423 ac.
1347 2359 1485 2422 Arminii
1498 2361 1608 2424 eodem
1620 2361 1665 2445 (ni
1677 2358 1770 2440 fallor)

326 2471 421 2526 anno,
437 2449 533 2511 variis
549 2446 747 2531 argumentis
764 2447 921 2530 probavit,
934 2469 1007 2510 eum
1019 2469 1082 2510 non
1095 2467 1163 2510 esse
1175 2446 1269 2529 hujus
1282 2445 1449 2510 Diatribae
1462 2451 1616 2511 autorem.
1641 2447 1677 2512 lu
1688 2468 1770 2529 quam

326 2537 517 2600 senteutiam
531 2558 602 2600 cum
615 2536 681 2599 sive
695 2538 804 2618 aperte
817 2535 883 2598 sive
895 2535 991 2598 tacite
1004 2535 1146 2598 omnium
1158 2535 1312 2617 suffragia
1324 2535 1418 2612 irent,
1431 2536 1471 2598 ab
1485 2559 1521 2600 eo
1533 2540 1675 2620 tempore
1684 2557 1770 2618 usque
1850 2605 1851 2612 Ξ

324 2626 357 2688 in
373 2626 457 2688 hunc
469 2625 563 2703 diem,
576 2645 633 2686 uec
645 2625 838 2707 interpolata
850 2645 906 2706 per
919 2646 974 2687 sex
986 2622 1106 2706 Synodi
1118 2622 1300 2687 Nationalis
1312 2621 1533 2688 Dordracenae
1541 2647 1625 2690 anuo
1640 2624 1726 2687 lala.
1734 2621 1767 2685 ad
1849 2613 1851 2700 Ξ

324 2715 357 2777 id
380 2714 559 2798 delegatae,
584 2711 621 2776 St
642 2716 712 2776 tuta
736 2712 958 2788 ecclesiastiea,
982 2734 1040 2775 nec
1064 2710 1261 2794 Synodorum
1285 2711 1528 2794 provincialium
1551 2711 1698 2790 Decreta,
1720 2731 1767 2774 nee
1849 2719 1851 2750 ³

324 2803 499 2866 communis
516 2802 623 2883 aliqua
639 2800 757 2884 praxis,
774 2821 933 2882 anonymo
945 2799 1004 2878 illi,
1018 2801 1073 2882 qui
1086 2803 1168 2862 adno
1184 2799 1279 2863 1595.
1292 2798 1341 2864 Ill.
1358 2798 1454 2865 Ordd.
1471 2802 1495 2866 11
1511 2801 1665 2865 ministris
1681 2799 1767 2864 eccle·

324 2891 444 2954 siarum
457 2890 626 2954 diatribam
638 2911 729 2953 suam
741 2888 956 2971 inscripserat,
969 2889 1143 2970 quidquam
1156 2893 1395 2952 concesserunt:
1411 2893 1446 2951 ut
1458 2888 1517 2953 hac
1529 2889 1562 2952 in
1575 2895 1666 2974 parte
1677 2907 1767 2952 mores

324 2983 495 3054 mutarent,
520 2981 576 3042 aut
598 2978 766 3041 mutandos
790 2981 972 3052 censereut;
997 2977 1112 3040 nedum
1129 2981 1174 3054 at,
1196 2977 1382 3040 Oateclresiu
1396 2981 1519 3060 quaqst.
1534 2978 1587 3041 85.
1601 2975 1763 3061 hiturginm

324 3089 393 3151 cap.
413 3068 452 3130 de
463 3066 797 3146 excommunicatione,
811 3067 834 3130 h
847 3065 975 3130 Statuta
991 3065 1203 3129 ecclesiastica
1216 3087 1299 3128 anno
1314 3066 1409 3129 1619.
1422 3066 1625 3149 aliquatenus
1638 3067 1764 3148 interpo-

324 3156 400 3234 lata,
420 3158 443 3221 11
456 3155 494 3220 de
507 3176 590 3219 novo
605 3154 782 3236 approbata
798 3153 1016 3218 immutarent.
1039 3153 1100 3216 llis
1116 3152 1393 3217 nonobstantibus
1410 3154 1500 3218 video
1513 3154 1664 3238 aliquem,
1680 3153 1767 3237 quise
1848 3211 1850 3224 ,

323 3244 531 3326 interpretem
551 3241 841 3325 &hyperaspistem
854 3241 1068 3306 Confessionis
1081 3245 1207 3305 nostrae
1221 3240 1381 3326 Belgicae,
1395 3242 1589 3327 (tacentibus
1602 3244 1669 3308 scil.
1682 3261 1766 3324 usque
1848 3239 1850 3272 1

325 3331 358 3396 iu
379 3331 472 3395 illum
488 3331 572 3394 diem
585 3329 732 3394 omnibus
747 3329 919 3414 Theologis
932 3329 1056 3414 Belgis)
1069 3334 1231 3412 praestare
1243 3331 1348 3413 coepit
1363 3352 1447 3394 anno
1463 3331 1612 3396 16441111
1627 3331 1711 3395 artic.
1724 3329 1767 3390 34.

323 3424 434 3485 notare
450 3420 673 3504 plerarumque
686 3417 899 3481 Ecclesiarum
909 3416 1114 3502 (Nostrarum
1123 3418 1205 3498 scil.)
1217 3419 1360 3492 ἥῑτκημα
1372 3418 1405 3481 in
1421 3418 1574 3482 hodierna
1590 3421 1689 3503 praxi,
1700 3437 1767 3501 quae

323 3507 509 3572 exercitium
518 3507 746 3590 jurisdictionis
759 3528 834 3568 suae
847 3507 1032 3588 spiritualis,
1045 3508 1150 3589 quoad
1161 3528 1309 3572 censuras
1321 3507 1344 3570 11
1356 3507 1587 3572 admonitiones
1603 3531 1713 3582 sacras,
1727 3527 1767 3568 re
1848 3539 1849 3584 3

323 3593 1768 3682 stringuntadeossolos,quosjamadcommunionemeucharisticamadmiseriut.Egoquae·
1847 3585 1849 3618 ³

323 3686 458 3749 ationem
470 3684 552 3747 hanc
563 3684 596 3746 in
608 3683 723 3766 iudicio
736 3681 944 3764 Synodorum,
958 3685 980 3747 11
993 3681 1196 3747 Facultatum
1209 3683 1460 3766 theologicarum
1469 3684 1557 3767 prius
1567 3684 1709 3748 ventilari
1717 3702 1770 3746 ma·

323 3773 655 3852 lim,thelesiarum
666 3770 858 3834 Nostrarum
871 3771 910 3834 ob
924 3771 1042 3834 dictum
1069 3772 1189 3848 ἧτιημκ,
1206 3775 1275 3834 tum
1291 3771 1395 3855 quoad
1410 3771 1584 3836 doctrinam
1602 3769 1770 3855 tumquoad
1847 3813 1849 3844 ‚

322 3859 1097 3944 praxin,censurampublicamtantisperdill'erri.
1108 3857 1220 3941 Neque
1230 3859 1314 3922 enim
1323 3861 1362 3923 ad
1371 3859 1769 3926 defensiouemhcommeu·
1846 3863 1849 3898 ¹³

323 3951 482 4014 dationem
492 3947 880 4013 communisconlessionis
889 3971 926 4010 ea
936 3948 1038 4030 magis
1047 3946 1150 4010 facere
1160 3947 1293 4024 ridetur,
1303 3970 1399 4031 (quam
1408 3949 1566 4031 plurimae
1575 3947 1769 4032 aliaeproble·
1847 3995 1848 4000 1

323 4039 467 4115 matieae,
481 4042 537 4102 aut
548 4037 756 4120 particulares
769 4035 1004 4117 Theologorum
1018 4058 1054 4098 ac
1068 4034 1333 4117 Philosophorum
1345 4036 1508 4119 opiniones
1521 4039 1544 4102 11
1557 4038 1727 4102 sententiae
1738 4055 1769 4097 ex
1846 4055 1848 4116 j

323 4125 465 4208 professo
477 4126 543 4189 illic
556 4130 694 4201 notatae,
707 4129 763 4187 aut
775 4124 872 4186 etiam
883 4124 1063 4206 exagitatae
1073 4146 1108 4186 ac
1117 4124 1321 4206 prostitutae:
1332 4126 1452 4208 qualeae,
1462 4127 1499 4188 do
1508 4128 1601 4190 modo
1610 4121 1771 4209 explicandi
1845 4117 1848 4188 1

261 4213 270 4229 “
322 4215 480 4297 objectum
504 4212 809 4296 praedestinationis,
824 4213 862 4274 de
876 4213 1019 4294 pluribus
1032 4213 1157 4275 rnurrdis
1170 4213 1385 4294 possibilibus,
1399 4215 1436 4276 de
1450 4215 1529 4278 aad.
1545 4216 1662 4299 Capelli
1673 4233 1771 4278 arcano
1846 4199 1848 4246 l

322 4301 547 4386 punctationis,
560 4303 597 4364 de
611 4301 1712 4390 Μο11111111,10111αεΡ1111·αεὶ,Ζ1]111111111“,3101111111,81111111111411111111111,
1726 4301 1771 4365 ra

322 4391 432 4470 alardi,
444 4391 662 4470 Waleissezae,
672 4389 869 4472 aliorumque
879 4387 1769 4474 compluriumparticularibusopinionibus,dictis,lactis.
1844 4385 1847 4448 1

1699 4479 1769 4566 ss.
1846 4531 1847 4540 .
