3768 4842
318 283 361 354 58
512 231 650 347 ⁸Pons.
684 280 709 346 1.
755 282 815 346 Da
848 279 1043 345 Oaracro
1074 279 1222 348 Poa1r.
1256 279 1381 343 Ecca.
1416 251 1505 342 Lib,
1532 233 1564 342 l.
1633 259 1641 276 ⁶

232 479 244 508 '
322 494 393 557 pus,
409 475 478 536 tum
494 470 577 555 quod
589 470 629 534 ad
641 469 778 553 speciem
790 491 827 533 ac
838 469 974 547 fqrmam
989 495 1092 537 suam:
1106 475 1162 537 aut
1177 472 1238 536 hoc
1252 471 1353 536 sinon
1366 471 1433 549 fiat,
1449 474 1485 535 ut
1497 473 1586 535 extra
1598 491 1651 535 eas
1664 469 1706 555 (si
1722 491 1792 534 non

322 564 431 626 contra
450 560 516 644 eas)
530 563 548 624 a
560 558 710 624 membris
726 558 915 642 quibusdam
929 559 1001 624 inde
1013 547 1268 638 desciscentibus,
1285 539 1420 643 aliisque
1432 582 1470 624 ex
1483 549 1555 624 alii's
1567 559 1647 646 locis,
1655 559 1794 624 illorum

320 672 453 716 numero
468 672 509 730 ‚se
531 647 790 740 adjungentibus,
813 669 913 712 novae
937 651 960 715 dc
984 656 1147 735 separatae
1159 649 1322 714 Ecclesiae
1337 648 1371 713 in
1384 649 1495 714 cadem
1507 649 1635 714 civitate
1647 651 1704 712 aut
1716 647 1794 712 vico

279 729 288 750 ⁹
323 739 502 825 erigendae.
515 736 763 816 Rationessunt.
778 737 806 800 1.
827 738 907 812 (lilio
919 742 1050 803 externa
1061 740 1118 804 illa
1131 739 1234 806 forma
1245 737 1451 824 professionis
1463 738 1547 818 fidei,
1556 737 1792 823 promissionis,

323 831 346 896 a
370 827 568 891 admissionis
592 826 623 890 in
652 825 815 908 Ecclesiae
828 827 1079 894 communionem
1095 827 1376 902 fundamentaliter
1388 827 1516 910 quidem
1528 832 1577 892 cst
1589 826 1712 891 divina:
1731 827 1795 890 sed

323 918 357 982 in
380 916 494 981 ultima
516 939 573 982 sua
596 914 790 979 formalitale
814 939 850 981 ac
873 915 1065 999 perfectione
1081 922 1129 983 est
1144 916 1384 982 Ecclesiastico:
1403 919 1451 980 est
1464 917 1548 980 enim
1564 915 1735 1001 applicatio
1747 915 1794 979 ad

323 1005 531 1092 particulares
543 1003 796 1070 circumstantias
813 1027 1029 1088 personarum,
1042 1008 1192 1084 locorum,
1205 1010 1395 1092 temporum,
1409 1005 1503 1089 idque
1519 1027 1576 1089 per
1587 1005 1795 1074 interceden-

194 1171 200 1184 ,
322 1101 373 1161 tes
395 1094 512 1158 liberas
528 1093 771 1159 deliberationes
784 1087 1059 1162 &constitutiones
1072 1073 1321 1172 Ecclesiasticas,
1334 1117 1415 1178 quae
1428 1093 1540 1177 positis
1552 1093 1704 1178 ponendis
1716 1117 1795 1162 mu·

326 1185 398 1263 tari,
422 1187 477 1282 qut
494 1184 536 1273 ‚de
560 1183 676 1268 quibus
699 1181 731 1246 in
756 1205 830 1248 casu
852 1183 1049 1249 necessitatis
1072 1185 1204 1264 remitti,
1232 1189 1255 1252 a
1278 1185 1311 1248 in
1334 1184 1450 1267 quibus
1477 1183 1653 1268 dispensari
1676 1183 1795 1266 possit.

327 1276 357 1338 2.
373 1273 618 1348 Q'uiu'canonicis
631 1272 784 1355 ejusmodi
799 1271 1056 1354 formalissima,
1069 1275 1214 1358 quamvis
1226 1273 1332 1352 licitis,
1345 1273 1442 1336 immo
1455 1274 1477 1338 a
1489 1272 1607 1356 optima
1620 1294 1654 1337 se
1666 1271 1795 1339 baben·
1822 1306 1826 1312 ·

325 1363 422 1442 tibus,
448 1383 512 1426 non
524 1362 617 1426 debet
633 1366 700 1425 tam
716 1360 825 1426 stricte
838 1362 972 1447 allegari
988 1364 1125 1428 essentia
1138 1364 1344 1442 Ecclesiae&
1357 1362 1387 1425 in
1402 1385 1439 1425 ea
1455 1385 1491 1425 ac
1500 1385 1557 1446 per
1569 1384 1638 1426 eam
1652 1360 1797 1425 essentia
1819 1437 1826 1451 Ι

144 1511 158 1542 .
232 1469 239 1490 ·
327 1451 555 1517 communionis
578 1454 768 1514 sanctornm.
790 1451 819 1513 3.
840 1453 919 1524 Quia
936 1451 1184 1517 formalitatibus
1201 1451 1366 1517 Canonicis
1379 1449 1520 1534 Papatus
1533 1451 1675 1534 abjectis,
1690 1449 1797 1514 immo

326 1541 461 1625 &ipsius
473 1539 622 1623 antiquae
634 1537 796 1604 Ecclesiae
809 1540 870 1625 (uti
884 1541 989 1606 Codice
1002 1540 1169 1608 (lurconum
1181 1543 1330 1608 Ecclesiae
1341 1541 1505 1606 liliive-reue
1519 1539 1796 1623 praescribuntur)

325 1629 454 1696 statutis
481 1650 633 1714 magnam
659 1617 783 1712 partim
796 1652 910 1713 susque
923 1629 1024 1714 deque
1037 1630 1166 1711 habitis,
1180 1634 1203 1697 a
1216 1632 1365 1695 libertate
1378 1629 1532 1703 stabilita,
1551 1627 1796 1712 apostolicaque

328 1719 533 1804 simplicitate
546 1739 641 1801 quam
653 1717 795 1800 proxime
808 1718 974 1796 restituta3
991 1742 1054 1784 non
1066 1721 1216 1789 debemus
1227 1743 1284 1804 per
1296 1719 1447 1803 ambages
1459 1719 1499 1782 ad
1511 1718 1620 1783 eadem
1633 1721 1689 1781 aut
1701 1717 1798 1782 simi-

322 1809 371 1873 ·lia
383 1806 570 1892 praeu'pitia
582 1805 779 1886 contendere,
793 1809 815 1873 a
823 1808 938 1892 jugum
950 1831 1048 1874 novae
1064 1809 1304 1874 Ecclesiasticae
1316 1807 1507 1886 autoritatis,
1522 1806 1799 1874 &Ecclesiastica-

330 1920 401 1962 rum
428 1895 689 1960 constitutionum
716 1898 782 1958 tam
805 1896 907 1982 rigida
934 1897 1105 1981 imponere,
1119 1901 1156 1962 ut
1170 1899 1251 1962 nihil
1263 1898 1398 1962 aliarum
1414 1895 1628 1961 Ecclesiaruln
1640 1895 1800 1978 judicio&

329 1985 482 2064 libertati,
499 2007 539 2048 ne
552 1984 678 2068 quidem
692 1984 726 2048 in
738 1985 939 2069 peristaticis,
952 1986 1130 2070 relinquere
1144 1987 1317 2052 videamur.
1330 1989 1361 2050 4.
1381 1987 1461 2059 Quia
1473 1986 1598 2050 videtur
1610 1987 1668 2049 hoc
1680 1985 1800 2050 absur-

330 2077 405 2140 dum
428 2077 451 2140 fr
474 2074 707 2139 incommodum
731 2073 806 2139 hinc
829 2075 928 2158 sequi,
946 2075 1029 2158 quod
1041 2076 1108 2142 scil.
1122 2076 1195 2141 ilico
1208 2076 1248 2140 ab
1261 2074 1413 2141 Ecclesiis
1425 2075 1490 2140 illis
1507 2074 1730 2139 discedendum
1742 2075 1800 2154 sit,

329 2164 445 2250 quibus
469 2167 599 2228 externa
621 2163 715 2226 istius
738 2164 1021 2228 confoederationis
1043 2165 1156 2244 forma,
1181 2158 1423 2250 &intigerrima
1437 2164 1606 2248 integritas
1618 2185 1682 2228 non
1693 2164 1799 2229 adest.

328 2253 402 2320 Non
430 2253 521 2317 video
546 2250 702 2336 quomedo
724 2251 785 2315 hoc
799 2275 862 2317 uon
875 2253 917 2317 sit
928 2252 1153 2320 Donatismum
1165 2253 1357 2336 refodere,·&
1369 2275 1456 2317 more
1470 2251 1713 2336 Anabaptistico
1727 2254 1800 2337 (qui

329 2347 437 2406 tamen
465 2341 559 2406 hodie
583 2341 666 2404 inter
689 2341 761 2405 illos
785 2341 923 2407 multum
946 2343 1102 2408 desuescit
1127 2346 1149 2410 a
1170 2344 1366 2422 emendatur)
1379 2341 1661 2415 ,inminutissimas
1676 2347 1800 2425 partes,

330 2433 426 2496 immo
439 2433 462 2496 lc
474 2431 506 2498 in
518 2428 683 2515 pulverem
695 2428 854 2495 Ecclesiae
867 2454 983 2497 secare.
997 2432 1027 2495 5.
1043 2435 1143 2498 Ccrwl.
1157 2432 1297 2498 Tenetur
1313 2435 1421 2496 tamen
1432 2431 1577 2515 quisquis
1590 2431 1621 2495 in
1635 2430 1801 2496 conscien-

233 2593 237 2605 .
306 2561 312 2582 ·
331 2521 387 2598 tia,
411 2519 600 2584 necessitate
622 2520 783 2603 praecepti
796 2520 894 2584 divini
911 2521 950 2585 ad
961 2522 1192 2605 perfectissima
1204 2525 1227 2588 lt
1239 2521 1440 2590 exactissima
1451 2543 1595 2604 quaeque
1607 2520 1641 2583 in
1655 2519 1716 2584 hoc
1741 2543 1798 2584 ne·

253 2649 258 2662 ·
330 2609 418 2695 gotio
430 2609 589 2687 sectanda,
603 2629 639 2672 ac
651 2611 862 2692 promovenda
871 2611 963 2693 juxta
977 2612 1114 2695 Philipp.
1129 2613 1157 2676 3.
1175 2611 1225 2674 15.
1238 2611 1329 2676 llebr.
1344 2611 1374 2673 6.
1388 2611 1418 2674 1.
1433 2611 1451 2672 2
1468 2607 1536 2676 Ccr'.
1553 2610 1603 2672 ll.
1617 2631 1645 2674 υ.
1664 2615 1693 2672 2.
1708 2609 1739 2672 3.

375 2696 525 2762 6.-XV.
544 2702 665 2771 Quucsl.
680 2697 732 2760 An
744 2720 819 2782 ergo
836 2698 930 2763 liceat
945 2700 1081 2782 migrare
1094 2704 1117 2767 a
1128 2701 1264 2765 transire
1277 2700 1315 2763 de
1331 2698 1473 2763 Ecclesia
1485 2699 1525 2762 ad
1536 2697 1714 2762 Ecclesiam
1727 2721 1797 2764 ma-

248 2801 252 2810 ’
332 2789 382 2874 gis
394 2786 583 2872 perfectam:
597 2809 637 2850 an
650 2808 723 2850 vero
737 2791 889 2870 perpetua
901 2789 934 2851 in
947 2788 1099 2868 Ecclesia,
1112 2790 1201 2874 cujus
1213 2788 1465 2854 communionem
1477 2787 1553 2872 quis
1561 2787 1725 2873 ingressus
1738 2793 1797 2856 cst.

331 2876 523 2942 manendum
536 2875 588 2939 sit.
601 2883 691 2959 Resp.
711 2878 739 2939 1.
757 2875 857 2944 Coocl.
875 2876 1015 2962 Migrare
1029 2879 1102 2943 licet
1114 2901 1152 2942 ex
1164 2878 1308 2943 Ecclesia
1319 2878 1484 2942 laborante
1498 2877 1657 2942 errcribus
1671 2879 1796 2963 (quam-

295 2994 305 3015 ·
330 2966 379 3032 vis
394 2969 498 3030 totum
514 2963 756 3033 fundamentum
771 2987 834 3029 non
847 2966 1043 3051 tollentibus]
1059 2968 1092 3031 in
1104 2969 1247 3032 doctrina
1259 2992 1266 3044 3
1279 2966 1435 3050 imprimis
1448 2966 1476 3030 si
1488 2966 1655 3030 accesserit
1670 2967 1796 3046 scisma,

332 3060 355 3123 a
380 3076 501 3120 errores
524 3053 627 3138 magis
652 3053 866 3135 stabiliantur,
882 3079 940 3120 nec
956 3078 1027 3139 spes
1039 3057 1082 3121 sit
1098 3057 1188 3143 [pag.
1201 3058 1260 3142 66]
1274 3055 1512 3121 emendationis.
1526 3053 1578 3119 Sic
1592 3055 1746 3141 migratio
1758 3079 1796 3121 ex

332 3143 476 3210 Ecclesia
503 3141 696 3220 Lntherana,
723 3146 779 3223 aut
802 3142 1079 3210 Remonstrantica
1105 3145 1297 3231 primigenia
1309 3147 1332 3210 a
1344 3137 1644 3228 quinquerticula'na
1657 3147 1746 3230 (nam
1758 3147 1796 3211 de

332 3230 765 3298 Remonstranto·Sociniaua
789 3233 882 3297 aliter
901 3234 1120 3317 judicandum)
1143 3236 1182 3298 ad
1198 3233 1428 3312 Reformatam,
1442 3255 1604 3318 nunquam
1617 3233 1798 3317 improbata

306 3335 312 3347 ·
332 3324 395 3388 fuit
421 3325 440 3386 a
455 3320 592 3386 Nostris.
607 3322 637 3382 2.
657 3319 757 3388 Calai.
774 3322 883 3386 Etiam
895 3345 933 3386 ex
946 3322 1099 3402 Ecclesia,
1112 3347 1193 3408 quae
1209 3324 1243 3387 in
1260 3321 1417 3408 dogmatis
1430 3322 1557 3408 quidem
1573 3345 1650 3387 sana
1667 3327 1725 3402 est,
1742 3325 1798 3388 sed

332 3410 512 3479 scismatica
535 3415 592 3488 est,
617 3413 640 3475 a
663 3413 792 3476 tandem
808 3412 948 3476 desitura
963 3412 996 3476 in
1009 3435 1141 3490 errores,
1157 3413 1219 3477 nisi
1234 3414 1358 3476 mature
1372 3412 1528 3478 resiliat&
1544 3416 1580 3477 eo
1592 3413 1702 3478 redeat
1714 3415 1797 3478 unde

332 3504 455 3566 resecta
478 3503 536 3564 est.
562 3498 695 3574 Qualem
718 3501 856 3565 arbitror
878 3501 976 3566 fuisse
993 3507 1118 3566 coetum
1134 3500 1395 3581 Browuistarum,
1408 3501 1464 3584 qui
1477 3505 1551 3566 ante
1563 3524 1663 3566 annos
1676 3501 1798 3585 aliquot

331 3588 691 3676 Lugduni-Batavorum
715 3590 772 3654 sub
787 3591 882 3654 ductu
895 3588 1068 3655 Robinsoni
1083 3591 1143 3655 viri
1157 3595 1280 3655 caetera
1296 3591 1352 3674 pii,
1366 3590 1491 3670 eruditi,
1505 3593 1527 3656 a
1540 3588 1714 3668 ὃρθοὸοξίκς
1729 3594 1798 3655 stu·
1864 3653 1868 3666 ,

333 3679 413 3744 diosi
425 3676 537 3742 haberi
549 3678 639 3742 solet.
654 3679 683 3740 3.
699 3680 799 3747 Concl.
813 3677 886 3743 Non
901 3684 949 3744 est
961 3679 1214 3763 improbandum,
1227 3683 1263 3744 nt
1274 3680 1346 3764 quis
1358 3679 1462 3743 studio
1476 3678 1617 3744 melioris
1626 3678 1798 3763 profectus,

333 3771 357 3835 a
383 3767 592 3832 conscientiae
616 3767 860 3852 tranquillitatis
883 3771 1025 3833 transeat
1048 3770 1088 3832 ad
1112 3769 1287 3833 Ecclesiam
1301 3768 1464 3875 puriorem
1475 3792 1512 3834 ac
1527 3767 1748 3853 perfectiorem
1763 3770 1796 3833 in

334 3855 541 3940 simplicitate
561 3855 692 3932 rituum,
715 3857 881 3940 regiminis
909 3866 955 3921 ac·
973 3858 1167 3942 disciplinae,
1192 3858 1270 3922 adde
1298 3857 1395 3922 etiam
1408 3857 1573 3922 inefficaci
1586 3857 1800 3925 ministerio&

335 3945 578 4031 praedicatione,
603 3945 635 4008 in
664 3946 821 4010 exercitiis
845 3947 975 4030 pietatis
995 3947 1130 4030 publicis
1143 3970 1178 4012 ac
1194 3947 1384 4024 domesticis
1397 3947 1492 4032 inque
1505 3946 1686 4034 efficacibus
1698 3949 1721 4012 a
1732 3946 1799 4012 fre·

334 4033 552 4120 quentioribus
565 4033 693 4118 pietatis
706 4035 877 4120 exemplis:
896 4036 923 4100 si
938 4037 1030 4100 modo
1046 4036 1103 4100 fiat
1119 4059 1174 4128 per
1186 4035 1410 4122 migrationem
1423 4037 1460 4100 de
1477 4036 1546 4100 loco
1557 4036 1592 4101 in
1601 4035 1715 4100 locum.
1724 4033 1799 4101 Mu·

334 4123 415 4189 tatio
431 4123 516 4188 enim
534 4123 753 4204 habitationis,
767 4125 883 4189 avertit
895 4126 1031 4208 speciem
1043 4124 1210 4204 scismatis,
1224 4129 1246 4191 a
1259 4125 1417 4203 scandala,
1430 4125 1655 4204 contentiones,
1672 4124 1800 4222 aliaque

223 4227 234 4254 ·
335 4212 533 4278 incommoda
557 4235 637 4296 quae
661 4213 733 4278 inde
760 4214 836 4278 oriri
859 4219 996 4297 possent.
1022 4215 1053 4278 4.
1069 4215 1169 4280 Corccl.
1184 4213 1246 4279 Sed
1257 4219 1294 4278 ut
1305 4215 1415 4278 eodem
1429 4215 1462 4278 in
1474 4214 1542 4279 loco
1554 4215 1592 4278 de
1605 4213 1747 4278 Ecclesia
1759 4217 1801 4279 ad

334 4301 510 4368 Ecclesiam
526 4302 666 4386 ejusdem
682 4303 897 4381 confessionis,
912 4308 967 4368 aut
980 4304 1076 4368 etiam
1089 4303 1219 4368 alterius
1232 4303 1392 4368 idiomatis
1405 4303 1467 4388 ipsi
1479 4326 1541 4367 non
1558 4303 1660 4388 ignoti
1672 4304 1800 4387 proprio

335 4391 707 4504 arbitrio-quistransqat
726 4392 846 4476 absque
863 4392 1054 4469 couscientia
1071 4396 1093 4459 u
1110 4392 1617 4478 consensuutriusqueEcclesiae,
1627 4392 1737 4490 qtique
1748 4415 1800 4457 re-

1595 4519 1613 4546 ·
1675 4488 1800 4568 pugnat
