3722 4850
304 294 349 358 20
673 289 834 356 Ponrrtcaa
861 289 1111 356 Eccaasusmcra
1134 289 1215 355 Pras
1238 287 1263 355 Ι.
1289 288 1354 355 Iun
1378 287 1421 355 ll.

302 485 360 548 aut
375 480 582 560 restituenda,
596 479 652 545 ubi
664 480 788 546 desunt.
805 477 864 546 cui
876 480 1060 565 respondeo,
1074 480 1148 546 dato
1161 482 1255 548 licere
1266 503 1330 545 non
1346 485 1453 546 tamen
1466 480 1536 545 idea
1552 481 1745 560 conducunt,
1759 481 1782 547 d

301 571 343 638 ad
361 570 515 655 majorem
523 569 775 635 aedificationem
787 569 920 634 faciunt.
933 567 1118 635 Omittenda
1129 574 1213 651 sunt,
1227 592 1308 655 quae
1321 593 1378 654 per
1393 592 1427 635 se
1439 593 1503 635 non
1515 574 1590 635 sunt
1601 571 1782 636 necessaria

301 665 359 726 aut
382 659 492 725 utilia:
513 682 585 724 cum
604 658 755 724 damnum
775 679 940 744 emergens
961 659 1063 743 majus
1085 659 1301 739 metuendum,
1323 681 1419 743 quarn
1439 659 1563 724 lucrum
1575 660 1780 744 sperandum.

301 749 393 816 Vidit
404 748 465 813 hoc
477 747 655 813 caecutiens
668 747 812 813 Ecclesia
824 746 979 827 Romana,
991 770 1072 831 quae
1081 747 1302 813 Precationem
1311 748 1518 828 missaticam,
1526 747 1560 813 in
1569 753 1632 832 qut
1640 770 1782 814 comme·

301 835 673 910 moratiadefunctorum
701 837 759 902 tali
781 836 1021 901 nomenclatura
1032 836 1156 908 turbari
1167 837 1281 914 noluit,
1294 837 1349 902 sed
1361 837 1429 921 ejus
1441 836 1609 902 lectionem
1621 860 1662 902 ex
1673 837 1782 922 dipty-

301 926 370 992 chis
388 925 574 1012 abrogavit:
596 947 659 991 non
682 925 841 1006 obstante,
857 925 1039 1008 quodttwt
1049 922 1181 1005 ἄρχαίοις
1197 926 1373 991 obtinuisse
1385 926 1470 990 ultre
1483 928 1626 1010 tempora
1638 925 1781 1006 Alcuini,

300 1038 402 1100 usque
418 1015 458 1080 ad
473 1013 561 1079 Plori
580 1014 740 1100 Magistri,
751 1015 807 1099 qui
822 1014 881 1079 sub
891 1011 1004 1080 Oarolo
1017 1013 1115 1079 Galvo
1127 1013 1246 1093 floruit,
1259 1013 1432 1094 fateantur,
1445 1014 1530 1098 apud
1543 1016 1628 1082 Goar
1640 1016 1678 1079 ia
1693 1017 1782 1084 Notis

301 1107 355 1172 lae.
368 1105 416 1170 cit.
432 1141 471 1152 ·-
480 1104 539 1169 HI.
553 1102 659 1170 Probi.
667 1101 720 1167 An
729 1125 801 1168 eum
808 1125 866 1188 pro
874 1100 1030 1188 Regibus,
1039 1102 1252 1188 Principibus,
1261 1102 1508 1189 Magitratibas
1515 1103 1629 1169 Preces
1639 1105 1781 1188 concipi·

301 1197 408 1273 untur,
417 1214 480 1258 non
488 1194 617 1257 tantum
623 1193 709 1277 ipsos
716 1191 975 1270 nominarised&
984 1192 1130 1256 omnibus
1141 1193 1295 1257 asubdito
1304 1193 1426 1276 quovis,
1437 1190 1620 1272 aMinistro,
1630 1193 1672 1257 ab
1682 1193 1780 1270 Aule,

301 1281 342 1346 ab
356 1286 507 1348 extraneo
518 1279 638 1368 Legata
650 1279 750 1345 tribui
758 1280 861 1346 solitis
868 1279 974 1345 titulis
983 1304 1018 1346 ae
1027 1281 1179 1366 epithetis
1188 1281 1294 1345 ornari
1302 1281 1485 1346 conveniat?
1495 1283 1585 1367 neap.
1596 1282 1671 1368 Nep.
1681 1280 1780 1347 Ratio

301 1376 350 1436 est
361 1369 387 1435 Ι.
403 1371 485 1453 Quia
496 1370 594 1450 tituli,
612 1368 764 1454 epitheta,
777 1369 892 1455 elogia,
905 1370 1032 1454 proprie
1045 1392 1138 1435 usum
1152 1392 1245 1435 suum
1257 1370 1377 1435 habent
1389 1370 1474 1454 apud
1485 1369 1641 1452 homines,
1655 1371 1698 1436 ad
1711 1372 1780 1436 sin·

301 1459 449 1525 dicandas
467 1480 520 1524 eos
533 1461 552 1524 a
563 1461 735 1538 contemtu,
749 1458 771 1523 tt
784 1458 995 1523 reverentiam
1007 1463 1103 1544 atque
1115 1461 1322 1536 autoritatem
1334 1458 1446 1523 iisdem
1461 1459 1705 1526 conciliandam.
1720 1457 1780 1525 Sed

300 1549 380 1613 haec
395 1548 479 1633 apud
491 1548 597 1614 Deum
609 1548 790 1632 importune
802 1551 990 1626 narrantur3
1003 1549 1058 1612 ubi
1071 1547 1264 1628 autoritatis,
1276 1548 1473 1613 reverentiae
1484 1570 1696 1633 personarum
1708 1550 1781 1613 nul·

299 1637 350 1704 lus
369 1640 540 1721 respectus.
566 1637 596 1701 2.
616 1637 699 1719 Quia
719 1636 865 1719 exempla
887 1638 910 1703 a
938 1635 1094 1712 formulae
1122 1636 1358 1716 Precationum,
1376 1658 1458 1720 quae
1480 1641 1609 1700 exstant
1624 1637 1658 1700 in
1671 1636 1783 1724 Scrip-

300 1729 374 1790 tura
393 1725 453 1791 cali
476 1725 644 1790 titulorum
666 1729 784 1810 pompa
807 1724 938 1789 minime
963 1725 1141 1809 splendent,
1166 1747 1237 1790 curn
1262 1747 1320 1810 pro
1342 1725 1414 1789 aliis
1427 1725 1509 1789 fiunt
1522 1724 1779 1792 intercessiones.

301 1815 383 1880 Vide
393 1813 477 1879 inter
486 1814 551 1880 alia
561 1814 647 1881 Peal.
658 1813 744 1879 20.&
755 1814 806 1878 72.
818 1813 874 1876 ubi
883 1813 1017 1881 David&
1025 1812 1176 1879 Salomon
1183 1813 1372 1898 simpliciter
1379 1811 1495 1898 Reges,
1509 1815 1532 1880 0
1544 1813 1633 1878 uncti
1641 1812 1782 1900 {Domini

297 1897 514 1988 appellentur.
529 1905 560 1969 3.
575 1904 659 1985 Quia
666 1902 1049 1987 Concionatorttqailibet
1056 1902 1157 1967 fidelis
1165 1925 1223 1986 pro
1239 1925 1272 1967 se
1282 1903 1451 1986 ipsoorans
1460 1925 1532 1967 cum
1541 1904 1781 1987 pompatitnlo·

301 2015 373 2056 rum
386 1993 410 2058 tt
423 1991 599 2079 alogiorum
613 2014 646 2056 se
661 2013 725 2056 non
739 1991 843 2070 offert,
860 1991 915 2055 sed
930 2013 968 2055 ex
977 1990 1090 2056 intimo
1102 1991 1250 2056 miseriae
1265 2013 1359 2056 sensu
1372 1995 1526 2075 tanquam
1538 2013 1662 2076 pauper
1677 1993 1782 2058 &indi

301 2101 380 2166 gens
394 2103 426 2145 se
440 2080 600 2144 humiliat:
611 2080 767 2165 quomodo
776 2101 833 2164 pro
842 2078 1057 2164 aliorespectu
1067 2079 1127 2145 Dei
1138 2101 1200 2146 non
1209 2081 1315 2144 minus
1327 2079 1452 2156 misero,
1465 2080 1586 2165 indigo,
1599 2080 1736 2166 indigno
1749 2082 1782 2145 in

301 2169 439 2253 peccatis
460 2169 526 2234 suis
550 2189 655 2248 orans,
681 2169 792 2233 afferet
812 2190 884 2233 eum
903 2169 972 2233 Deo
988 2172 1036 2233 tot
1055 2169 1173 2253 plumis
1188 2169 1357 2234 titulorum
1373 2168 1574 2233 exaltatum?
1593 2168 1694 2244 Quasi
1707 2171 1783 2254 quis

300 2257 453 2322 miserum
465 2280 560 2344 quem
572 2258 595 2323 tc
607 2258 734 2342 inopem
745 2256 980 2321 misericordiae
992 2257 1099 2322 divitis
1111 2257 1387 2322 commendaturus
1400 2257 1541 2340 ejusdem
1553 2258 1658 2322 titulis
1671 2261 1697 2324 0
1710 2259 1782 2343 epi-

239 2397 243 2404 .
300 2346 399 2411 thetis
418 2347 599 2431 potestatis,
620 2345 792 2432 potentiae,
810 2345 987 2430 dignitatis,
1009 2346 1214 2410 excellentiae
1234 2345 1422 2410 luxuriaret.
1435 2344 1546 2410 Titulo
1558 2346 1782 2432 distinguente

300 2435 467 2520 indigitari
484 2438 628 2521 possunt,
646 2432 852 2519 Imperatoris
872 2432 949 2510 scil,
971 2432 1081 2519 Regis,
1103 2434 1272 2519 Principis,
1299 2433 1441 2514 Domini,
1457 2432 1614 2499 Ordinum
1627 2457 1685 2500 seu
1703 2433 1783 2502 sca-

300 2528 403 2604 tuum,
421 2522 582 2605 Judicum,
601 2521 862 2610 Magistratuum,
878 2522 1191 2604 Praetereamus.
1208 2544 1270 2587 non
1284 2523 1388 2587 minus
1402 2545 1438 2588 aa
1450 2523 1523 2607 quis
1535 2545 1629 2588 orans
1642 2545 1702 2608 pra
1715 2523 1783 2589 Pa-

300 2612 455 2689 rentibus,
475 2612 583 2693 Heris,
602 2610 876 2696 Praeceptoribus,
897 2615 916 2676 t
939 2611 1161 2697 superioritate
1173 2611 1196 2676 tt
1209 2633 1338 2676 munere
1350 2612 1493 2696 ipsorum
1505 2635 1558 2677 eoa
1576 2612 1784 2679 denominat:

302 2699 465 2776 Quomodo
473 2701 620 2787 Liturgia
634 2699 822 2766 Germanica
834 2699 1044 2780 Palatinatus,
1055 2723 1111 2784 pro
1127 2703 1268 2768 Rorrtano
1285 2702 1488 2785 Imperatore,
1498 2722 1559 2786 pro
1568 2703 1696 2767 acetaria
1704 2703 1785 2768 item

300 2790 433 2876 Rapitur
457 2789 488 2856 a·
507 2789 721 2874 Principibus,
738 2790 896 2874 speciatim
908 2810 968 2874 pra
979 2790 1217 2855 clementissimo
1229 2790 1327 2874 aanor
1339 2790 1485 2874 depictus
1497 2802 1625 2856 nostrae
1636 2792 1786 2857 Doraim

300 2879 341 2944 D.
366 2879 526 2945 Frederico
549 2880 696 2945 Palatino
718 2879 862 2944 Electore.
875 2876 1007 2962 Belgica
1015 2878 1148 2964 antiqua
1160 2884 1234 2943 ante
1242 2881 1402 2942 mutatum
1414 2877 1624 2963 Reipublicae
1636 2884 1784 2946 statum:

299 2988 359 3052 pro
379 2970 522 3035 Romano
539 2969 740 3054 imperatore,
753 2987 814 3052 pro
834 2966 980 3032 ornnitus
1000 2967 1072 3032 aliie
1090 2966 1232 3053 Rapitur,
1257 2967 1470 3051 Principibus,
1489 2965 1694 3044 &Donum
1723 2970 1786 3038 ste.

300 3057 394 3122 etiam
404 3078 465 3141 pro
480 3058 564 3142 rapiat
578 3058 736 3140 Majeatate
748 3056 991 3140 Hispaniarum,
1005 3076 1066 3141 pro
1080 3057 1116 3124 N.
1134 3055 1346 3122 Gubernatare
1359 3057 1469 3141 Balpii,
1483 3057 1556 3122 item
1566 3078 1627 3142 pro
1642 3060 1787 3125 Consili-

300 3146 379 3210 ariis
395 3145 426 3211 d·
443 3145 616 3212 Ordinibus
632 3145 749 3211 laurum
766 3146 1018 3225 mortuomari,
1034 3143 1089 3210 aa.
1104 3143 1241 3228 Anglica
1253 3143 1398 3209 litaniae
1408 3167 1489 3210 'suae
1500 3167 1615 3210 nornen
1629 3147 1789 3214 &munus

301 3231 401 3319 Regis
417 3234 466 3300 sui
482 3234 594 3298 inserit
609 3234 670 3298 boc
685 3234 776 3298 modo
793 3234 866 3304 edit.
883 3234 915 3297 in
934 3235 963 3298 4.
977 3234 1052 3298 anni
1069 3233 1162 3298 1007.
1175 3232 1224 3300 Ut
1233 3234 1359 3319 placeat
1369 3233 1431 3298 tibi
1442 3235 1601 3299 custodire
1615 3235 1638 3300 ta
1654 3237 1786 3300 confir-

301 3345 390 3387 mare
408 3322 459 3388 tc.
480 3343 606 3390 termam
623 3333 714 3388 tuum
732 3323 890 3398 Iacobum,
904 3324 1178 3388 curumtiseimum
1192 3324 1302 3408 chem
1315 3321 1346 3388 0·
1359 3323 1607 3388 Gubernatorem
1618 3337 1789 3392 nastrum.

301 3409 382 3475 lbid.
406 3411 439 3475 in
453 3409 637 3477 Precatione
649 3432 706 3495 pro
718 3409 822 3496 Rege:
836 3414 1030 3497 rogamuste
1042 3410 1198 3478 atterere
1210 3415 1266 3475 tuo
1279 3411 1370 3496 [pag.
1385 3411 1466 3497 500]
1479 3412 1630 3496 respicias
1642 3414 1789 3480 clanen-

301 3501 459 3566 tieeimum
476 3521 662 3586 supremum
679 3500 896 3587 (Soucaraine)
914 3500 1091 3566 Dorainum
1107 3511 1253 3566 nostrum
1273 3501 1384 3584 dapem
1403 3500 1562 3566 Iacobum.
1578 3499 1790 3586 Simplicitas

302 3589 423 3672 absque
442 3589 510 3654 ulla
527 3589 750 3655 ostentationis
771 3589 874 3673 speeie
887 3589 952 3654 sive
965 3588 998 3654 in
1015 3589 1120 3669 rebus,
1133 3589 1199 3654 sive
1215 3589 1248 3652 in
1261 3588 1377 3668 verbis,
1390 3611 1463 3654 cum
1475 3611 1601 3673 semper
1612 3591 1696 3656 mihi
1707 3593 1792 3676 pla·

301 3677 413 3758 cuerit,
436 3699 569 3763 eamque
585 3682 654 3743 toto
666 3677 836 3742 ministerii
847 3678 911 3742 mei
922 3700 1016 3742 cursu
1029 3699 1153 3743 serrare
1166 3677 1352 3753 studuerim,
1367 3678 1482 3762 volupe
1497 3677 1577 3742 mihi
1590 3678 1653 3743 fuit
1666 3701 1790 3745 meeu-

300 3766 418 3831 tiorum
434 3767 467 3831 in
489 3766 661 3833 Germania
678 3765 915 3852 Theologorum
935 3789 1122 3831 consensum
1139 3767 1255 3831 videre.
1274 3765 1403 3831 Primus
1419 3766 1500 3830 mihi
1511 3771 1701 3852 conspectus
1715 3768 1793 3836 fuit

300 3854 443 3921 Andreae
456 3857 610 3934 Keelcrus,
623 3855 726 3940 quiin
742 3855 844 3920 Tbeol.
860 3857 999 3922 Caemm
1014 3855 1200 3921 Garatonicd
1212 3875 1277 3940 cap.
1293 3855 1325 3920 a.
1336 3854 1421 3919 hane
1432 3855 1651 3938 quaestionem
1659 3879 1790 3942 propo-

301 3943 359 4023 nit,
372 3945 396 4011 &
408 3945 446 4009 de
458 3944 560 4010 abusu
571 3945 628 4009 illo
641 3944 674 4008 in
686 3943 838 4009 Ecclesiis
851 3944 1046 4030 euangelicis
1058 3944 1272 4029 conqueritur,
1285 3944 1368 4028 quod
1378 3943 1580 4009 Precationes
1589 3945 1705 4029 plenae
1713 3947 1793 4014 sint

299 4032 568 4120 tutttmtrtiattit,
587 4031 761 4121 tannetum,
781 4031 1169 4120 contristationem
1182 4033 1240 4101 unt
1253 4033 1335 4120 arpa
1349 4033 1507 4117 &quodsi
1523 4055 1598 4098 usus
1611 4033 1665 4098 hic
1676 4039 1792 4102 semel

300 4119 542 4202 intermittatur,
556 4122 724 4187 admodum
737 4125 886 4206 gravatos
900 4145 933 4186 se
947 4121 1086 4186 sentiant
1094 4121 1315 4207 Magistratus,
1325 4123 1347 4186 ta
1356 4125 1509 4205 tanquam
1519 4122 1570 4187 sui
1577 4126 1793 4192 contemtum

301 4209 468 4293 accipiant.
488 4208 582 4276 Hune
603 4209 694 4274 annis
710 4210 833 4295 aliquot
848 4215 921 4295 post
939 4214 1065 4275 secutus
1078 4214 1126 4275 est
1138 4211 1240 4276 Andr.
1255 4210 1456 4276 Pructnerus
1467 4211 1504 4275 in
1516 4212 1663 4277 Marruuii
1676 4214 1792 4281 1000.

301 4298 520 4382 quaestionum
540 4301 589 4364 tac.
611 4319 693 4361 anno
714 4299 809 4361 1661.
822 4299 919 4379 edito,
934 4299 991 4384 qui
1003 4311 1119 4385 quaest.
1135 4298 1392 4364 aeserunium
1404 4297 1530 4365 Kesleri
1542 4301 1667 4384 probat,
1681 4301 1795 4388 eique

301 4385 448 4470 adjungit
460 4385 612 4465 ὁμόψηφον.
626 4387 725 4451 Dunt.
739 4387 774 4450 in
787 4387 885 4452 Decio.
901 4390 1064 4454 Gnatam.
1077 4409 1143 4473 cap.
1157 4388 1188 4452 0.
1202 4410 1254 4474 qu.
1270 4387 1321 4451 36.
1335 4409 1431 4472 quem
1446 4387 1602 4453 Autorem
1617 4389 1795 4460 hactenus

1716 4504 1796 4548 110ss
