3768 4842
234 239 235 244 ἵ
325 269 366 335 26
528 266 1226 385 PnuS.I.jDaOssscroP·on1u.
1263 265 1387 331 Ecca.
1423 267 1513 333 his.
1550 268 1576 333 Ι.

325 459 415 524 Circa
428 457 618 522 Divisiones.
641 497 684 505 -
697 458 825 523 Priores
839 458 962 523 Classis.
978 496 1016 503 -
1032 455 1057 520 Ι.
1074 459 1197 538 (licceat.
1210 455 1262 520 An
1274 455 1418 521 Ecclesia
1430 457 1579 524 instituta
1590 460 1624 523 in
1636 479 1699 522 uno
1713 479 1801 522 con·

325 547 445 613 servari
472 547 583 631 possit,
604 550 680 627 &en
693 545 835 612 Adamas
847 547 933 612 solus
946 569 1017 611 cum
1030 549 1113 610 esset
1125 545 1159 609 111
1171 535 1298 624 muud0,
1315 545 1412 610 fuerit
1428 545 1570 613 Ecclesia
1586 547 1670 613 Dei?
1694 549 1801 630 Hesp.

326 640 396 722 neq.
423 635 572 721 Implicat
590 637 675 702 enim
687 658 787 701 unum
800 659 869 701 esse
881 634 1136 712 multitudinem:
1162 634 1251 718 atqui
1268 633 1411 700 Ecclesia
1423 639 1472 700 est
1483 638 1664 716 multitudo,
1677 639 1701 702 11
1713 636 1800 720 plu-

325 727 409 792 rium
435 725 633 811 aggregatio.
657 725 739 802 Quia
762 729 892 790 vocatur
916 725 950 789 in
962 724 1119 808 scriptura
1131 723 1192 788 Dci
1212 723 1346 802 familia,
1358 746 1504 809 regnum,
1520 726 1670 811 populna,
1682 747 1797 811 grex:

325 809 531 900 comparatur'
551 815 684 899 corpori,
701 813 854 892 aedificio,
867 814 999 879 civitati.
1024 812 1076 878 Sic
1089 812 1289 878 Christianus
1302 813 1356 896 qui
1369 814 1452 878 inter
1469 814 1627 880 Barbaros
1639 819 1661 882 tr
1673 815 1799 880 infide-

326 906 381 982 les,
408 909 463 970 aut
482 903 517 968 id
532 904 664 982 deserto,
678 903 778 975 autin
794 903 899 968 insula
912 904 1019 986 aliqua
1034 907 1124 966 extra
1136 902 1278 966 omnium
1290 901 1456 967 hominum
1468 905 1661 970 consortium
1673 907 1696 970 81
1710 927 1797 968 con-
1817 895 1825 908 ’

327 998 472 1079 spectum
498 993 595 1078 (quod
618 993 722 1058 evenit
738 997 855 1057 nautae
868 991 1066 1070 HollandicO,
1080 992 1165 1056 ultra
1177 991 1312 1077 triginta
1323 1014 1435 1068 annos,
1448 993 1482 1057 ni
1498 994 1601 1068 fallor,
1616 997 1724 1077 &post
1736 1015 1799 1056 eos

326 1083 455 1148 tandem
484 1083 522 1147 ad
542 1104 615 1148 suos
628 1071 747 1164 reducit
761 1083 846 1146 solus
858 1081 962 1145 Deum
975 1081 1050 1145 colit
1064 1081 1098 1144 in
1111 1080 1226 1163 spiritu
1239 1084 1262 1147 81
1275 1080 1419 1159 veritate,
1432 1103 1496 1146 non
1509 1087 1557 1148 est
1572 1081 1726 1148 Ecclesia.
1751 1080 1795 1146 Si

329 1194 462 1258 quaeras
491 1195 530 1236 an
539 1171 581 1236 sit
595 1172 632 1236 dc
644 1171 797 1248 Ecclesia,
809 1194 865 1235 seu
878 1171 1057 1236 membrum
1070 1169 1246 1234 Ecclesiae:
1272 1170 1308 1234 de
1324 1170 1479 1235 invisibili
1491 1176 1514 1238 tr
1526 1173 1660 1258 mystica
1675 1193 1798 1236 concc-

329 1262 449 1326 dimus:
475 1262 513 1325 de
536 1261 684 1326 instituta
710 1259 876 1345 Negamus
903 1264 975 1324 actu
1000 1281 1035 1324 ac
1061 1259 1187 1342 proprie
1215 1281 1287 1324 curn
1302 1282 1369 1324 esse
1381 1261 1572 1340 membrum,
1585 1261 1611 1326 si
1623 1282 1796 1345 nunquam

330 1350 489 1416 Ecclesiae
513 1349 646 1432 alicujus
674 1340 859 1432 explicitam
885 1347 1137 1413 communionem
1162 1348 1278 1412 coluit:
1302 1349 1482 1414 virtualiter
1505 1354 1528 1417 81
1554 1349 1795 1434 potentiacum

330 1440 432 1504 dicere
444 1441 471 1504 si
483 1439 561 1504 velis
573 1439 763 1516 membrum,
776 1439 933 1523 siquidem
944 1437 1115 1502 totocorde
1131 1437 1286 1501 desideret
1299 1440 1321 1503 11
1334 1439 1373 1502 ad
1384 1438 1464 1503 illud
1476 1439 1648 1524 dispositus
1661 1439 1719 1514 sit;
1732 1460 1797 1522 per

330 1551 388 1594 nos
416 1528 499 1593 licet.
523 1525 585 1592 Sed
607 1529 668 1592 hoc
695 1529 746 1592 est
771 1527 943 1612 improprie
968 1526 1175 1593 &admodum
1192 1526 1404 1612 analogicum.
1428 1527 1489 1603 Qui
1503 1527 1795 1592 anteacommuni·

330 1639 422 1682 onem
444 1617 593 1701 explicite
606 1617 713 1695 coluit,
727 1619 749 1682 8
761 1640 844 1681 nunc
860 1617 944 1682 solus
961 1617 1094 1701 (absque
1107 1638 1165 1678 sua
1180 1614 1287 1699 culpa)
1303 1639 1339 1680 ac
1352 1623 1517 1700 separatus
1530 1617 1570 1682 ab
1579 1616 1665 1681 omni
1677 1615 1796 1682 Eccle-

330 1707 377 1771 sia
404 1705 523 1771 visibili
546 1706 677 1769 eandem
705 1710 860 1789 quantum
882 1709 989 1789 potest
1001 1704 1174 1782 continuat,
1186 1704 1279 1768 illum
1291 1707 1470 1770 membrum
1482 1707 1675 1790 implicitum
1691 1705 1795 1784 dicas,

331 1797 461 1880 ejusque
479 1795 731 1860 communionem
742 1793 932 1878 inplicitum.
957 1793 1064 1878 Atque
1075 1793 1149 1857 hinc
1167 1797 1254 1877 patet
1270 1794 1345 1876 quid
1357 1794 1562 1890 iudicandpnq
1575 1797 1613 1865 de
1625 1794 1796 1891 Pontifici-

270 1927 275 1940 ·
330 1907 421 1949 orum
445 1884 589 1949 Ecclesia
604 1883 760 1948 catholica
773 1884 912 1963 virtuali,
929 1905 1011 1966 quae
1024 1883 1057 1946 in
1069 1905 1132 1946 uno
1147 1881 1244 1965 Papa,
1258 1883 1422 1948 &uirtuali
1435 1868 1644 1962 dioecesiaha,
1658 1884 1792 1969 quaein

332 1996 394 2038 uno
416 1973 575 2057 Episcopo
603 1973 763 2037 consistat.
802 2013 841 2020 —
859 1970 901 2037 Π.
929 1975 1051 2054 Quueel.
1077 1971 1129 2035 An
1144 1970 1287 2035 Ecclesia
1300 1972 1414 2036 debeat
1426 1979 1570 2039 constare
1587 1997 1626 2038 ex
1638 1973 1796 2057 paucissi-

332 2063 403 2142 mis,
431 2066 486 2126 aut
498 2063 657 2146 pauculis:
683 2085 723 2127 ne
735 2062 801 2126 scil.
815 2061 985 2126 multitudo
997 2060 1101 2145 pariat
1114 2060 1339 2126 confusionem.
1366 2065 1454 2147 Hesp.
1480 2066 1552 2147 Nep.
1580 2063 1607 2126 1.
1635 2062 1795 2144 (111111116-

332 2151 446 2218 clesiae
469 2151 676 2236 particulares
699 2156 854 2234 tempore·
869 2151 1097 2234 Apostolorum
1122 2149 1161 2213 ab
1178 2149 1242 2214 illis
1255 2151 1404 2216 collectae
1417 2155 1440 2218 81
1455 2153 1621 2218 institutae
1633 2175 1698 2216 non
1714 2175 1795 2216 cou-

333 2241 462 2306 stabant
487 2240 608 2324 paucis,
637 2244 673 2303 ut
699 2238 919 2319 Antiochena,
936 2239 1109 2323 Ephesius,
1138 2236 1292 2318 Romana,
1320 2240 1532 2316 Corinthiaca,
1560 2241 1793 2325 Philippensis,

333 2329 564 2415 Thyatirensis,
599 2327 900 2414 Hierosolymitana.
936 2327 1019 2392 Vide
1053 2329 1153 2394 Actor.
1191 2329 1220 2391 2.
1259 2331 1282 2394 81
1316 2329 1346 2392 4.
1375 2332 1397 2394 du
1427 2325 1476 2393 13.
1502 2331 1532 2394 2.
1560 2331 1642 2412 Quia
1665 2332 1794 2396 numeri

333 2419 524 2484 modificatio
551 2417 629 2482 haec
654 2424 709 2482 aut
732 2419 798 2495 illa,
826 2441 889 2482 non
913 2422 960 2482 e'st
983 2417 1122 2482 essentia
1146 2420 1203 2480 aut
1226 2418 1393 2482 essentiale
1413 2418 1604 2503 requisitum
1616 2418 1792 2484 Ecclesiae.

331 2510 360 2574 3.
388 2509 470 2591 Quia
492 2506 545 2571 vix
570 2507 683 2571 idonea
707 2511 755 2572 est
775 2507 918 2572 Ecclesia
930 2510 997 2570 taur
1010 2507 1117 2595 paucis
1131 2511 1277 2570 constans
1290 2511 1330 2592 (e.
1345 2528 1392 2590 gr.
1409 2508 1437 2571 7.
1455 2511 1510 2572 aut
1527 2509 1557 2572 9.
1572 2507 1738 2589 membris)
1751 2511 1794 2574 ad

330 2599 520 2682 potestatem
544 2595 709 2680 regiminis
734 2595 1005 2680 &jurisdictionis
1029 2595 1245 2673 exercendam,
1270 2595 1383 2660 oborto
1408 2598 1556 2661 scandalo
1580 2597 1792 2664 &offensione

330 2685 439 2752 fratris
463 2685 497 2749 in
522 2685 674 2750 fratrem:
698 2686 813 2770 quibus
830 2685 944 2750 demtis
959 2707 1031 2749 cum
1044 2685 1180 2748 testibus
1193 2685 1268 2763 suis,
1285 2687 1308 2750 81
1321 2683 1477 2750 Ministris
1490 2690 1586 2771 atque
1599 2686 1790 2769 inspectori-

329 2776 389 2840 bus
413 2773 573 2858 sepositis,
595 2780 714 2857 quanta
731 2773 865 2839 restabit
877 2773 1043 2840 Ecclesia?
1065 2812 1104 2820 -
1119 2771 1178 2837 III.
1194 2776 1318 2856 qurest.
1335 2773 1386 2837 An
1403 2797 1479 2857 ergo
1493 2775 1612 2840 alicubi
1622 2775 1705 2839 inter
1718 2775 1793 2839 infi-

330 2865 426 2942 deles,
451 2868 507 2928 aut
534 2863 567 2927 in
595 2863 700 2928 insula
712 2864 802 2950 [pag.
818 2863 876 2950 27]
890 2862 1126 2929 habitatoribus
1143 2862 1304 2940 destituta,
1318 2867 1425 2928 coetus
1438 2865 1598 2949 espancis
1614 2863 1792 2930 Ecclesias-

331 2954 391 3018 tice
416 2956 439 3018 u
463 2952 606 3037 legitime
634 2951 800 3018 institutus
824 2953 866 3016 sit
891 2975 963 3040 vera
986 2951 1153 3016 Ecclesia?
1177 2953 1268 3036 Resp.
1296 2950 1486 3018 Conceditur
1509 2977 1586 3033 esse,
1608 2977 1673 3018 non
1685 2953 1793 3020 minus

331 3065 428 3126 quarn
450 3041 555 3106 infans
582 3041 676 3105 unius
700 3043 762 3119 diei
775 3046 822 3106 est
838 3043 952 3120 homo;
973 3046 995 3109 81
1011 3041 1198 3124 oppidulum
1212 3045 1268 3105 aut
1283 3041 1493 3108 communitas
1505 3067 1544 3107 ex
1556 3042 1700 3127 pauculis
1716 3066 1793 3107 con-

330 3131 417 3209 flata,
438 3133 486 3194 est
499 3130 629 3213 politia:
644 3131 700 3194 ubi
713 3131 773 3194 hoc
789 3132 897 3217 agitur
910 3137 946 3196 ut
957 3129 1099 3216 (protidie
1111 3129 1341 3202 incrementum
1353 3136 1490 3196 sumant.
1515 3171 1558 3180 —
1581 3131 1639 3196 IV.
1666 3133 1792 3213 Qrurest.

331 3220 381 3284 An
406 3242 468 3283 non
492 3219 606 3284 debeat
632 3221 733 3304 major
760 3243 828 3284 esse
856 3219 1046 3304 frequentia,
1069 3242 1166 3302 quarn
1179 3242 1260 3302 quae
1273 3222 1435 3284 commode
1449 3245 1511 3286 uno
1525 3223 1594 3286 loco
1607 3220 1792 3285 adverbum

332 3309 533 3386 audiendum,
550 3309 721 3392 omniaque
733 3309 956 3374 Ecclesiastica
968 3308 1149 3393 peragenda
1165 3309 1330 3374 convenire
1342 3310 1470 3394 possit?
1497 3313 1584 3394 Resp.
1598 3308 1652 3374 Ita
1662 3309 1792 3394 quidem

331 3403 437 3462 censet
460 3397 594 3462 eximius
618 3395 800 3482 Theologus
828 3401 970 3464 Arcesius
995 3399 1045 3464 lib.
1074 3399 1101 3460 1.
1129 3399 1280 3463 ellcdullue
1306 3389 1383 3482 Cupi
1397 3400 1449 3462 38.
1467 3401 1495 3484 ᾗ.
1511 3401 1561 3464 18.
1577 3401 1628 3462 19.
1642 3398 1685 3462 Et
1696 3397 1792 3464 hodie

203 3569 205 3574 s
330 3485 488 3571 Theologi
496 3486 651 3565 nonnulli,
664 3487 719 3570 qui
732 3486 946 3552 Ecclesiamm
962 3487 1224 3570 independentem
1237 3490 1259 3553 81
1273 3487 1544 3553 scelestissimam
1556 3487 1706 3554 Politiam
1719 3510 1790 3553 mo-

331 3576 462 3639 liuntur.
486 3575 595 3638 Etiam
619 3575 753 3640 antehac
776 3577 839 3640 tale
863 3579 940 3660 quid
953 3577 1034 3641 ursit
1046 3576 1243 3642 liubin-sonus
1256 3577 1290 3640 111
1302 3578 1450 3661 Apolcpiu
1461 3600 1534 3663 pop.
1551 3575 1601 3641 12.
1615 3599 1789 3660 omnesque

331 3664 385 3728 alii
405 3665 502 3749 vulgo
518 3664 594 3728 dieti
608 3666 825 3730 Brouzouislue
837 3669 859 3732 8
871 3668 1077 3750 Spar-arurae
1090 3667 1124 3728 ia
1137 3668 1195 3730 suri
1209 3668 1366 3750 Apoleyid,
1377 3668 1522 3749 petitione
1533 3667 1578 3732 od
1591 3660 1699 3750 Repeto
1716 3667 1790 3733 thes.

332 3755 362 3817 8.
387 3752 468 3828 Quin
494 3755 517 3818 81
540 3754 695 3837 Dudlcjus
719 3757 877 3820 Fearcerus
906 3756 956 3820 lib.
982 3756 1010 3818 7.
1042 3754 1218 3838 Theoloplee
1233 3776 1416 3838 socraecup.
1434 3756 1461 3819 l.
1487 3755 1565 3820 Tale
1578 3755 1655 3840 quid
1666 3755 1791 3821 videtur

332 3842 473 3920 innuere,
493 3864 566 3906 cum
578 3842 753 3906 Ecclesiam
767 3844 991 3927 particularem
1007 3843 1118 3908 definit
1130 3856 1247 3908 cochem
1258 3845 1352 3931 fidene
1362 3847 1586 3932 profitentium,
1600 3846 1655 3930 qrri
1665 3845 1708 3908 ed
1722 3866 1790 3909 oen-

331 3933 386 3995 11111
409 3933 518 3998 saltem
540 3931 705 3995 ordinaria
731 3933 855 3997 duri-rece
881 3935 1010 3998 Potitios
1033 3953 1166 3998 creauere
1190 3933 1331 3997 obercudu
1359 3933 1465 3998 idonee
1475 3935 1621 3999 constitui
1633 3933 1664 3999 a·
1675 3937 1789 3998 secerni

330 4033 463 4105 poseant
487 4023 536 4086 bc.
561 4019 604 4084 Et
623 4043 698 4084 mox
711 4021 854 4104 subjicit:
877 4015 970 4088 'Unde
984 4023 1014 4087 u·
1029 4023 1229 4086 ccreccnicudi
1245 4024 1328 4086 leeris
1341 4043 1499 4109 muopupa
1509 4024 1614 4106 primo
1629 4024 1680 4086 Pa.
1695 4023 1746 4086 74.
1758 4024 1788 4088 8.

198 4129 217 4152 ·’
241 4135 248 4148 ·
329 4121 433 4193 postca
454 4110 586 4176 Ecclesia
598 4107 712 4173 dicitur
727 4111 755 4173 1.
770 4113 837 4176 Cor.
860 4111 909 4175 14.
924 4109 1143 4195 Respexcrunt
1157 4111 1265 4194 procul
1282 4110 1377 4175 dubio
1388 4111 1533 4196 theologi
1548 4112 1607 4190 illi,
1622 4111 1788 4194 parochia-

332 4197 378 4262 les
402 4221 474 4263 suas
498 4197 703 4283 Anglicanas,
728 4199 844 4284 quibus
875 4204 1088 4265 assueverant.
1112 4199 1173 4264 Sed
1199 4223 1333 4265 nosnon
1348 4200 1564 4265 videmushoc
1579 4199 1788 4264 necessarium

333 4309 410 4366 esse,
435 4287 599 4352 autetiam
612 4309 736 4372 semper
749 4289 899 4372 &ubique
913 4313 933 4353 u
949 4291 999 4354 ile.
1025 4289 1177 4353 Rationes
1190 4293 1279 4354 sunt:
1307 4291 1334 4352 l.
1363 4290 1444 4372 Quia
1456 4288 1616 4354 Ecclesiae
1630 4288 1788 4374 Apostoli-

333 4397 387 4441 eac
399 4375 699 4462 Hierosolymitana,
713 4377 926 4458 Corinthiaca,
938 4378 1111 4463 Ephesiae,
1125 4378 1335 4458 Antiocheae,
1353 4376 1495 4444 Romana
1507 4382 1556 4445 hc.
1571 4379 1787 4463 1118118116-

1707 4488 1787 4554 8⁰8³
