3736 4860
368 309 480 392 Toron.
493 310 536 381 Π.
560 291 720 380 snam.
745 311 1084 382 Dsdonmrsrnsrrora
1097 312 1256 413 Biemann.
1281 314 1351 382 Ora
1366 312 1409 381 ΙΙ.
1563 315 1626 382 149

132 495 276 562 Laberis
291 499 401 562 metris
412 499 496 582 tortu
506 509 550 562 est
559 497 739 582 promissio.
751 499 801 565 no.
818 497 834 560 l
850 495 995 564 Corinth.
1012 497 1042 564 7.
1056 499 1191 566 Maritus
1201 499 1287 564 eaba
1299 501 1435 588 infidelis
1450 502 1627 590 ruaetifioo·
1740 579 1743 588 Ι

132 595 213 662 tur,
244 584 298 650 uo.
321 586 441 671 etiarm
464 585 553 652 liberi
569 586 1169 664 wariimmandiesseatmaaountrm
1180 591 1376 654 matronali.
1390 587 1533 655 Tandem
1545 591 1630 656 exei-

132 672 220 756 piat
249 673 334 757 quis,
360 673 715 740 Exoommunicatorum
728 673 856 738 illorum
868 674 983 740 delicta
995 679 1036 761 (e.
1049 697 1097 760 gr.
1117 675 1322 760 apostasiam,
1334 677 1631 744 seumavisreoidi·

132 783 227 825 vam
242 762 442 846 &relapsum
453 760 475 826 J
476 762 649 827 udaeorum
661 784 698 828 aa
709 761 895 828 Maurorum
907 763 1143 847 baptizatorum
1158 764 1198 829 ad
1209 763 1386 830 Parentum
1398 769 1455 830 aut
1470 764 1631 851 Majorum

131 871 288 916 suorum
311 849 491 934 perfidiam)
514 873 583 914 esse
606 853 733 914 tantum
756 850 953 934 personalia;
977 857 1269 936 aoproptereanon
1283 875 1351 918 asse
1363 852 1508 920 Infantes
1521 877 1631 924 eorum

131 937 310 1004 arcendos
332 937 538 1022 iaBaptismo,
548 939 642 1022 juxte
653 938 809 1022 regulam,
823 939 923 1006 lilius
933 959 1005 1006 aaa
1016 941 1092 1026 [eet
1104 941 1301 1026 iniquitatem
1314 941 1432 1008 Patris.
1448 941 1506 1008 Oui
1520 944 1630 1028 reponi

130 1030 276 1112 posset,
297 1027 371 1092 dato
385 1027 468 1092 hane
487 1047 551 1092 non
569 1027 661 1112 [pag.
679 1026 761 1112 667]
774 1049 842 1092 esse
854 1049 984 1093 causam
995 1029 1174 1112 proximam
1186 1031 1210 1095 6
1221 1028 1432 1113 adaequatam
1444 1031 1627 1116 negationi:
1704 1089 1708 1096 .

130 1137 210 1180 non
243 1117 352 1180 tamen
376 1114 548 1198 positivam
570 1114 750 1180 collationis
773 1138 902 1181 oausam
923 1115 998 1182 inde
1017 1116 1139 1182 deduci.
1170 1115 1297 1181 Dioitur
1316 1118 1445 1204 quidem
1456 1119 1627 1195 κατ’ἄρσιν,

130 1225 211 1270 non
242 1207 320 1268 sunt
343 1207 434 1268 erbe
456 1201 585 1268 foedus:
610 1203 666 1268 sed
684 1202 1006 1278 dicaturmsesw,
1026 1208 1101 1270 sunt
1113 1203 1328 1288 intrafoedus,
1343 1204 1630 1272 artemonem&

131 1291 416 1358 ecclesiasticum.
440 1289 533 1359 Unde
556 1291 636 1356 illud
659 1292 925 1376 probaturiquia
941 1292 1629 1376 antehaebaptizatisuntionomenldecle·

130 1381 216 1446 siae
245 1380 411 1458 dederunt,
424 1381 447 1446 dr
462 1380 558 1445 fidem
571 1377 707 1464 professi
723 1384 808 1460 sunt,
820 1402 916 1464 quam
932 1403 1017 1446 nune
1030 1382 1194 1466 ejurnrunt
1204 1384 1228 1448 6
1239 1381 1475 1466 blasphemant.
1488 1381 1551 1448 Hie
1563 1393 1629 1447 ter·

130 1469 262 1535 minus
275 1472 355 1534 esto.
371 1467 460 1534 Haec
471 1468 544 1533 aliis
559 1467 756 1534 discutienda
767 1468 924 1552 relinquo.
936 1467 995 1534 111.
1008 1471 1103 1536 noant.
1116 1467 1151 1535 Si
1162 1468 1465 1536 llxoommunicatus
1478 1470 1550 1553 quis
1565 1469 1628 1536 ali·

130 1579 263 1643 quam‚
289 1557 434 1640 quamvis
457 1557 634 1635 obscuram,
658 1556 886 1622 emendationis
906 1579 996 1640 spem
1007 1558 1143 1634 faceret;
1157 1561 1214 1625 aut
1226 1557 1340 1624 saltem
1353 1558 1496 1624 inducias
1509 1562 1529 1623 ia
1541 1558 1627 1624 blas·

130 1645 358 1730 phemiarum
381 1645 538 1711 diabolica
556 1645 795 1730 oppugnatione
810 1645 970 1730 mysteriis
982 1645 1057 1712 fidei
1068 1649 1195 1711 nostrae
1211 1647 1410 1712 concederett
1424 1647 1535 1731 utique
1546 1645 1627 1712 faoi-

130 1735 211 1800 liua
231 1734 273 1798 de
290 1732 455 1817 Baptismo
467 1733 637 1800 deliberari
653 1737 770 1817 posset.
786 1731 849 1798 Sed
861 1732 1038 1824 singularia
1048 1733 1135 1800 faeta
1147 1755 1219 1800 oum
1231 1734 1480 1800 euoumstantiis
1492 1739 1567 1800 sunt
1582 1735 1630 1800 in·
1684 1781 1687 1788 .

131 1823 258 1902 finita,
283 1843 365 1904 quae
375 1821 506 1888 banniri
517 1843 581 1886 non
593 1824 743 1905 possunt:
756 1844 814 1888 neo
826 1822 970 1907 generali
981 1822 1247 1888 determinatione
1259 1825 1326 1888 tam
1341 1823 1436 1888 facile
1449 1823 1575 1906 exponi,
1592 1828 1628 1890 ut

131 1933 265 1978 omnes
290 1909 494 1976 difficultates
519 1911 664 1976 sublatae
688 1910 863 1974 videantur.
890 1909 953 1975 Vix
978 1927 1117 1997 unquam
1142 1933 1233 1976 casus
1248 1910 1298 1976 illi
1309 1909 1629 1990 offeruntur,drfortd

131 2020 322 2082 nunquam
333 1998 433 2064 oblati
448 2002 540 2064 sunt:
554 2021 617 2063 non
634 2000 683 2062 est
694 2019 771 2082 ergo
785 1999 870 2083 quod
883 1999 917 2062 in
929 1999 1072 2064 molestis
1083 1998 1149 2069 illis
1165 1997 1440 2084 disquisitionibus
1455 2020 1512 2064 nos
1527 1999 1628 2065 otiose
1769 2077 1771 2081 ι

132 2093 374 2171 torqueamus.
398 2085 434 2152 Si
459 2087 629 2170 aliquando
652 2086 770 2151 alieubi
793 2086 901 2151 offerri
924 2087 1104 2172 contigerit,
1116 2087 1292 2172 depioient
1302 2087 1474 2170 prudentes
1486 2085 1628 2154 Ministri

131 2199 184 2244 an
214 2197 348 2241 neeesse
366 2175 409 2241 sit
428 2175 502 2240 ilico
513 2175 687 2258 baptizare,
699 2195 741 2239 an
753 2197 828 2240 vero
838 2175 952 2260 majori
963 2198 1036 2242 oum
1051 2179 1228 2256 πληροφορίᾳ
1239 2176 1470 2260 baptizantium
1483 2178 1506 2243 6
1517 2175 1628 2241 Eeole·

132 2267 219 2354 siae
246 2263 466 2329 aedificatione
481 2262 685 2347 Baptismum
700 2254 836 2328 differre.
849 2263 938 2328 Haeo
953 2263 1034 2328 mihi
1046 2285 1110 2330 non
1122 2264 1272 2343 diotmdi,
1284 2267 1342 2330 aut
1353 2265 1489 2330 aliorum
1504 2263 1627 2348 opinio·

131 2375 219 2430 nes,
245 2351 364 2418 nedum
387 2351 527 2418 Antores
549 2351 726 2416 insectandi
749 2357 853 2427 causi,
877 2352 1031 2424 haetenus
1044 2351 1231 2429 &mertam
1245 2353 1300 2418 sed
1311 2353 1427 2436 potius,
1444 2356 1481 2418 ut
1496 2352 1628 2419 eruditis

133 2433 355 2510 occasionem
379 2460 586 2526 suggererem
609 2439 705 2505 altius
728 2440 766 2504 de
790 2438 842 2504 his
864 2440 1035 2525 cogitandi.
1052 2439 1306 2508 Nonnemoante
1318 2441 1628 2526 annosaliquotuou
1693 2475 1695 2480 ·

131 2531 221 2598 sine
246 2527 395 2612 apposito
420 2527 524 2612 elogio
548 2527 715 2612 &aptore
737 2527 851 2613 ubique
860 2529 1126 2612 paradoaiinme
1139 2528 1274 2594 incurrit
1288 2529 1322 2594 in
1333 2529 1463 2612 publiea
1474 2529 1625 2613 disputat.
1708 2585 1712 2594 .

72 2679 81 2686 .
112 2617 268 2686 'habita
293 2616 321 2682 7.
333 2615 425 2682 Junii
444 2615 539 2680 1648.
553 2617 598 2681 at.
617 2615 908 2702 reeompensatus.
921 2616 1322 2702 tloedopieoprnctioormn,
1335 2638 1387 2702 qa.
1402 2617 1432 2681 4.
1445 2619 1474 2702 fi.
1488 2617 1520 2682 6.
1534 2616 1579 2681 Et
1592 2609 1626 2683 in

132 2707 238 2774 libro
261 2705 388 2770 ansteo
411 2725 495 2770 anno
521 2704 615 2768 1649.
631 2704 683 2770 tit.
703 2705 847 2790 Theolopi
858 2705 1021 2772 Paradoai
1032 2705 1128 2785 edito,
1141 2707 1165 2772 b
1180 2705 1271 2770 annis
1283 2705 1407 2788 aliquot
1421 2709 1494 2788 post
1505 2726 1626 2784 recuso,

132 2793 239 2882 quod
250 2793 286 2859 in
297 2793 422 2878 Syllaba
438 2791 671 2860 problematum
683 2813 826 2859 meorum
838 2792 1036 2877 scripsissem
1049 2816 1099 2858 me
1114 2793 1268 2859 inclinare
1275 2793 1310 2860 in
1318 2796 1500 2878 negantem.
1509 2790 1627 2858 Fateor

131 2907 198 2951 me
213 2881 393 2948 vaesanus
404 2879 452 2948 ite
462 2885 540 2952 tunc
550 2880 703 2964 posuisse,
716 2880 837 2966 absque
849 2880 916 2964 ulla
928 2882 1147 2966 explicatione.
1161 2880 1243 2946 Eam
1259 2885 1295 2947 ut
1306 2881 1452 2946 absolute
1464 2884 1488 2947 b
1501 2880 1625 2965 simpli·

130 2974 233 3041 citer
256 2969 461 3048 affirmarem,
475 2967 558 3052 quod
570 2968 647 3034 facit
663 2991 836 3053 opponens,
849 2973 868 3034 a
880 2991 932 3035 me
942 2972 1020 3035 tune
1030 2971 1203 3054 impetrare
1217 2991 1282 3034 non
1292 2972 1447 3053 poteram,
1459 2991 1517 3034 neo
1529 2968 1625 3034 etiam

130 3081 237 3128 nnnc
249 3058 395 3142 impetro.
420 3057 484 3122 Vix
496 3057 595 3122 etiam
607 3061 791 3142 comparent
802 3056 979 3141 Scriptores
991 3057 1154 3136 nostri,·ne
1166 3057 1295 3141 quidem
1306 3056 1391 3122 inter
1400 3056 1487 3142 ipsos
1499 3056 1625 3136 citatos,
1721 3139 1727 3150 Ι

130 3148 204 3235 qni
232 3146 302 3212 sine
324 3167 443 3231 magna
457 3145 602 3210 cautione
618 3145 790 3212 affirmant.
803 3144 851 3212 Ut
862 3145 996 3230 alicujus
1009 3143 1273 3212 exeommunicati
1284 3144 1458 3230 perstentis
1469 3148 1578 3210 tamen
1590 3143 1625 3210 in

131 3235 298 3326 generali
309 3234 417 3318 aliqud
429 3233 563 3299 foederis
575 3236 598 3302 6
609 3233 684 3300 fidei
696 3234 893 3318 professione
905 3237 929 3301 6
940 3233 1144 3318 Baptismum
1156 3233 1303 3317 petentis,
1316 3234 1431 3300 saltem
1442 3255 1505 3298 non
1515 3231 1624 3316 prohi-

131 3323 270 3400 bentis,
294 3323 392 3388 immo
404 3325 428 3389 6
439 3321 533 3387 electi
547 3344 584 3386 ao
595 3343 703 3387 semen
714 3322 874 3388 salvificae
886 3321 960 3388 fidei
971 3323 1006 3388 iu
1017 3345 1051 3388 se
1062 3321 1211 3388 habentis
1227 3322 1369 3407 (qualem
1381 3320 1531 3388 describit
1542 3319 1624 3388 Per-

131 3417 234 3482 kim.
257 3409 323 3478 Lib.
345 3411 375 3476 2.
387 3431 456 3494 cop.
472 3411 522 3475 10.
535 3431 588 3496 qa.
601 3411 632 3474 3.
645 3410 713 3478 &in
724 3410 877 3476 Ecclesiis
890 3411 1027 3500 Belgicis
1038 3411 1204 3478 vmunun
1215 3408 1370 3476 haetenus
1381 3412 1545 3493 repertum
1555 3429 1623 3474 ere-

131 3504 202 3586 do)
230 3497 342 3564 Infans
361 3497 550 3583 baptizetur,
561 3497 661 3564 nolim
676 3521 866 3584 repugnare.
879 3497 942 3565 Sed
953 3500 1092 3564 arbitror
1106 3498 1192 3583 apud
1203 3521 1261 3564 nos
1273 3496 1491 3582 quaestionem
1503 3518 1571 3562 esse
1584 3495 1623 3562 de

131 3613 214 3659 non
240 3591 325 3652 ente.
348 3585 394 3652 Ut
416 3585 527 3652 invitis
543 3585 734 3652 Parentibus
748 3587 1037 3666 excommunicatis,
1056 3587 1185 3654 enfide
1200 3585 1377 3670 apostatis,
1390 3606 1524 3669 eamque
1536 3584 1624 3650 blaa·

131 3675 380 3768 phemantibus
403 3673 546 3740 Infantes
561 3676 601 3739 ad
617 3673 819 3758 Baptismum
829 3675 1021 3752 offerentum
1038 3698 1101 3740 non
1113 3674 1216 3761 magis
1230 3673 1400 3760 probatum
1412 3672 1514 3751 video,
1525 3693 1623 3756 quam

130 3765 299 3836 Infantes
321 3762 430 3828 invitis
446 3761 636 3828 Parentibus
649 3761 840 3843 Gentilibus,
851 3762 874 3830 J
876 3763 994 3842 udaeis,
1007 3762 1159 3843 Turoiois,
1172 3767 1229 3830 aut
1240 3761 1390 3846 professis
1405 3759 1531 3839 Atbeis,
1544 3759 1623 3826 Dei·

131 3856 222 3932 stis,
233 3851 411 3936 Epicureis,
423 3849 822 3922 Libertina-Enthusiastis
835 3873 903 3918 esse
924 3853 1139 3936 baptizandos.
1153 3850 1236 3916 Vide
1248 3851 1286 3916 de
1297 3849 1430 3915 Judaeis
1444 3848 1623 3933 dllingium

131 3948 204 4012 loc.
231 3941 281 4006 cit.
304 3938 356 4005 Ex
377 3939 512 4026 Synedis
536 3935 667 4024 Belpieis
687 3940 842 4008 Dordrao.
866 3963 949 4006 anno
968 3939 1208 4008 lsraelem.
1223 3938 1398 4004 concedunt
1410 3935 1622 4020 baptismum,

132 4032 204 4100 sed
217 4027 351 4094 subhac
365 4026 553 4107 conditione,
566 4030 603 4094 ut
613 4031 711 4094 testes
723 4029 854 4113 propius
865 4029 1059 4113 obligentur.
1071 4027 1211 4093 Brielan.
1225 4048 1309 4092 anno
1326 4027 1421 4092 1623.
1435 4024 1549 4091 Puella
1565 4021 1623 4092 Pa·
1751 4081 1753 4086 .

131 4120 208 4188 tris
236 4114 482 4200 smbspnstioi,
505 4116 669 4181 conoiones
690 4121 815 4182 nostras
838 4116 972 4182 subinde
987 4115 1231 4200 frequentantis,
1247 4136 1344 4199 quem
1359 4135 1496 4181 noverca
1506 4111 1619 4180 Refor-

1 4251 2 4254 =
131 4211 240 4278 mata
263 4203 428 4282 offerebat,
449 4225 513 4270 non
528 4203 591 4269 nisi
603 4204 694 4290 [pag.
711 4205 793 4291 668]
806 4205 865 4271 sub
877 4209 1044 4288 sponsione
1057 4203 1252 4271 educationis
1268 4203 1407 4270 admissa
1418 4201 1492 4268 fuit.
1505 4199 1622 4268 Confer

1 4297 2 4343 l
135 4299 342 4368 Geaeurasee
364 4292 449 4377 apud
465 4291 643 4360 Zenobiam
657 4292 723 4360 Lib.
742 4293 771 4357 l.
787 4294 916 4378 Epium
927 4313 1002 4378 pao.
1017 4293 1089 4359 121.
1103 4295 1232 4370 Baros,
1247 4291 1424 4371 Calvinum,
1440 4288 1620 4358 666361ιαί-

132 4405 225 4455 „aa
247 4381 399 4450 meaa
418 4380 605 4463 soram.
620 4381 872 4450 assamur.
887 4383 1076 4464 earam.
1093 4380 1332 4468 namisias,
1345 4381 1395 4450 eo.
1408 4376 1621 4534 rupem
