3768 4842
311 314 333 376 4

310 499 405 563 nibus
418 496 588 583 propositis
600 501 657 560 aut
673 496 747 560 inde
758 494 934 561 formandis
947 497 1153 575 scaturiente,
1167 497 1379 562 auditoribus
1391 497 1528 582 aliisque
1544 495 1693 562 omnihus
1705 493 1787 562 Lec-

311 587 436 651 toribus
461 586 743 670 praescripturum.
768 588 1013 651 Concordoruiue
1025 588 1160 665 biblicae,
1173 588 1205 651 a·
1220 589 1393 661 ,hortorum
1409 589 1504 651 Poridi
1520 588 1662 666 Tossoui,
1679 589 1787 653 Boem-

311 678 387 740 nelli
409 675 563 753 thesauri,
575 675 707 759 insuper
717 675 837 739 indices
849 676 1067 752 materiarum,
1080 677 1158 760 quin
1171 677 1347 740 maximum
1360 699 1453 739 usum
1466 677 1615 754 habeant,
1628 698 1722 745 nemo
1733 676 1785 739 in-

312 765 413 829 ficiari
435 769 561 848 potest:
587 787 667 847 quos
690 768 797 827 tamen
811 768 830 827 a
842 763 999 829 Studiosis
1015 764 1208 831 &Ministris
1222 765 1298 850 legi,
1314 765 1427 849 relegi,
1441 764 1674 841 edisei'debere,
1686 787 1785 829 nemo

312 855 437 917 dixerit
451 851 501 916 De
510 852 768 929 Quaestionibus‚
785 841 929 930 Casibus,
947 854 1042 917 Praxi
1055 855 1303 938 adiaphororum
1317 859 1382 917 stat
1398 853 1479 916 mihi
1492 854 1651 917 sententia
1662 852 1787 937 Synodi

312 949 439 1007 nostrae
451 942 622 1005 nationahs
634 946 694 1005 art
707 942 761 1005 85.
783 943 819 1006 lu
839 944 1023 1026 adiaphoris
1036 944 1186 1008 liclesiue
1197 958 1317 1007 exterae
1331 966 1370 1006 uc
1382 944 1573 1026 rq'iciuulur,
1589 964 1669 1028 φωρ
1680 945 1785 1007 olium

311 1035 330 1094 b
355 1045 462 1095 inostro
492 1052 588 1094 euram
611 1030 733 1112 habeut.
761 1029 822 1093 Sed
848 1032 887 1095 de
914 1032 965 1095 his
989 1033 1022 1094 in
1049 1033 1119 1115 ipso
1145 1034 1244 1116 Opere
1256 1033 1321 1096 lib.
1339 1034 1369 1095 l.
1383 1045 1470 1096 lrocl.
1484 1033 1515 1094 2.
1528 1033 1552 1096 a
1570 1033 1636 1096 Lib.
1651 1033 1683 1095 2«
1696 1045 1736 1096 tr.
1754 1034 1784 1096 l.

312 1120 345 1185 o·
364 1133 449 1204 piari.
469 1122 499 1183 3.
513 1121 558 1183 lil.
574 1121 613 1183 de
627 1120 845 1195 bloclerutioue,
863 1122 1050 1198 Toleromid,
1068 1121 1217 1184 Libertate
1228 1122 1437 1205 prophetandi
1449 1120 1594 1204 pluribus
1607 1122 1786 1204 agendum
1836 1181 1850 1202 ,

313 1212 336 1275 h
360 1209 496 1273 antehac
519 1213 626 1272 actum
653 1209 684 1272 2.
711 1210 798 1272 Part.
822 1211 918 1273 select.
944 1211 1059 1292 Dispp.
1083 1211 1128 1273 lil.
1151 1211 1189 1273 de
1200 1212 1347 1297 Articulis
1360 1210 1391 1274 ll·
1407 1210 1576 1274 Erroribus
1588 1210 1784 1295 heracleoten-

314 1298 438 1363 lulibus.
1517 1304 1523 1313 “
1851 1299 1860 1313 “

299 1405 309 1421 ·
360 1389 406 1452 De
427 1388 570 1451 citatione
591 1390 757 1464 Arctorum,
778 1386 924 1452 &crebris
936 1387 976 1451 ad
991 1410 1045 1451 eos
1056 1389 1253 1464 remissione,
1266 1389 1389 1451 consilii
1406 1389 1635 1452 incitationem
1650 1388 1785 1471 exposui

314 1476 347 1538 in
372 1477 503 1561 Proesol.
526 1476 569 1539 od
596 1477 624 1538 l.
652 1478 738 1540 Pure.
766 1477 901 1539 elecem.
927 1479 1039 1559 Dispp.
1060 1481 1096 1540 nt
1107 1492 1214 1540 actum
1229 1477 1280 1540 hic
1293 1499 1391 1562 agere
1402 1480 1480 1540 haut
1491 1500 1571 1561 opus
1587 1481 1691 1540 esset:
1721 1478 1786 1541 nisi

314 1563 469 1648 Scriptori
485 1565 581 1628 alicui
604 1565 751 1647 repetitis
762 1570 835 1648 post
847 1584 966 1629 annum
982 1566 1076 1628 1645.
1088 1566 1194 1629 brevis
1210 1567 1391 1650 Syslcruulis
1407 1566 1456 1629 sui
1469 1566 1662 1630 editionibus
1675 1566 1707 1629 in
1720 1568 1787 1631 Dc·

313 1655 499 1719 dirutione&
519 1653 772 1738 Praefatiouibus
784 1654 817 1716 in
830 1653 1072 1738 Disputationes
1084 1656 1219 1717 selectas
1232 1658 1254 1719 t
1267 1655 1300 1717 in
1313 1643 1548 1718 Bibliothecain
1560 1677 1666 1718 meam
1678 1656 1785 1728 visum

311 1742 426 1807 fuisset
437 1742 605 1806 sareasmis
617 1742 683 1805 suis
694 1742 866 1806 incurrere.
889 1741 1013 1826 Operae
1025 1744 1163 1826 pretium
1177 1765 1255 1827 ergo
1267 1765 1319 1806 me
1330 1743 1492 1807 lacturrun
1503 1744 1654 1821 arbitror,
1663 1745 1691 1807 si
1704 1743 1785 1808 hec·

312 1832 386 1907 tori,
399 1854 494 1914 quem
507 1830 879 1915 fortahaectangent,ad
888 1832 1006 1895 dictam
1020 1833 1248 1914 Praesuliouem
1260 1854 1360 1896 rrrmru
1371 1833 1514 1909 remisso,
1524 1833 1654 1916 insuper
1663 1855 1784 1918 sugge·
1798 1845 1805 1854 '

312 1943 392 1997 ram,
404 1943 456 1983 me
471 1920 592 1983 Scleclis
609 1921 720 2002 Dispp.
733 1923 810 1983 erreis
822 1918 992 2004 Synopsim
1005 1919 1201 2005 'theologiae
1209 1927 1265 1984 aut
1274 1921 1368 1985 breve
1382 1921 1528 2004 Systema
1537 1922 1668 1984 minime
1676 1921 1786 1984 inten-

312 2009 406 2085 disse,
422 2014 479 2072 ant
492 2008 692 2091 promisisse;
705 2031 762 2072 nec
775 2010 873 2072 etiam
886 2010 962 2072 solis
974 2008 1166 2092 Tyronibus,
1179 2033 1217 2073 ex
1230 2008 1395 2073 Mellilicio
1407 2010 1611 2086 mtechetico,
1624 2015 1681 2073 ant
1691 2009 1732 2071 W
1734 2012 1786 2074 ol-

315 2098 391 2160 lebii
403 2098 580 2181 theologia,
592 2098 696 2161 alioue
708 2098 816 2181 aliquo
828 2098 1035 2161 elementario
1051 2121 1086 2162 ac
1103 2096 1275 2181 Synoptico
1287 2099 1406 2182 scripto
1417 2099 1621 2163 instituendis
1627 2099 1786 2162 diatribas

226 2247 236 2262 ,
312 2187 386 2249 illas
409 2192 485 2250 tcmc
510 2186 660 2270 legendas
672 2187 853 2269 scripsissc;
867 2188 1008 2270 adeoque
1020 2209 1189 2270 perperam
1200 2187 1240 2250 ad
1251 2187 1438 2251 methodum
1454 2188 1652 2252 &modulum
1665 2210 1787 2272 synop-
1853 2238 1861 2251 .

313 2273 396 2339 tione
407 2298 445 2338 ac
453 2275 575 2358 primae
586 2275 720 2358 alicujus
736 2275 957 2350 institutionis,
970 2277 1104 2339 selectas
1113 2283 1238 2339 nostras
1250 2272 1493 2360 Disputationes
1506 2277 1592 2360 exigi
1602 2301 1610 2349 ς
1619 2299 1701 2359 quae
1713 2278 1786 2360 ple-

313 2387 432 2447 raeque
451 2369 526 2427 sunt
545 2362 728 2441 elencticae,
747 2366 769 2429 br
789 2369 876 2428 certo
891 2364 1000 2447 aliquia
1018 2365 1192 2443 occasione,
1206 2368 1228 2430 b
1241 2366 1281 2427 ad
1297 2367 1493 2448 postulatum
1510 2366 1685 2428 doctiorum
1706 2365 1786 2430 Stu-

314 2453 475 2517 diosorum
485 2453 684 2536 aliorumque
696 2458 786 2516 extra
793 2457 873 2516 hanc
882 2454 1087 2517 Academiam
1097 2454 1280 2517 Amicorum
1290 2455 1496 2537 conscriptae.
1513 2455 1603 2528 Quod
1616 2454 1642 2517 si
1653 2454 1700 2517 vir
1708 2455 1786 2518 doe-

314 2541 456 2605 tissimum
483 2542 533 2605 rel
557 2563 642 2605 nunc
664 2542 792 2605 tandem
819 2565 926 2606 secum
947 2542 1093 2606 habitare
1105 2544 1212 2616 vellet,
1225 2542 1319 2606 facile
1332 2543 1551 2606 recordaretur
1564 2547 1582 2605 a
1596 2566 1629 2605 se
1642 2543 1682 2605 ab
1699 2566 1787 2607 auno

317 2631 412 2693 1643.
422 2633 445 2695 h
457 2631 605 2713 deinceps
617 2631 850 2714 disputationes
863 2631 1022 2712 Exegesin
1034 2631 1248 2694 Confessionis
1265 2631 1414 2715 Belgicae
1426 2633 1624 2695 continentes
1633 2631 1786 2715 Discipu-

314 2719 354 2782 lis
376 2719 443 2782 suis
458 2720 637 2802 propositas
649 2719 758 2794 fuisse,
779 2742 861 2802 quae
872 2720 1078 2783 citationibus
1089 2721 1193 2782 omnis
1209 2722 1335 2803 generis
1351 2722 1507 2783 tutorum
1522 2722 1690 2783 lesselluloc
1705 2725 1784 2786 tunc

314 2809 558 2891 comparebant3
571 2830 706 2890 quorum
718 2831 869 2872 numerus
883 2809 1029 2871 secundis
1042 2809 1126 2872 curis
1138 2810 1280 2872 ascendit
1293 2810 1376 2872 ultra
1391 2811 1455 2871 500
1469 2802 1596 2892 praeter
1609 2811 1651 2872 39
1669 2809 1785 2873 Conci·
1836 2807 1844 2820 ’

314 2897 358 2959 lia
369 2900 392 2961 b:
405 2896 535 2960 Codices
547 2918 719 2971 canonum;
731 2898 848 2980 quihus
860 2898 1035 2980 permixtos
1046 2898 1154 2960 rideas
1165 2921 1227 2961 non
1240 2905 1366 2961 tantum
1383 2896 1559 2974 Rabbinos,
1571 2899 1626 2961 sed
1638 2901 1661 2962 b
1672 2921 1785 2963 recen·
1818 2928 1822 2933 ·

313 2986 411 3048 tiores
424 2985 647 3068 Philosophos,
660 2986 850 3069 Agrippam,
864 2983 888 3048 F
891 2986 1019 3056 icinum,
1032 2985 1252 3052 Gafl'arellum.
1265 2985 1475 3070 Timplerum,
1488 2985 1691 3065 Sennertum,
1702 2987 1783 3050 Car-

314 3075 443 3150 tesium,
469 3073 675 3150 Zwaresinm,
701 3073 887 3150 Fonsecam,
899 3074 1183 3149 Conimbriceuses
1199 3075 1364 3142 Batinum.
1378 3075 1600 3159 Deusingium,
1614 3075 1785 3140 Gemmam

316 3161 466 3232 Frisium.
492 3162 712 3245 Copernicum,
726 3163 960 3246 Caesalpinum,
979 3162 1170 3246 Scaligeros„
1182 3162 1407 3239 Screihlerum,
1419 3167 1470 3229 sc.
1487 3187 1558 3228 curm
1572 3163 1786 3229 Scholasticis

313 3252 466 3335 antiquis,
488 3255 511 3316 b:
533 3250 705 3318 hodiernis.
733 3251 920 3326 lombardo,
933 3250 1068 3318 Thoma.
1082 3251 1186 3319 Scuto.
1200 3252 1363 3319 Durando„
1378 3254 1583 3320 Ariminensi.
1596 3252 1691 3327 Soto;
1705 3253 1786 3317 Vic-

314 3341 407 3412 toria,
433 3339 591 3423 vasquez,
614 3339 777 3410 Valentia,
801 3340 956 3409 Puteano.
985 3339 1158 3409 Paludano,
1175 3344 1226 3409 bre.
1239 3345 1260 3406 s
1274 3341 1455 3404 recentibus
1471 3342 1786 3406 Commentatoribus
1839 3361 1847 3373 ·

316 3428 491 3492 Pontificiis
519 3428 646 3495 lonno.
669 3428 822 3503 Serrario,
835 3428 959 3494 Toleto.
972 3428 1168 3496 Salmeroue.
1183 3429 1311 3495 hibera.
1326 3433 1353 3493 Α
1368 3430 1497 3514 lapide,
1512 3433 1563 3495 hc
1591 3431 1670 3505 Quis
1686 3454 1786 3515 prop·

317 3524 404 3581 terea
427 3518 548 3600 absque
571 3519 656 3600 turpi
680 3519 861 3601 ignorantia
873 3523 930 3581 aut
941 3518 1059 3601 insigni
1072 3519 1242 3581 cavillandi
1256 3520 1386 3582 libidine
1399 3520 1473 3583 huic
1489 3519 1655 3602 Theologo
1668 3543 1785 3603 expro-

315 3607 408 3669 brare
421 3613 537 3689 posset,
550 3607 634 3689 quod
646 3608 797 3670 citatione
812 3605 954 3681 Patrum,
965 3605 1195 3679 ltabbiuorum,
1210 3605 1461 3684 Haereticorum,
1474 3610 1650 3672 recentium
1662 3611 1685 3674 tr·
1696 3613 1786 3672 vete-

314 3718 384 3757 rum
397 3694 646 3778 Theologorum,
660 3695 904 3771 Historicorum,
918 3695 1216 3761 tirammaticorum.
1235 3696 1417 3765 Pmitarum.
1430 3696 1709 3781 Philosophorum,
1722 3697 1744 3760 J
1746 3721 1786 3761 u-

314 3784 576 3856 reconsultorum,
600 3784 856 3850 Canouisturmn.
879 3784 1108 3859 Casumtarum,
1131 3786 1337 3867 parisopbiam
1353 3791 1540 3861 ostentaret,
1553 3791 1609 3849 aut
1621 3787 1785 3850 auditores

314 3873 444 3934 triennii
468 3873 572 3955 spatio
599 3874 742 3946 eandem,
758 3873 893 3935 evolutis
909 3873 1093 3958 quingentis
1106 3875 1128 3937 t
1141 3874 1278 3955 anrplius
1295 3876 1396 3938 aaronis
1413 3876 1539 3958 generis
1555 3874 1728 3957 Scriptorih
1849 3881 1854 3889 ’

314 3968 536 4024 consecuturos
561 3962 622 4024 sibi
637 3962 830 4045 sponderet?
854 3962 932 4035 Quis
944 3962 1013 4023 siue
1025 3962 1129 4024 strutio
1145 3963 1378 4025 coiitradicendi
1392 3964 1682 4029 excitationibus&
1698 3964 1720 4025 ir

315 4050 372 4112 ciis
385 4051 543 4112 Autorum
559 4051 769 4132 quorundam,
781 4050 878 4112 etiam
893 4050 1221 4112 aiuimeulationilus
1234 4058 1289 4113 aut
1301 4051 1538 4134 Discipulorum
1551 4051 1718 4115 hectorum

315 4138 356 4200 ad
368 4160 421 4199 eos
434 4138 683 4204 remissionibus.
691 4140 744 4221 jus
760 4140 885 4201 suitulis
898 4146 953 4201 aut
964 4140 1187 4220 puisse-esiconem
1203 4140 1316 4202 ,iictori
1330 4141 1377 4202 illi
1393 4140 1538 4203 formulis
1551 4145 1573 4206 h
1586 4142 1724 4224 prouomi

315 4227 375 4288 hus
385 4227 570 4308 paesici<
582 4230 638 4297 lui,
655 4230 707 4290 sui
718 4228 899 4293 scholastici.
911 4228 1052 4293 lesuitue.
1067 4231 1248 4294 (indoneus.
1262 4231 1428 4294 (arodus.
1442 4230 1716 4306 lbrciumriceuses,

315 4315 498 4377 scriberet?
522 4314 617 4378 Dicat
641 4317 724 4379 forte
746 4317 830 4398 quis.
857 4315 951 4398 hange
975 4316 1131 4377 diversam
1145 4339 1214 4379 esse
1227 4318 1382 4379 nationem
1396 4319 1529 4381 alterius
1545 4319 1744 4395 Academiae,

312 4403 408 4486 hujus
432 4409 577 4465 nostrae:
607 4405 651 4467 ihi
678 4405 813 4479 utiliter,
837 4406 1026 4485 opportune,
1042 4405 1154 4466 desire
1166 4405 1397 4488 disputationes
1410 4409 1590 4490 exegetica<
1602 4406 1748 4470 Confessi

1734 4519 1752 4558 r
