3752 4858
258 253 369 320 Tarm.
383 255 425 320 ΙΙ.
449 253 537 320 Scor.
550 253 608 320 IV.
632 255 681 320 Da
693 254 813 320 Connus
827 253 998 320 Doururcaa
1013 251 1300 324 Anurursrsrrroua.
1325 256 1396 323 Car.
1409 257 1469 325 III.
1528 260 1592 326 215

115 445 186 510 sive
209 443 394 509 immediate
406 444 445 507 de
457 463 554 508 manu
566 443 599 506 in
612 465 753 522 manum,
766 443 833 508 sive
844 441 982 506 mediate
994 442 1184 529 porrigendo
1197 467 1272 511 eum
1285 443 1480 526 Senioribus,
1496 448 1519 514 b
1535 472 1592 533 per
1623 431 1624 434 Ἴ

116 555 236 598 manns
257 529 425 598 Saniorum
443 531 751 597 communicantibus
771 532 921 596 traderet.
945 529 1025 596 Cum
1045 535 1152 599 autem
1169 535 1340 603 Libcltnlns
1355 534 1411 599 ille
1426 541 1497 619 post
1513 538 1593 604 illud

115 627 249 706 tempus
273 643 438 705 nunquam
460 619 541 684 mihi
565 621 665 687 lectus
689 623 741 692 sit,
765 643 824 686 nee
846 620 916 704 ejus
938 619 971 684 in
988 622 1148 703 praesenti
1161 625 1253 708 eopia
1266 624 1389 689 aliundi
1401 624 1470 689 lieri
1483 632 1591 712 queat,

115 710 227 776 neseio
241 711 318 796 quid
330 711 368 774 de
380 709 437 774 illa
449 709 734 794 disceptatiuncula
745 708 959 774 statuendum.
980 707 1103 774 Saltem
1115 710 1147 776 in
1160 713 1321 778 communi
1333 735 1421 778 more
1433 713 1592 781 Ecclesia·

115 823 192 866 rum
205 799 421 882 Belgicarum,
436 801 471 862 ut
483 799 611 883 quidem
625 798 705 863 mihi
716 802 810 864 notus
820 801 878 878 est,
887 820 948 861 non
960 797 1098 863 arbitror
1110 800 1232 885 ahquid
1244 801 1376 862 ἀτάκτου
1389 807 1445 868 aut
1453 804 1591 873 indecori

8 889 10 920 '
116 893 137 954 a
149 911 315 974 quoquam
328 887 560 972 deprehensum
573 887 624 953 iri.

8 1047 9 1054 χ
163 979 197 1043 9.
223 979 347 1060 Quaest.
371 976 422 1042 An
444 977 464 1040 ὰ
481 977 626 1042 Ministro
642 975 840 1042 distribuente
855 975 991 1060 sistqulis
1008 977 1330 1059 communicantibus,
1345 981 1443 1064 panis
1462 979 1592 1051 &calin

8 1087 9 1140 j
113 1066 357 1154 porrigendus?
369 1067 461 1150 Hesp.
474 1063 564 1140 Quod
577 1065 616 1129 ad
628 1087 753 1149 panem,
766 1065 870 1129 variat
884 1065 993 1148 praxis
1006 1063 1039 1128 in
1051 1064 1203 1132 Ecclesiis
1215 1067 1343 1133 nostris.
1368 1067 1431 1134 Hic
1444 1071 1540 1150 enim,
1555 1078 1592 1139 ut

8 1187 9 1248 q
115 1160 141 1224 b
153 1156 188 1220 in
203 1155 364 1240 plerisque
376 1153 528 1219 Ecclesiis
540 1153 727 1234 minoribus,
740 1153 876 1238 singulis
889 1153 1084 1238 porrigitur:
1097 1154 1186 1235 alibi,
1198 1155 1387 1240 praesertim
1395 1157 1429 1223 in
1438 1158 1589 1227 Ecclesiis

8 1251 9 1262 *
116 1243 404 1330 frequentioribus,
417 1241 473 1308 ubi
485 1265 613 1308 mensae
627 1243 786 1328 longiores
802 1264 956 1327 magnum
967 1263 1137 1307 numerum
1149 1243 1245 1310 simul
1258 1243 1590 1315 Communnicantium

7 1329 8 1386 l
115 1335 264 1419 capiunt,
281 1331 460 1397 bMinistro
472 1331 633 1415 aliquibus
646 1332 789 1416 proxime
803 1330 1015 1396 assidentibus
1024 1329 1117 1416 panis
1126 1333 1319 1419 porrigitur3
1333 1335 1449 1420 reliqui
1462 1337 1499 1404 de
1508 1360 1590 1422 pane

115 1422 305 1488 frustratim
328 1420 430 1484 fracto
446 1421 469 1486 b
485 1420 518 1484 in
530 1420 657 1504 patinas
673 1420 813 1505 reposito
825 1423 950 1503 partem
962 1441 1053 1484 suam
1070 1421 1187 1506 quique
1199 1444 1297 1488 manu
1312 1426 1370 1488 sut
1381 1429 1527 1492 sumunt.
1550 1425 1589 1492 In

115 1533 216 1596 quem
236 1511 332 1575 tinem
344 1509 473 1594 patinae
487 1511 506 1572 a
525 1509 636 1573 dextra
662 1507 827 1575 &sinistra
839 1507 981 1572 Ministri
996 1530 1096 1593 usque
1109 1511 1150 1574 ad
1161 1511 1258 1576 finem
1269 1533 1399 1577 mensae
1412 1515 1589 1581 successive

116 1605 137 1665 a
161 1597 479 1666 Communicantibus
494 1600 730 1680 promoventur.
755 1596 851 1662 Hunc
861 1597 991 1663 modum
1003 1597 1104 1663 suasit
1116 1598 1427 1666 Communicantium
1442 1603 1476 1667 in
1490 1606 1589 1690 majo-

117 1688 210 1754 ribus
223 1687 375 1754 lleclesiis
388 1690 479 1753 tanta
491 1685 689 1770 frequentia:
703 1690 738 1750 ut
751 1685 893 1771 alioquin
906 1685 1140 1752 administratio
1151 1711 1209 1773 per
1221 1693 1326 1755 totum
1338 1689 1405 1755 fere
1417 1691 1502 1756 diem
1514 1716 1588 1777 pro-

115 1777 289 1856 trahenda,
314 1777 453 1842 &coetus
465 1775 627 1840 Ecclesiae
640 1774 828 1840 detinendus
840 1777 932 1840 esset.
950 1772 1066 1840 Visum
1078 1798 1155 1862 ergo
1167 1776 1229 1842 luit
1245 1777 1327 1844 dioto
1343 1778 1542 1845 incommodo
1554 1782 1588 1846 in

115 1865 296 1950 majoribus
315 1863 467 1930 Ecclesiis
479 1865 540 1928 hac
551 1863 674 1928 ratione
690 1862 926 1948 aliquantulum
937 1885 1111 1930 occurrere.
1134 1861 1173 1930 ln
1189 1865 1262 1931 aliis
1274 1867 1465 1952 quibusdam
1476 1867 1588 1936 Eccle-

116 1955 188 2034 eiis,
204 1953 284 2020 satis
300 1954 399 2020 etiam
412 1952 645 2038 frequentibus,
658 1952 714 2017 ubi
726 1951 862 2038 singulis
875 1955 895 2016 a
906 1951 1055 2017 Ministro
1065 1953 1158 2036 panis
1169 1955 1357 2041 porrigitur,
1370 1955 1503 2041 ideoque
1515 1956 1588 2024 bre·

116 2044 225 2110 viores
248 2047 323 2107 sunt
346 2063 487 2118 mensae,
512 2063 593 2126 quae
609 2041 731 2107 nonita
746 2041 864 2106 multos
880 2041 1100 2106 accumbentes
1113 2043 1241 2127 rapiant
1256 2044 1375 2130 (qualis
1387 2043 1466 2110 haec
1476 2052 1588 2112 nostra

115 2131 348 2216 Ultrajectina)
372 2153 429 2214 per
451 2130 544 2196 binos
566 2129 732 2194 Ministros
755 2129 852 2194 simul
874 2129 1097 2195 distribuentis
1120 2131 1253 2198 actionis
1270 2132 1377 2216 aliqua
1390 2133 1588 2201 abbreviatio

116 2220 293 2306 quaeritur.
316 2219 378 2286 Sed
398 2219 578 2284 antidotum
590 2218 805 2284 antidotorum
821 2217 904 2282 foret
917 2216 1125 2302 Templorum
1140 2220 1397 2287 &Ministrorum
1412 2222 1446 2287 in
1458 2224 1587 2308 majori-

116 2311 179 2376 bus
203 2308 368 2388 Ecclesiis,
394 2308 631 2392 multiplicatio.
656 2306 876 2374 Nihilominus
888 2312 1039 2372 neutrum
1050 2309 1180 2374 modum
1197 2310 1288 2376 video
1301 2333 1480 2396 repugnare
1493 2311 1586 2378 insti-

116 2397 237 2464 tutioni
263 2399 285 2464 b
309 2398 456 2481 exemplo
478 2396 610 2462 Christi.
632 2395 669 2462 In
693 2397 786 2461 modo
802 2395 947 2460 tradendi
959 2396 1066 2462 calicis
1077 2401 1155 2482 puto
1167 2403 1291 2465 nostras
1304 2399 1463 2466 Ecclesias
1475 2423 1586 2467 conve-

115 2486 197 2552 nire.
222 2485 351 2571 Ubique
362 2486 457 2551 enim
476 2486 625 2571 poculum
644 2485 788 2570 proxime
807 2484 1019 2550 assidentibus
1031 2508 1129 2551 manu
1141 2485 1282 2552 Ministri
1298 2492 1355 2553 aut
1365 2486 1587 2556 Ministrorum

116 2575 242 2662 porrigi
255 2575 354 2653 solet3
371 2576 456 2660 quod
468 2575 508 2640 ab
520 2574 586 2640 illis
597 2577 763 2660 gustatum
775 2596 832 2658 per
844 2574 969 2638 eosdem
981 2574 1053 2642 aliis
1067 2575 1289 2656 assidentibus,
1303 2579 1326 2644 b
1338 2576 1438 2642 abhis
1449 2578 1586 2644 vicissim

115 2665 191 2731 aliis
216 2667 239 2731 b
256 2665 301 2730 sic
316 2663 464 2748 deinceps
476 2663 623 2728 traditur.
647 2662 742 2729 Hunc
753 2663 882 2728 modum
897 2661 931 2726 in
947 2663 1170 2729 distributione
1182 2665 1288 2749 poculi
1300 2665 1503 2738 eucharistici
1517 2689 1584 2732 ser-

115 2758 229 2820 vatum
252 2753 285 2818 in
308 2753 412 2837 prima
434 2751 540 2818 Coena
561 2752 687 2817 videtur
702 2751 810 2836 colligi
826 2773 918 2835 posse
930 2762 998 2818 tnrn
1010 2774 1049 2818 ex
1061 2753 1230 2818 collatione
1242 2753 1349 2838 poauli
1360 2754 1531 2838 paschalis,
1546 2755 1583 2822 de

115 2863 182 2928 quo
205 2841 280 2910 Iruc.
305 2843 357 2906 22.
383 2865 411 2907 v.
428 2841 480 2905 17.
492 2841 618 2925 occipite
628 2840 695 2920 boc,
714 2839 923 2926 &partimini
935 2841 1018 2906 uobis
1030 2841 1125 2924 ipsis.-
1141 2853 1209 2907 tum
1222 2865 1260 2906 ex
1272 2842 1487 2908 statutrsitu:
1508 2846 1586 2908 tunc

116 2931 385 3010 accumbentium,
408 2931 465 3014 qui
480 2929 586 3013 poculi
599 2929 870 2995 circumlationem
889 2929 929 2992 ad
942 2929 1084 3014 singulos
1096 2931 1364 2995 communicantes
1380 2953 1437 3014 per
1453 2953 1583 2998 manum

116 3019 241 3087 Christi
260 3020 313 3084 vir
334 3019 502 3084 admittere
519 3017 654 3082 videtur.
679 3017 770 3094 Quod
788 3021 941 3101 tanquam
960 3017 1125 3101 probabile
1141 3019 1267 3084 adfero:
1284 3019 1485 3104 nequeenim
1497 3025 1585 3086 certo

115 3112 243 3175 constat
266 3108 304 3174 de
327 3108 392 3174 situ
416 3106 669 3186 convivantium
685 3106 741 3191 qui
756 3129 814 3192 pro
830 3105 985 3171 varietate
999 3105 1160 3185 Gentium,
1173 3107 1270 3172 immo
1282 3109 1306 3174 b
1319 3107 1352 3171 in
1365 3108 1475 3174 eadem
1487 3112 1584 3194 gente

115 3197 243 3263 variare
266 3197 356 3262 solet.
380 3196 430 3261 De
453 3218 516 3281 quo
539 3195 723 3262 consulendi
746 3195 916 3280 Scriptores
939 3195 976 3260 de
998 3195 1162 3263 conuiuiis:
1182 3195 1293 3280 quales
1305 3195 1462 3275 Stuctius,
1476 3199 1584 3281 &post

115 3307 203 3366 eum,
227 3285 325 3352 etiam
348 3285 431 3350 forte
450 3307 490 3350 ex
506 3306 552 3364 eo,
569 3283 695 3350 Jesuita
712 3283 777 3352 Jul.
792 3287 905 3352 Caeam
916 3285 1123 3370 Bulenpcrus.
1148 3283 1365 3351 Conferendae
1378 3285 1476 3350 etiam
1489 3287 1585 3354 Notus

116 3375 267 3442 testicutes
284 3376 319 3440 in
332 3375 438 3441 Manu.
452 3373 504 3439 26.
517 3395 546 3439 υ.
560 3373 611 3437 26.
636 3371 685 3438 De
697 3395 785 3438 more
801 3373 1042 3439 circumferendi
1057 3374 1206 3458 poculum
1218 3373 1390 3460 &singulis
1402 3372 1583 3440 Communi·

115 3463 265 3531 cantibus
278 3463 463 3529 Ministrum
475 3461 765 3544 circumstantibus,
779 3466 835 3528 aut
847 3461 1031 3527 Ministrum
1044 3464 1067 3529 b
1079 3484 1223 3528 mensam
1235 3463 1332 3548 longa
1345 3463 1426 3529 serie
1438 3467 1582 3547 praeter·

116 3552 269 3619 euntibus
291 3575 389 3618 manu
411 3551 551 3636 ejusdcm
575 3550 718 3616 Ministri
733 3551 934 3636 porrigendi3
959 3551 991 3615 in
1013 3551 1173 3635 praesenti
1185 3573 1249 3616 non
1261 3573 1426 3636 quaeram:
1441 3551 1582 3636 quando·

116 3642 247 3726 quidem
271 3643 295 3708 b
315 3641 378 3706 isto
402 3641 494 3727 [pag.
519 3639 600 3727 751]
613 3641 677 3704 situ
700 3640 842 3726 vulgaris
866 3639 955 3705 cibus
980 3643 999 3704 a
1021 3639 1265 3718 festinantibus,
1290 3644 1347 3705 aut
1365 3639 1582 3724 jentaculum,

115 3730 340 3796 merendamve
364 3729 562 3795 sumentibus
586 3729 770 3794 manducari
794 3733 908 3813 potest,
936 3729 1067 3796 &solet
1091 3727 1180 3793 Infra
1192 3750 1249 3793 suo
1264 3729 1332 3793 loco
1344 3728 1383 3792 de
1399 3728 1536 3794 sessione
1549 3729 1582 3793 in

114 3819 235 3884 nostris
247 3817 398 3884 Ecclesiis
411 3822 548 3903 recepta,
561 3818 661 3902 deque
677 3823 877 3883 controversa
889 3817 1126 3904 genu-flexione
1139 3819 1316 3902 opportune
1328 3837 1470 3902 agemus.

160 3909 191 3993 g.
216 3909 246 3972 2.
271 3907 435 3973 Hactenus
458 3907 496 3972 de
520 3905 668 3972 Ministro
684 3906 920 3984 Eucharistiae3
934 3907 972 3970 de
985 3905 1298 3971 Communicantibus
1311 3927 1395 3970 nunc
1407 3905 1582 3990 descipien-

6 4017 7 4020 ’
115 3996 193 4062 dum
204 4019 212 4074 3
237 3997 291 4081 qui
308 3997 374 4062 scil.
392 3998 415 4062 tt
428 3996 538 4082 quales
550 4019 617 4061 esse
630 3996 775 4060 debeant.
800 3993 858 4060 Uti
870 3997 979 4059 autem
991 3995 1024 4058 in
1040 3993 1183 4058 Ecclesia
1195 3993 1311 4077 duplex
1324 3997 1426 4059 status
1438 3994 1581 4060 conside·

115 4089 209 4150 ratur
230 4085 254 4150 tt
277 4085 497 4170 distinguitur,
518 4084 650 4150 interior
661 4106 717 4149 seu
729 4083 909 4162 invisibilis,
926 4083 1099 4148 &exterior
1110 4105 1166 4147 seu
1178 4081 1331 4147 visibilis:
1344 4082 1391 4146 ita
1403 4084 1426 4149 b
1437 4082 1470 4146 in
1487 4082 1581 4148 Com·

114 4174 311 4253 manicante,
335 4175 452 4259 duplex
475 4174 625 4258 qualitas,
649 4175 673 4240 b
696 4172 812 4256 duplex
836 4172 974 4256 qualitas
998 4193 1130 4236 examen
1146 4175 1242 4257 atque
1256 4171 1432 4255 exploratio
1444 4171 1581 4257 spectari

115 4263 220 4328 debet.
246 4261 418 4339 Qualitatis
431 4263 602 4342 interioria,
615 4261 738 4348 &digni
751 4260 1021 4327 Communicantis
1033 4259 1219 4344 exploratio,
1233 4259 1255 4325 b
1271 4259 1379 4324 debita
1390 4262 1430 4324 ad
1442 4259 1581 4326 Coenam

114 4351 332 4446 praeparatio,
355 4351 494 4441 pertinet
510 4351 550 4418 ad
561 4351 664 4418 solum
677 4350 979 4418 communicantem:
994 4353 1105 4435 estque
1116 4349 1252 4436 privata,
1268 4349 1422 4431 solitaria,
1434 4349 1580 4416 invisibi-

1529 4436 1579 4517 lis,
