3766 4866
309 319 373 385 354
654 315 814 383 Pomrrcrn
837 317 1088 383 Ecouasusrrcaa
1111 311 1194 382 Pras
1221 314 1247 382 I.
1271 313 1337 383 Ius.
1360 311 1403 381 Il.

297 519 374 574 tutu
385 505 583 572 ecclesiastiea
598 505 685 570 artic.
696 503 747 568 71.
763 501 887 591 ttaeqq.
900 502 953 569 An
965 502 1098 568 libertas
1111 501 1296 579 christiana,
1309 501 1531 582 conscientiae,
1544 501 1646 568 civilis
1656 499 1784 587 Belga-

309 618 381 660 rum
403 595 435 658 in
461 615 497 658 eo
521 593 683 672 consistat,
712 594 795 675 quod
811 593 958 658 omnibus
983 593 1077 657 liceat
1100 591 1227 676 propria
1247 599 1304 656 sua
1320 591 1517 676 probatione,
1531 591 1787 658 &conscientiae

310 683 456 748 examine
480 683 600 766 absque
623 681 690 746 ulla
702 681 915 747 intercedente
928 680 1146 764 stipulatione,
1159 680 1358 764 probatione,
1371 679 1578 763 inspectione,
1591 683 1666 744 curri
1679 679 1787 744 eccle-

310 772 448 850 siastica,
465 791 606 849 coenam,
630 792 702 834 cum
725 770 937 851 distribuitur,
955 769 1117 853 percipere
1128 793 1136 846 ;
1148 769 1188 833 ab
1202 773 1239 833 ea
1251 791 1308 853 pro
1324 769 1457 832 arbitrio
1470 767 1647 844 abstinere;
1660 769 1701 832 ad
1709 768 1788 852 ejus

310 860 547 946 perceptionem
571 858 691 924 redire:
716 858 992 923 nonobstantibus
1006 858 1247 943 quibuscunque
1260 857 1396 942 peccatis
1413 859 1435 924 b
1454 857 1628 931 scandalis
1642 879 1788 941 quorum

310 949 450 1014 omnium
474 948 630 1012 rationem
654 947 715 1012 soli
726 946 805 1022 Deo,
822 947 855 1011 in
872 947 940 1012 foro
953 947 1019 1031 poli
1030 969 1067 1011 ac
1080 948 1226 1030 propriae
1237 946 1448 1011 conscientiae
1459 945 1612 1010 reddituri
1624 945 1702 1024 sint,
1714 968 1790 1010 non

309 1037 480 1116 Ecclesiae,
506 1037 539 1100 in
566 1036 655 1119 cujus
675 1036 930 1100 communionem
943 1035 1073 1100 admissi
1085 1039 1170 1099 sunt.
1194 1035 1246 1098 An
1263 1034 1396 1100 libertas
1408 1035 1653 1099 Antecessorum
1665 1035 1698 1098 iu
1713 1033 1792 1098 Ec·

308 1127 405 1192 clesit
427 1126 460 1190 iu
473 1147 510 1190 eo
522 1125 685 1204 consistat,
715 1124 798 1208 quod
810 1124 995 1208 obligentur
1008 1123 1148 1188 volentes
1161 1123 1305 1187 nolentes
1317 1127 1427 1188 contra
1438 1122 1662 1186 conscientiam
1675 1123 1791 1188 cuivis

309 1213 469 1280 accedenti
482 1215 505 1279 b
516 1235 646 1278 coenam
658 1213 780 1296 petenti
791 1213 970 1297 porrigere:
985 1212 1129 1297 quamvis
1141 1211 1301 1275 notorium
1313 1216 1396 1276 esset
1407 1210 1516 1294 &ipsis
1524 1216 1609 1276 certo
1618 1215 1792 1276 constaret

309 1303 450 1387 aliquem
462 1305 519 1366 aut
532 1301 656 1387 aliquos
668 1300 708 1365 ob
722 1305 850 1384 peccata
864 1302 887 1365 b
901 1300 1049 1365 seandala
1063 1300 1282 1364 communione
1295 1300 1443 1384 indignos
1459 1321 1539 1377 esse,
1559 1299 1651 1382 juxta
1665 1301 1792 1366 natm.

312 1392 364 1455 18.
383 1413 411 1455 o.
442 1392 493 1454 15.
521 1391 536 1452 1
567 1389 708 1458 &math
732 1389 762 1453 5.
787 1389 818 1454 d
840 1389 950 1474 foedus
962 1390 1021 1454 Dei
1034 1411 1089 1471 per
1101 1389 1182 1453 tales
1192 1388 1310 1454 abusus
1321 1389 1504 1474 profanari,
1516 1389 1658 1474 iramque
1669 1389 1735 1454 Dei
1750 1389 1792 1453 ia

307 1480 488 1546 universam
502 1479 667 1544 Ecclesiam
679 1478 838 1556 concitari,
851 1478 899 1542 uti
912 1476 1053 1563 loquitur
1066 1476 1247 1542 Oatechesis
1263 1483 1372 1542 nostra
1381 1475 1510 1552 Quaest.
1519 1477 1649 1540 82.-3.
1661 1477 1790 1560 object.

311 1567 448 1633 Videtur
458 1588 569 1650 sapere
580 1566 778 1631 hierarchiae
792 1565 920 1649 Papalis
934 1566 956 1631 b
968 1565 1321 1650 Romano-episcopalis
1333 1564 1534 1650 tyrannidem
1546 1588 1554 1642 ;
1567 1566 1655 1648 cujus
1661 1565 1796 1650 jugum

311 1655 475 1722 Ecclesiae
486 1659 644 1720 nostrates
657 1655 854 1739 approbante
868 1655 890 1720 b
906 1653 1094 1718 defendente
1110 1658 1268 1738 potestate
1282 1655 1370 1739 [pag.
1386 1653 1613 1806 aaoypolitica
1626 1675 1796 1720 excusse-

309 1748 395 1810 runt.
419 1746 510 1828 Reep.
523 1766 588 1808 non
597 1744 710 1828 magis,
724 1766 821 1827 quam
838 1765 953 1808 coenae
966 1742 1200 1807 administratio
1213 1743 1355 1822 missam,
1369 1747 1425 1806 aut
1438 1742 1461 1806 li
1486 1764 1575 1807 erum
1584 1764 1620 1808 ac
1632 1742 1797 1826 polycra-

309 1833 409 1898 ticum
432 1831 640 1916 Reipublicae
667 1835 794 1908 nostrae
813 1832 957 1917 regimen
982 1831 1182 1914 tyrannidem
1206 1830 1442 1896 Praefectorum
1453 1831 1716 1915 Hispanicorum,
1728 1838 1798 1898 aut

308 1919 499 2007 propagatio
518 1919 708 1984 reformatae
729 1919 894 2006 religionis
906 1915 990 1984 inter
1002 1923 1160 1984 nostrates
1173 1919 1413 2003 inquisitionem
1429 1919 1647 2004 Hispanicam.
1672 1917 1798 1985 Nemo

311 2011 432 2075 inritus
444 2008 580 2093 cogitur,
596 2008 785 2093 religionem
801 2009 1006 2072 reformatam
1023 2008 1182 2092 amplecti,
1196 2008 1349 2092 profiteri,
1362 2030 1516 2087 exercere,
1545 2007 1604 2072 sub
1616 2015 1725 2092 poena
1739 2010 1797 2073 vi·
1811 2009 1819 2018 '

312 2097 512 2175 vicomburii,
532 2099 555 2164 b
570 2093 802 2162 confiscationis
816 2097 991 2161 bonorum'
1005 2095 1109 2162 Nemo
1125 2096 1275 2182 adigitur,
1296 2098 1336 2161 ad
1352 2119 1467 2161 nomen
1475 2096 1633 2162 Ecclesiae
1646 2102 1799 2164 nostrae

311 2186 460 2265 dandum,
483 2186 523 2250 ad
547 2185 704 2251 solemnes
715 2185 973 2269 stipulationes&
995 2185 1230 2269 promissiones,
1243 2206 1342 2269 cupra
1353 2205 1385 2269 p.
1396 2186 1468 2248 756.
1481 2185 1641 2250 Ecclesiae
1650 2190 1801 2253 nostrae

312 2298 370 2340 nec
391 2274 522 2352 habeut,
545 2296 603 2338 nec
615 2273 758 2358 cupiunt,
777 2296 836 2338 uec
847 2279 1012 2357 usurpant,
1025 2296 1083 2338 nec
1095 2273 1249 2338 adhibent
1259 2277 1451 2357 potestatem
1466 2274 1677 2358 episcopalem
1689 2296 1800 2341 coac·

310 2364 421 2441 tivam,
446 2385 518 2428 cum
544 2362 735 2442 carceribus,
759 2362 890 2426 modicis
913 2363 1155 2427 coercitionibus
1182 2362 1411 2445 corporalibus,
1427 2362 1555 2426 mulctis
1575 2364 1799 2446 pecuniariis,

312 2450 512 2516 Officialibus
535 2473 591 2516 seu
613 2449 818 2514 Praetoribus
831 2451 1062 2530 ecclesiasticis,
1087 2449 1246 2515 Militibus
1263 2451 1411 2516 &militia
1423 2457 1522 2528 sacra,
1535 2450 1713 2536 Equitibus
1723 2452 1801 2518 Ec-

313 2540 437 2606 clesiae.
452 2537 520 2603 Nec
532 2561 614 2603 unus
627 2537 892 2617 interMinistros,
906 2543 1096 2623 potestatem
1115 2539 1289 2603 multarum
1306 2539 1521 2604 Ecclesiarum
1537 2539 1570 2604 in
1589 2561 1622 2603 se
1636 2543 1801 2608 contrac-

311 2633 389 2708 tam,
402 2628 552 2712 poasidet,
565 2631 709 2710 usurpat,
723 2627 745 2692 b
758 2648 815 2691 suo
830 2627 924 2691 unius
940 2627 1074 2692 arbitrio
1087 2650 1124 2691 ea
1135 2627 1259 2706 statuit,
1280 2627 1320 2692 ad
1333 2647 1467 2713 quorum
1479 2649 1603 2692 coccam
1616 2631 1799 2694 executio-

310 2739 396 2796 nem,
418 2716 538 2802 absque
561 2715 709 2800 propriae
725 2715 934 2780 conscientiae
956 2716 1217 2801 interrogatione,
1230 2738 1339 2780 omnes
1352 2715 1517 2800 Principes
1530 2712 1799 2800 &Magistratus

311 2810 489 2870 teneantur.
510 2803 579 2868 Nec
608 2805 831 2869 Antecessores
854 2804 1016 2869 Ecclesiae
1040 2808 1166 2869 nostiae
1185 2805 1328 2890 regimen
1352 2805 1513 2869 saeculare
1532 2805 1594 2869 sibi
1604 2804 1800 2887 vindicant,

312 2894 428 2959 nedum
444 2896 480 2958 ut
495 2893 591 2976 primi
603 2893 720 2978 gradus
733 2892 906 2978 dignitates
918 2893 953 2957 in
965 2915 1001 2958 eo
1017 2897 1181 2977 occupent.
1206 2891 1272 2958 Nec
1288 2893 1385 2958 iidem
1397 2915 1441 2973 se,
1458 2916 1542 2973 suos,
1557 2894 1718 2959 suaomni
1732 2919 1800 2980 po·

312 2981 423 3046 testati
445 2981 601 3046 saeculari
624 2981 789 3064 regiminis
817 2983 840 3047 c
864 2981 1094 3064 jurisdictionis
1121 2986 1191 3045 tum
1213 2981 1315 3046 civilis
1331 2986 1399 3046 tum
1412 2982 1585 3046 criminalis
1598 2981 1691 3068 quasi
1704 2982 1799 3050 Jure

228 3065 231 3072 ¹
314 3071 451 3156 quodam
465 3068 676 3134 subtrahunt:
690 3070 767 3134 adeo
780 3073 817 3134 ut
829 3070 918 3134 nefas
934 3075 1017 3135 esset
1029 3092 1081 3134 eos
1093 3070 1239 3153 quamvis
1252 3070 1410 3135 horrenda
1430 3069 1558 3156 flagitia
1577 3071 1800 3138 committen-

312 3163 373 3244 tes,
398 3159 449 3223 vel
477 3157 646 3222 minimum
671 3161 821 3242 tangere;
846 3159 894 3222 uti
921 3159 1027 3223 docuit
1051 3159 1334 3223 excommunicatio
1359 3163 1377 3222 a
1400 3158 1502 3224 Paulo
1518 3158 1558 3224 V.
1579 3158 1798 3228 inSerenioe.

314 3245 560 3330 Rempublicam
576 3245 733 3310 Venetam
746 3269 774 3311 a.
794 3247 889 3310 1607.
903 3247 1038 3312 vibrata.
1063 3246 1124 3321 Qui
1139 3249 1238 3312 talem
1251 3251 1307 3312 aut
1318 3248 1456 3313 similem
1469 3246 1646 3312 Romanam
1657 3247 1799 3315 hierar-

313 3333 429 3414 chiam,
443 3335 707 3400 conscientiarum
716 3335 920 3414 coactionem,
934 3337 956 3402 &
970 3335 1168 3419 tyrannicam
1185 3335 1423 3419 inquisitionem
1435 3336 1594 3422 religioni,
1606 3336 1795 3416 Ecclesiae,

313 3423 415 3488 ordini
427 3423 622 3506 disciplinae,
639 3445 728 3488 sacro
744 3423 931 3503 ministerio,
947 3423 1125 3510 impingere
1142 3425 1281 3501 auderet,
1299 3424 1362 3510 (uti
1373 3425 1454 3490 tales
1467 3423 1555 3489 sibili
1570 3424 1700 3510 antiqui
1714 3451 1794 3492 ser-

313 3512 417 3597 pentis
444 3533 673 3598 nonuunquam
698 3511 871 3577 audiuntur
892 3512 961 3578 &in
977 3513 1096 3577 libellis
1114 3513 1280 3597 anonymis
1301 3513 1484 3598 leguntur);
1508 3515 1535 3578 is
1549 3513 1715 3579 videatne
1728 3539 1790 3602 ge-

313 3600 431 3666 nuinae
454 3599 653 3664 hierarchiae
677 3597 839 3665 Romanae
867 3603 890 3667 b
906 3600 1098 3684 Hispanicae
1109 3601 1325 3685 inquisitionis
1338 3600 1497 3686 Pyrannis
1509 3602 1686 3667 cervicibus
1699 3605 1792 3688 justo

313 3687 374 3754 Dei
389 3689 510 3772 judicio
523 3687 694 3772 aliquando
707 3688 881 3768 incumbat,
902 3689 1004 3772 &ipse
1019 3689 1231 3773 impoenitens
1244 3693 1368 3774 partem
1380 3690 1414 3754 in
1424 3691 1486 3756 hoc
1497 3693 1520 3757 b
1532 3689 1642 3756 futuro
1654 3694 1791 3760 saeculo

313 3777 448 3862 accipiat
471 3799 543 3841 cum
568 3777 772 3842 mendacibus
788 3779 843 3845 Pe.
858 3780 886 3841 5.
896 3799 924 3842 o.
941 3779 969 3842 7.·
986 3776 1017 3843 a
1032 3780 1082 3842 12.
1093 3799 1121 3842 υ.
1132 3779 1163 3844 3.
1173 3779 1204 3845 4.
1217 3780 1248 3842 5.
1264 3777 1360 3844 (155.
1373 3800 1403 3845 υ.
1413 3779 1466 3843 24.
1480 3780 1604 3864 Apooat.
1618 3781 1672 3844 21.
1685 3801 1721 3846 u.
1736 3783 1789 3846 27.

312 3865 363 3930 Pii
374 3866 503 3930 interim
516 3865 601 3950 apud
613 3863 717 3930 Deum
733 3888 827 3930 suum
839 3866 920 3932 tales
936 3866 1070 3949 iniurias
1089 3867 1252 3950 deponunt
1264 3891 1272 3944 ;
1285 3867 1318 3932 in
1331 3889 1466 3952 quarum
1478 3869 1717 3954 pragmaticam
1730 3870 1774 3936 hc

313 3953 414 4018 dierni
436 3954 566 4039 quidam
590 3953 728 4032 sectarii,
745 3953 927 4035 Neutrales,
940 3953 1107 4034 Libertini,
1122 3953 1193 4019 Viri
1205 3957 1243 4020 de
1255 3956 1315 4021 hoc
1327 3956 1452 4022 saeculo
1467 3958 1567 4042 (Paul.
1583 3957 1650 4040 17.)
1663 3955 1774 4023 hierar

312 4041 401 4108 chico
420 4044 443 4109 t
466 4042 633 4126 tyrannico
660 4040 797 4126 Papatui
821 4043 867 4128 (in
892 4045 1028 4128 Causam
1054 4044 1176 4130 Belyieu
1199 4047 1291 4110 Artic.
1311 4047 1383 4121 ult.)
1411 4045 1597 4110 successisse
1624 4045 1774 4112 ridentur

313 4131 344 4194 4.
360 4129 469 4214 Otject.
483 4129 558 4196 Non
570 4130 729 4195 debebant
740 4132 820 4196 tales
833 4133 1099 4216 praemonitiones
1116 4139 1137 4196 s
1151 4131 1461 4212 communicationes,
1478 4155 1559 4216 quae
1572 4135 1648 4198 data
1662 4136 1774 4200 occasi·

313 4239 371 4282 oue
394 4219 590 4284 necessariae
614 4224 777 4302 putantur,
802 4220 868 4284 sive
884 4221 1037 4286 domatim
1050 4222 1116 4286 sive
1129 4221 1162 4285 in
1173 4221 1336 4286 Ecclesiae
1348 4226 1440 4286 coetu
1451 4222 1590 4302 institui,
1605 4223 1670 4287 nisi
1684 4245 1774 4307 praa

313 4309 408 4370 eunte
423 4307 707 4372 communicatione
719 4330 792 4372 cum
807 4306 907 4394 Rege,
925 4309 1079 4394 Principe,
1094 4333 1242 4375 eorumve
1256 4309 1453 4376 Praefectis?
1468 4312 1560 4396 Reep.
1586 4309 1667 4376 Cum
1693 4333 1774 4377 exer·

314 4393 425 4456 citium
437 4393 638 4477 religionis&
655 4395 815 4459 Ecclesiae
828 4398 972 4480 regimen
988 4402 1007 4462 a
1019 4397 1162 4484 Regibus
1175 4400 1198 4466 du
1211 4398 1412 4483 Principibus
1421 4401 1628 4484 approbatur,
1642 4404 1702 4466 aut
1723 4401 1782 4466 sal·

1720 4495 1778 4555 teu
