3736 4860
304 280 375 354 lid
705 277 867 355 Pomrreas
884 283 1133 354 Mecnasrtsrmrs
1158 281 1238 354 Pras
1250 287 1275 354 I.
1300 285 1366 354 Lis.
1378 287 1421 354 II.

309 477 497 544 necessitate
516 477 680 562 baptismi.
711 476 855 556 Thorace,
876 475 1158 555 Scoti‚'Paluduui,
1178 475 1337 553 dadacum,
1354 475 1404 539 bc.
1417 475 1605 559 negantium
1620 473 1765 539 sententia

311 567 394 651 apud
414 567 501 651 ipsos
520 567 718 631 communior
731 570 796 631 est:
810 565 961 632 &nititur
974 564 1024 628 his
1035 563 1214 629 rationibus
1232 565 1262 627 l.
1275 564 1351 648 quia
1365 567 1480 628 neuter
1491 586 1601 629 eorum
1613 563 1763 647 baptizat:

310 677 371 719 non
385 653 450 735 ille,
464 655 539 740 quia
550 677 613 719 non
624 655 749 739 profert
762 654 876 720 verba:
891 676 953 717 non
966 652 1037 732 iste,
1050 653 1126 739 quia
1140 674 1204 716 non
1216 653 1330 716 abluit.
1344 654 1376 714 2.
1389 650 1472 726 Quia
1483 654 1566 717 alter
1578 673 1688 719 eorum
1699 673 1763 735 pro·

310 742 415 808 ferens
438 743 545 824 verba,
564 746 587 809 t
608 744 713 808 dicem
726 764 787 829 ego
801 742 940 827 baptizo,
953 742 1072 806 velnos
1085 741 1295 824 baptizamus,
1311 741 1483 816 mentitum
1498 741 1574 828 quia
1586 763 1649 806 non
1661 741 1764 804 abluit.

306 831 419 896 Velim
432 837 499 896 tam
515 837 695 897 accuratam
711 832 854 897 criticam
871 831 1059 895 adhiberent
1071 829 1103 893 in
1117 830 1262 894 examine
1278 823 1434 893 formulae
1447 829 1765 918 transubstantiantia

311 921 367 986 ltoc
382 923 465 986 cuitu
481 933 524 986 est
539 942 653 1006 carpus
675 941 788 989 arcura.
818 919 867 984 An
886 942 949 984 non
966 919 1140 983 involvitur
1154 917 1208 982 hie
1220 917 1419 983 mendacium
1431 917 1611 983 Sacerdotis
1624 917 1765 996 missifici,
1853 979 1854 988 ἶ

309 1031 382 1075 cum
405 1009 481 1074 dicit
501 1011 539 1075 de
559 1011 667 1095 aliquo
685 1009 848 1075 individuo
865 1030 956 1094 vago,
972 1008 1029 1072 hor
1051 1008 1137 1075 euim
1159 1019 1213 1086 est,
1242 1009 1292 1072 dra.
1316 1007 1400 1093 quod
1423 1007 1595 1071 seeundum
1619 1006 1702 1090 ipsos
1717 1006 1764 1070 de-

221 1148 228 1165 .
310 1121 398 1162 anum
422 1098 566 1163 futurum
590 1103 638 1163 est
662 1121 775 1183 corpus
799 1097 918 1162 Christi
940 1101 1011 1180 post
1022 1095 1313 1180 pronuntiationem
1325 1095 1458 1159 ultimae
1471 1095 1614 1179 syllabae
1627 1094 1764 1161 oursel

309 1187 449 1252 adrem.
474 1186 618 1252 Eandem
641 1191 765 1271 partem
789 1189 960 1270 negantem
983 1189 1093 1250 tenent
1115 1207 1154 1248 ex
1177 1183 1433 1248 Protestantibus
1455 1185 1523 1248 tot.
1551 1184 1644 1250 serta
1659 1196 1728 1248 tom.
1738 1185 1765 1246 4.
1853 1181 1854 1256 ζ

309 1277 414 1342 mcor.
444 1297 555 1341 mmin.
586 1279 641 1342 lac.
673 1277 726 1339 23.
750 1277 778 1360 g.
803 1275 856 1340 68.
880 1276 903 1340 b
925 1297 998 1339 eum
1022 1297 1058 1339 eo
1083 1274 1288 1340 Pmtclmerus
1312 1273 1349 1337 iu
1372 1274 1516 1338 Maurusii
1541 1272 1638 1336 1000.
1661 1284 1764 1358 quaest.

308 1376 427 1517 autur.
451 1364 482 1430 5.
504 1385 557 1450 qu.
582 1365 612 1428 5.
637 1363 829 1450 Oppositum
849 1363 1040 1428 sententiam
1064 1365 1152 1427 tenet
1166 1363 1333 1445 cajetanus
1345 1363 1381 1426 iu
1399 1361 1664 1428 &sarmatanad
1679 1363 1764 1446 {ipa

354 1502 361 1519 .
385 1455 473 1519 artic.
499 1454 528 1517 3.

351 1541 421 1606 XX.
447 1541 571 1622 Quaest.
595 1542 646 1606 Aa
668 1542 768 1606 ualeat
793 1542 986 1626 Baptismus,
1004 1541 1032 1606 si
1048 1540 1111 1606 duo
1123 1540 1220 1605 amul
1234 1538 1266 1605 u
1277 1539 1556 1624 paropamisi,
1573 1537 1606 1604 a
1620 1537 1761 1604 attium?

307 1632 399 1715 Rcsp.
422 1629 535 1715 inepte
552 1630 677 1695 curiosa
693 1630 773 1694 haec
793 1629 937 1715 quaestio
957 1633 1102 1694 movetur
1121 1629 1205 1712 apud
1227 1628 1379 1692 Thamara
1393 1649 1427 1712 p.
1444 1630 1473 1692 3.
1485 1649 1539 1714 qu.
1558 1628 1610 1690 67.
1624 1641 1683 1692 art.
1698 1628 1725 1690 6.
1739 1624 1764 1690 d

307 1720 375 1803 ejus
392 1720 654 1786 Cautmsatatares
675 1718 825 1796 Valentia,
837 1720 965 1784 Zmarez
978 1719 1001 1783 a
1014 1719 1173 1784 manitus
1189 1716 1413 1800 Filijuciumtt
1433 1718 1595 1782 Basseum.
1622 1715 1683 1790 Qui
1695 1715 1761 1778 snb

305 1808 406 1873 tiliter
418 1808 486 1873 scil.
498 1809 545 1872 ita
557 1808 770 1892 distinguunt,
784 1829 839 1871 seu
855 1807 953 1872 mavis
966 1804 1179 1884 ἁδολεσχοῦσιι
1188 1803 1223 1869 Si
1232 1809 1366 1890 uterque
1375 1805 1517 1870 abluat&
1527 1805 1624 1869 verba
1635 1825 1760 1888 pronun·

307 1895 367 1960 tiet
379 1896 626 1980 independenter
637 1897 678 1960 ab
691 1897 822 1960 alterius
835 1895 1021 1973 intentione,
1035 1893 1138 1956 valide
1147 1894 1313 1977 baptizari
1325 1915 1396 1957 cum
1406 1893 1489 1958 adsit
1497 1894 1643 1971 materia,
1654 1893 1757 1967 forma,

308 1987 331 2050 dt
343 1985 479 2048 intentio
491 1984 648 2049 Ministri:
663 1985 689 2049 si
704 2007 776 2049 vero
788 2006 851 2048 non
863 1983 1030 2068 perficiant
1042 1982 1149 2062 simul,
1162 1983 1217 2046 ille
1228 1981 1448 2046 tantummodo
1461 1982 1614 2066 baptizat,
1624 1983 1677 2068 qui
1687 1980 1763 2064 prius

309 2073 434 2156 perficit
449 2073 596 2138 formam.
621 2071 656 2136 Si
669 2096 742 2138 vero
754 2073 899 2138 intendat
911 2071 1074 2156 baptizare
1088 2071 1301 2154 dependenter
1312 2073 1353 2133 ab
1366 2071 1542 2134 intentione
1555 2071 1696 2146 alterius,
1707 2089 1762 2131 nou

307 2162 412 2226 valide
435 2163 594 2246 baptizat;
619 2162 685 2226 sive
708 2161 829 2247 singuli
845 2162 961 2239 dicant,
974 2181 1028 2245 apo
1041 2159 1213 2242 latophao,
1230 2159 1297 2222 sive
1310 2158 1427 2238 dicant,
1443 2162 1541 2224 uasta
1552 2159 1763 2244 baptizamus:

310 2250 430 2334 quiain
445 2255 579 2336 utroque
595 2273 669 2315 casu
682 2250 764 2314 falsa
776 2255 825 2314 est
840 2250 953 2328 forma,
967 2248 1043 2335 quia
1058 2252 1170 2312 neuter
1186 2248 1230 2312 sic
1243 2247 1393 2331 baptizat.

355 2337 441 2402 XXI.
468 2339 594 2421 Quaest.
618 2339 670 2403 Au
694 2339 879 2423 Baptismus
903 2341 1000 2404 trahat
1024 2357 1095 2401 rum
1111 2337 1281 2401 intentione
1285 2337 1350 2418 joci
1361 2347 1419 2402 atat.
1429 2337 1764 2421 illusionisperactus:

309 2447 364 2492 seu
386 2447 430 2491 au
450 2427 614 2492 intendens
627 2429 731 2510 jocari
747 2427 777 2493 tt·
794 2428 901 2492 ludere
912 2431 980 2491 oerc'
991 2426 1145 2509 baptizet?
1156 2424 1239 2489 Item
1256 2425 1422 2488 intendens
1436 2423 1597 2490 Infantem
1611 2423 1766 2490 occidere?

310 2517 399 2600 Hesp.
425 2514 543 2599 Lepida
566 2515 645 2580 haec
668 2517 813 2599 quaestio
837 2539 875 2578 ex
899 2517 1008 2580 eodem
1032 2517 1233 2597 praesumtae
1256 2513 1455 2591 necessitatis
1472 2518 1569 2597 puteo
1582 2513 1764 2598 regurgitat.

310 2605 415 2670 Guido
433 2605 469 2669 iu
489 2605 653 2689 Manipulo
676 2605 867 2672 Cunctorum
892 2605 948 2690 fot.
968 2605 1017 2667 16.
1032 2603 1230 2689 videturrlff.
1255 2600 1617 2680 recensuerant,
1640 2603 1765 2677 Talaum,

309 2694 511 2778 Repiualdus,
538 2695 702 2778 Filijucius
727 2694 772 2758 sic
795 2693 1013 2778 distinguunt:
1039 2690 1074 2755 Si
1088 2691 1263 2775 baptizans,
1276 2689 1380 2754 solum
1391 2690 1491 2754 habet
1502 2691 1710 2754 intentionem
1718 2692 1765 2766 ja·

308 2782 400 2845 candi
412 2784 435 2847 a
446 2782 586 2862 ludendi,
600 2787 655 2846 aut
667 2783 828 2846 occidendi
840 2805 902 2846 non
916 2782 1016 2845 valet:
1030 2780 1085 2843 sed
1097 2780 1124 2844 si
1138 2779 1255 2843 habeat
1267 2777 1477 2842 intentionem
1485 2779 1613 2862 jocandi
1624 2782 1681 2843 aut
1689 2776 1768 2842 occi·

309 2871 412 2948 dendi‚
426 2873 449 2938 tt
461 2871 556 2935 simul
569 2871 762 2955 baptizandi,
776 2870 874 2934 valet:
888 2870 963 2953 quia
976 2869 1048 2932 finis
1061 2868 1256 2932 extrinsecus
1269 2888 1330 2930 non
1344 2867 1431 2931 tollit
1442 2867 1653 2931 intentionem
1665 2865 1768 2951 requi-

310 2958 404 3022 sitam
422 2960 461 3023 ad
477 2964 721 3024 sacramentum.
745 2958 828 3023 Vide
844 2979 939 3045 quem
956 2957 1176 3040 labyrinthum
1199 2955 1385 3020 intentionis
1399 2978 1476 3020 suae
1488 2977 1680 3042 suorumque
1697 2975 1770 3019 con-

314 3046 464 3112 scientiae
476 3048 670 3132 paraverint.
784 3053 786 3056 ’

356 3133 461 3201 XXII.
489 3138 612 3220 Qtraost.
637 3138 687 3202 Aa
710 3137 812 3202 aalide*
834 3136 975 3220 baptizet,
999 3134 1056 3218 qui
1076 3145 1167 3218 putat
1184 3154 1215 3197 se
1227 3132 1388 3218 baptizare
1398 3134 1582 3199 Formiarum
1598 3132 1771 3216 &baptizat

250 3247 251 3252 ¹
315 3225 501 3305 Mausolum,
525 3237 580 3291 alu
601 3237 692 3308 putat
716 3225 929 3308 rebaptizare
953 3223 1096 3302 Petrum,
1120 3222 1501 3306 &baptizatlobaunem
1526 3223 1617 3307 llesp.
1642 3221 1771 3286 Mirifice

315 3311 395 3382 haec
410 3315 433 3379 tt
451 3315 734 3380 transcendentalis
750 3313 895 3399 quaestio
908 3316 927 3376 a
944 3313 1054 3390 Toleto,
1068 3313 1250 3396 Repiuuldu,
1267 3312 1402 3397 aliisque
1416 3311 1646 3375 determinatur
1657 3311 1689 3374 in
1701 3332 1771 3394 par-

312 3403 378 3464 tem
392 3402 455 3489 Ap.
469 3403 544 3488 qnia
561 3403 635 3466 licet
646 3401 793 3467 Minister
805 3402 1002 3486 speculativa
1015 3405 1108 3479 erret,
1122 3405 1228 3464 tamen
1241 3400 1379 3483 practice
1391 3422 1455 3464 non
1468 3405 1564 3480 errat,
1577 3421 1650 3465 cnm
1659 3399 1773 3483 dirigat

313 3490 336 3554 dt
356 3489 493 3575 dirigere
513 3491 627 3555 debeat
650 3491 859 3555 intentionenr
875 3513 965 3554 suam
986 3489 1019 3551 in
1032 3510 1199 3571 personam
1213 3493 1430 3572 praesentem:
1449 3511 1506 3553 nec
1522 3511 1611 3554 error
1625 3507 1773 3572 personae

314 3581 370 3640 aut
382 3601 475 3644 sexus
492 3581 625 3663 impedit
636 3579 843 3663 baptismum,
858 3578 1026 3643 dummodo
1039 3575 1188 3642 Minister
1200 3577 1363 3660 baptizare
1375 3578 1527 3641 intendit:
1540 3578 1606 3641 nisi
1618 3577 1773 3660 exprima-

311 3667 407 3730 turin
424 3669 609 3745 intentione,
624 3669 707 3752 quod
720 3691 780 3732 non
791 3669 860 3732 vult
868 3667 1040 3750 baptizare.
1058 3667 1149 3751 [pag.
1160 3667 1240 3750 cta]
1251 3665 1294 3730 Et
1304 3665 1610 3752 hincSotuaSprus,
1622 3665 1772 3730 Persidas

313 3752 336 3817 dt
352 3777 390 3818 ex
403 3779 439 3820 ac
452 3779 524 3821 cum
537 3757 576 3820 iis
591 3758 725 3822 Bararus
737 3756 797 3820 hoc
809 3756 1038 3821 consectarium
1051 3756 1205 3818 educunt:
1219 3777 1282 3818 non
1296 3776 1364 3818 esse
1377 3755 1554 3818 masculum
1566 3776 1625 3839 pro
1637 3753 1773 3817 faemini

311 3841 335 3904 a
358 3847 417 3909 sub
442 3847 568 3910 nomine
591 3846 750 3910 faemineo
773 3846 805 3908 in
827 3843 1189 3926 Infantia-baptizatum,
1206 3848 1317 3926 postea
1332 3843 1570 3927 baptizandum,
1584 3844 1641 3908 sed
1651 3845 1775 3905 tantum

312 3951 428 3999 nomen
444 3936 642 4000 mutandum.

360 4021 479 4087 ΧΧΠΙ.
507 4025 630 4104 thrst.
655 4021 707 4087 Aa
727 4023 870 4087 Pateria
892 4034 1029 4087 extremo
1044 4021 1230 4086 necessitatis
1242 4041 1317 4086 casu
1329 4021 1490 4106 Infantem
1501 4041 1595 4086 suum
1610 4020 1689 4086 licite
1699 4019 1774 4102 bap-

312 4113 406 4178 tizari
426 4113 536 4192 poss-it:
556 4133 628 4177 cura
640 4113 750 4176 nullius
762 4111 906 4175 Mittistcr
916 4111 1109 4176 orthodoxus
1120 4111 1213 4176 etiam
1226 4110 1261 4173 iu
1274 4109 1393 4174 dissitis
1405 4111 1478 4175 locis
1491 4110 1771 4190 maurannetus

311 4203 433 4267 ratione
449 4202 670 4284 dMaptstrutu
683 4201 740 4266 loci
752 4201 916 4284 impetrari
925 4211 1024 4284 potest
1038 4197 1205 4282 pertrasissio
1217 4199 1385 4281 Baptismi‚
1396 4219 1453 4282 per
1464 4199 1672 4264 orthodoxum
1684 4217 1775 4283 quern

314 4291 497 4355 Ministrum
520 4290 699 4373 malesuadi
708 4289 723 4353 ξ’
749 4290 837 4373 Hesp.
862 4290 926 4376 Alf.
951 4289 1131 4366 Bulduiuus
1144 4287 1209 4352 Lib.
1228 4288 1258 4350 ἱ).
1271 4308 1332 4351 cas.
1345 4307 1412 4370 cap.
1428 4290 1479 4352 ll.
1492 4307 1553 4352 cus.
1570 4289 1601 4350 (i.
1619 4289 1724 4352 &cum
1737 4306 1773 4347 eo

312 4380 524 4456 Paratissimus,
544 4381 733 4460 argumento
753 4383 858 4441 sumito
879 4379 919 4440 ab
941 4377 1082 4459 exemplo
1096 4375 1265 4440 Mulierum
1281 4375 1413 4440 l'iliolos
1425 4400 1498 4442 sitos
1511 4375 1543 4439 in
1555 4375 1773 4459 persecutione

1626 4459 1773 4528 Antiochi
