<?xml version="1.0" encoding="UTF-8"?>
<!DOCTYPE html PUBLIC "-//W3C//DTD XHTML 1.0 Transitional//EN"
    "http://www.w3.org/TR/xhtml1/DTD/xhtml1-transitional.dtd">
<html xmlns="http://www.w3.org/1999/xhtml" xml:lang="en" lang="en">
 <head>
  <title>
</title>
<meta http-equiv="Content-Type" content="text/html;charset=utf-8" />
  <meta name='ocr-system' content='tesseract 3.04.00' />
  <meta name='ocr-capabilities' content='ocr_page ocr_carea ocr_par ocr_line ocrx_word'/>
</head>
<body>
  <div class='ocr_page' id='page_1' title='image "./gisbertivoetiit00rutggoog_0590.png"; bbox 0 0 3736 4860; ppageno 0'>
   <div class='ocr_carea' id='block_1_1' title="bbox 303 223 1410 292">
    <p class='ocr_par' dir='ltr' id='par_1_1' title="bbox 303 223 1410 292">
     <span class='ocr_line' id='line_1_1' title="bbox 303 223 1410 292; baseline -0.001 -2"><span class='ocrx_word' id='word_1_1' title='bbox 303 227 366 290; x_wconf 87' lang='grc'>182</span> <span class='ocrx_word' id='word_1_2' title='bbox 685 225 845 291; x_wconf 79' lang='lat' dir='ltr'>Ponrrrcru</span> <span class='ocrx_word' id='word_1_3' title='bbox 860 225 1110 290; x_wconf 77' lang='lat' dir='ltr'>Eccnnsrrsrmuu</span> <span class='ocrx_word' id='word_1_4' title='bbox 1133 223 1254 292; x_wconf 82' lang='lat' dir='ltr'>PnusI.</span> <span class='ocrx_word' id='word_1_5' title='bbox 1278 224 1344 291; x_wconf 80' lang='lat' dir='ltr'>hun.</span> <span class='ocrx_word' id='word_1_6' title='bbox 1367 223 1410 290; x_wconf 91' lang='grc' dir='ltr'>Π.</span> 
     </span>
    </p>
   </div>
   <div class='ocr_carea' id='block_1_2' title="bbox 302 409 1847 4498">
    <p class='ocr_par' dir='ltr' id='par_1_2' title="bbox 302 409 1762 768">
     <span class='ocr_line' id='line_1_2' title="bbox 302 409 1760 499; baseline -0.004 -19"><span class='ocrx_word' id='word_1_7' title='bbox 302 419 371 480; x_wconf 88' lang='lat' dir='ltr'>tum</span> <span class='ocrx_word' id='word_1_8' title='bbox 395 413 617 499; x_wconf 86' lang='lat' dir='ltr'>Susceptorem</span> <span class='ocrx_word' id='word_1_9' title='bbox 641 412 820 491; x_wconf 75' lang='lat' dir='ltr'><strong>admittere,</strong></span> <span class='ocrx_word' id='word_1_10' title='bbox 845 411 1002 476; x_wconf 90' lang='lat' dir='ltr'>infantem</span> <span class='ocrx_word' id='word_1_11' title='bbox 1020 412 1248 496; x_wconf 85' lang='lat' dir='ltr'>baptizandum</span> <span class='ocrx_word' id='word_1_12' title='bbox 1268 412 1392 476; x_wconf 87' lang='lat' dir='ltr'>offerre.</span> <span class='ocrx_word' id='word_1_13' title='bbox 1417 411 1455 476; x_wconf 93' lang='lat' dir='ltr'>ln</span> <span class='ocrx_word' id='word_1_14' title='bbox 1468 411 1591 476; x_wconf 89' lang='lat' dir='ltr'>dnobus</span> <span class='ocrx_word' id='word_1_15' title='bbox 1608 409 1760 494; x_wconf 84' lang='lat' dir='ltr'>prioribus</span> 
     </span>
     <span class='ocr_line' id='line_1_3' title="bbox 303 499 1761 588; baseline -0.005 -19"><span class='ocrx_word' id='word_1_16' title='bbox 303 505 439 581; x_wconf 86' lang='lat' dir='ltr'>casibus,</span> <span class='ocrx_word' id='word_1_17' title='bbox 453 507 562 588; x_wconf 89' lang='lat' dir='ltr'>putem</span> <span class='ocrx_word' id='word_1_18' title='bbox 572 501 834 587; x_wconf 75' lang='lat' dir='ltr'>protestationem</span> <span class='ocrx_word' id='word_1_19' title='bbox 843 500 1004 584; x_wconf 84' lang='lat' dir='ltr'>sufficere3</span> <span class='ocrx_word' id='word_1_20' title='bbox 1014 523 1076 565; x_wconf 91' lang='lat' dir='ltr'>non</span> <span class='ocrx_word' id='word_1_21' title='bbox 1086 503 1194 565; x_wconf 89' lang='lat' dir='ltr'>tamen</span> <span class='ocrx_word' id='word_1_22' title='bbox 1203 502 1270 566; x_wconf 89' lang='lat' dir='ltr'>sine</span> <span class='ocrx_word' id='word_1_23' title='bbox 1280 501 1524 584; x_wconf 77' lang='lat' dir='ltr'>etBaptismum</span> <span class='ocrx_word' id='word_1_24' title='bbox 1533 499 1761 564; x_wconf 88' lang='lat' dir='ltr'>conferendum.</span> 
     </span>
     <span class='ocr_line' id='line_1_4' title="bbox 303 589 1762 676; baseline -0.005 -18"><span class='ocrx_word' id='word_1_25' title='bbox 303 594 405 658; x_wconf 89' lang='lat' dir='ltr'>Video</span> <span class='ocrx_word' id='word_1_26' title='bbox 418 597 525 657; x_wconf 90' lang='lat' dir='ltr'>tamen</span> <span class='ocrx_word' id='word_1_27' title='bbox 543 595 561 656; x_wconf 72' lang='lat' dir='ltr'>a</span> <span class='ocrx_word' id='word_1_28' title='bbox 574 592 725 676; x_wconf 81' lang='lat' dir='ltr'>Philippo</span> <span class='ocrx_word' id='word_1_29' title='bbox 739 593 851 655; x_wconf 77' lang='lat' dir='ltr'>floreco</span> <span class='ocrx_word' id='word_1_30' title='bbox 861 611 894 674; x_wconf 86' lang='lat' dir='ltr'>p.</span> <span class='ocrx_word' id='word_1_31' title='bbox 909 590 961 654; x_wconf 79' lang='lat'>43.</span> <span class='ocrx_word' id='word_1_32' title='bbox 977 592 999 656; x_wconf 79' lang='lat' dir='ltr'>tc</span> <span class='ocrx_word' id='word_1_33' title='bbox 1017 590 1175 675; x_wconf 79' lang='lat' dir='ltr'>Tlreolopis</span> <span class='ocrx_word' id='word_1_34' title='bbox 1193 590 1356 676; x_wconf 79' lang='lat' dir='ltr'>Tutipeas.</span> <span class='ocrx_word' id='word_1_35' title='bbox 1369 589 1443 655; x_wconf 72' lang='lat' dir='ltr'>ibid.</span> <span class='ocrx_word' id='word_1_36' title='bbox 1455 591 1505 655; x_wconf 78' lang='lat' dir='ltr'>cit.</span> <span class='ocrx_word' id='word_1_37' title='bbox 1520 589 1676 674; x_wconf 76' lang='lat' dir='ltr'>distingui</span> <span class='ocrx_word' id='word_1_38' title='bbox 1687 589 1762 652; x_wconf 89' lang='lat' dir='ltr'>inter</span> 
     </span>
     <span class='ocr_line' id='line_1_5' title="bbox 304 677 1147 768; baseline -0.006 -21"><span class='ocrx_word' id='word_1_39' title='bbox 304 681 473 768; x_wconf 83' lang='lat' dir='ltr'>rigidiores</span> <span class='ocrx_word' id='word_1_40' title='bbox 486 682 508 747; x_wconf 78' lang='lat' dir='ltr'>tc</span> <span class='ocrx_word' id='word_1_41' title='bbox 521 680 748 745; x_wconf 81' lang='lat' dir='ltr'>moderatiores</span> <span class='ocrx_word' id='word_1_42' title='bbox 761 677 918 762; x_wconf 91' lang='lat' dir='ltr'>Papistas.</span> <span class='ocrx_word' id='word_1_43' title='bbox 943 677 1005 744; x_wconf 85' lang='lat' dir='ltr'>Sed</span> <span class='ocrx_word' id='word_1_44' title='bbox 1017 679 1147 742; x_wconf 88' lang='lat' dir='ltr'>frustra.</span> 
     </span>
    </p>

    <p class='ocr_par' dir='ltr' id='par_1_3' title="bbox 305 767 1847 2010">
     <span class='ocr_line' id='line_1_6' title="bbox 350 767 1762 854; baseline -0.003 -19"><span class='ocrx_word' id='word_1_45' title='bbox 350 772 382 834; x_wconf 86' lang='grc'>5.</span> <span class='ocrx_word' id='word_1_46' title='bbox 410 767 533 849; x_wconf 79' lang='lat' dir='ltr'>Quucst</span> <span class='ocrx_word' id='word_1_47' title='bbox 562 769 645 851; x_wconf 84' lang='lat' dir='ltr'>Quid</span> <span class='ocrx_word' id='word_1_48' title='bbox 663 769 690 833; x_wconf 84' lang='lat' dir='ltr'>si</span> <span class='ocrx_word' id='word_1_49' title='bbox 709 769 807 832; x_wconf 77' lang='lat' dir='ltr'>soem·</span> <span class='ocrx_word' id='word_1_50' title='bbox 818 768 861 832; x_wconf 84' lang='lat' dir='ltr'>ad</span> <span class='ocrx_word' id='word_1_51' title='bbox 870 769 1071 852; x_wconf 74' lang='lat' dir='ltr'>putricolum</span> <span class='ocrx_word' id='word_1_52' title='bbox 1086 768 1238 846; x_wconf 69' lang='lat' dir='ltr'>humerici,</span> <span class='ocrx_word' id='word_1_53' title='bbox 1254 780 1310 833; x_wconf 75' lang='lat' dir='ltr'>out</span> <span class='ocrx_word' id='word_1_54' title='bbox 1324 769 1443 834; x_wconf 76' lang='lat' dir='ltr'>noto-ric</span> <span class='ocrx_word' id='word_1_55' title='bbox 1453 788 1508 832; x_wconf 84' lang='lat' dir='ltr'>seu</span> <span class='ocrx_word' id='word_1_56' title='bbox 1520 771 1657 833; x_wconf 71' lang='lat' dir='ltr'>cstrerne</span> <span class='ocrx_word' id='word_1_57' title='bbox 1671 768 1762 854; x_wconf 84' lang='lat' dir='ltr'>impii,</span> 
     </span>
     <span class='ocr_line' id='line_1_7' title="bbox 305 855 1763 946; baseline -0.003 -22"><span class='ocrx_word' id='word_1_58' title='bbox 305 881 371 925; x_wconf 70' lang='lat' dir='ltr'>riou</span> <span class='ocrx_word' id='word_1_59' title='bbox 392 859 519 946; x_wconf 81' lang='lat' dir='ltr'>quidem</span> <span class='ocrx_word' id='word_1_60' title='bbox 540 858 602 943; x_wconf 82' lang='lat' dir='ltr'>ipsi</span> <span class='ocrx_word' id='word_1_61' title='bbox 617 869 829 943; x_wconf 78' lang='lat' dir='ltr'>compar-cunt,</span> <span class='ocrx_word' id='word_1_62' title='bbox 842 857 896 922; x_wconf 83' lang='lat' dir='ltr'>sed</span> <span class='ocrx_word' id='word_1_63' title='bbox 906 878 962 943; x_wconf 85' lang='lat' dir='ltr'>per</span> <span class='ocrx_word' id='word_1_64' title='bbox 974 859 1195 924; x_wconf 71' lang='lat' dir='ltr'>Procuratores</span> <span class='ocrx_word' id='word_1_65' title='bbox 1207 857 1392 923; x_wconf 76' lang='lat' dir='ltr'>orthodoxos</span> <span class='ocrx_word' id='word_1_66' title='bbox 1407 855 1439 923; x_wconf 82' lang='lat' dir='ltr'>a</span> <span class='ocrx_word' id='word_1_67' title='bbox 1447 857 1573 943; x_wconf 84' lang='lat' dir='ltr'>probos,</span> <span class='ocrx_word' id='word_1_68' title='bbox 1586 856 1645 921; x_wconf 84' lang='lat' dir='ltr'>boc</span> <span class='ocrx_word' id='word_1_69' title='bbox 1655 857 1763 944; x_wconf 66' lang='lat' dir='ltr'>quau?</span> 
     </span>
     <span class='ocr_line' id='line_1_8' title="bbox 306 945 1763 1034; baseline -0.004 -18"><span class='ocrx_word' id='word_1_70' title='bbox 306 952 396 1034; x_wconf 78' lang='lat' dir='ltr'>Hesp.</span> <span class='ocrx_word' id='word_1_71' title='bbox 413 945 488 1012; x_wconf 86' lang='lat' dir='ltr'>Non</span> <span class='ocrx_word' id='word_1_72' title='bbox 499 945 603 1032; x_wconf 88' lang='lat' dir='ltr'>magis</span> <span class='ocrx_word' id='word_1_73' title='bbox 616 947 719 1011; x_wconf 90' lang='lat' dir='ltr'>ordini</span> <span class='ocrx_word' id='word_1_74' title='bbox 732 946 907 1026; x_wconf 84' lang='lat' dir='ltr'>satisfierit,</span> <span class='ocrx_word' id='word_1_75' title='bbox 921 969 1017 1030; x_wconf 86' lang='lat' dir='ltr'>quam</span> <span class='ocrx_word' id='word_1_76' title='bbox 1031 947 1058 1010; x_wconf 93' lang='lat' dir='ltr'>si</span> <span class='ocrx_word' id='word_1_77' title='bbox 1075 946 1147 1031; x_wconf 88' lang='lat' dir='ltr'>quis</span> <span class='ocrx_word' id='word_1_78' title='bbox 1160 950 1330 1010; x_wconf 81' lang='lat' dir='ltr'>extraneus</span> <span class='ocrx_word' id='word_1_79' title='bbox 1346 947 1509 1032; x_wconf 81' lang='lat' dir='ltr'>&amp;quidem</span> <span class='ocrx_word' id='word_1_80' title='bbox 1521 945 1687 1030; x_wconf 90' lang='lat' dir='ltr'>improbus</span> <span class='ocrx_word' id='word_1_81' title='bbox 1698 969 1763 1011; x_wconf 88' lang='lat' dir='ltr'>con·</span> 
     </span>
     <span class='ocr_line' id='line_1_9' title="bbox 307 1034 1763 1120; baseline -0.002 -18"><span class='ocrx_word' id='word_1_82' title='bbox 307 1038 458 1115; x_wconf 85' lang='lat' dir='ltr'>sulatum,</span> <span class='ocrx_word' id='word_1_83' title='bbox 474 1041 530 1100; x_wconf 88' lang='lat' dir='ltr'>aut</span> <span class='ocrx_word' id='word_1_84' title='bbox 543 1035 648 1100; x_wconf 90' lang='lat' dir='ltr'>minus</span> <span class='ocrx_word' id='word_1_85' title='bbox 661 1039 844 1100; x_wconf 89' lang='lat' dir='ltr'>senatorum</span> <span class='ocrx_word' id='word_1_86' title='bbox 857 1035 1031 1119; x_wconf 90' lang='lat' dir='ltr'>susciperet</span> <span class='ocrx_word' id='word_1_87' title='bbox 1043 1058 1100 1120; x_wconf 92' lang='lat' dir='ltr'>per</span> <span class='ocrx_word' id='word_1_88' title='bbox 1112 1034 1221 1100; x_wconf 79' lang='lat' dir='ltr'>Civem</span> <span class='ocrx_word' id='word_1_89' title='bbox 1233 1035 1413 1114; x_wconf 87' lang='lat' dir='ltr'>honestum,</span> <span class='ocrx_word' id='word_1_90' title='bbox 1426 1041 1580 1118; x_wconf 80' lang='lat' dir='ltr'>tanquam</span> <span class='ocrx_word' id='word_1_91' title='bbox 1593 1057 1686 1100; x_wconf 79' lang='lat' dir='ltr'>suum</span> <span class='ocrx_word' id='word_1_92' title='bbox 1697 1035 1763 1099; x_wconf 88' lang='lat' dir='ltr'>Pro·</span> 
     </span>
     <span class='ocr_line' id='line_1_10' title="bbox 307 1123 1847 1209; baseline -0.004 -17"><span class='ocrx_word' id='word_1_93' title='bbox 307 1131 496 1192; x_wconf 88' lang='lat' dir='ltr'>curatorem.</span> <span class='ocrx_word' id='word_1_94' title='bbox 524 1123 687 1190; x_wconf 80' lang='lat' dir='ltr'>Ecclesiae</span> <span class='ocrx_word' id='word_1_95' title='bbox 707 1123 848 1190; x_wconf 74' lang='lat' dir='ltr'>Gallicae</span> <span class='ocrx_word' id='word_1_96' title='bbox 866 1125 898 1188; x_wconf 91' lang='lat' dir='ltr'>in</span> <span class='ocrx_word' id='word_1_97' title='bbox 923 1123 1049 1209; x_wconf 79' lang='lat' dir='ltr'>Synodo</span> <span class='ocrx_word' id='word_1_98' title='bbox 1061 1123 1274 1188; x_wconf 84' lang='lat' dir='ltr'>Victriacensi</span> <span class='ocrx_word' id='word_1_99' title='bbox 1286 1147 1369 1190; x_wconf 89' lang='lat' dir='ltr'>anno</span> <span class='ocrx_word' id='word_1_100' title='bbox 1388 1123 1494 1202; x_wconf 71' lang='lat'>1617,</span> <span class='ocrx_word' id='word_1_101' title='bbox 1507 1127 1699 1204; x_wconf 85' lang='lat' dir='ltr'>statuerunt,</span> <span class='ocrx_word' id='word_1_102' title='bbox 1711 1124 1764 1188; x_wconf 90' lang='lat' dir='ltr'>Pa·</span> <span class='ocrx_word' id='word_1_103' title='bbox 1846 1175 1847 1186; x_wconf 74' lang='lat'>.</span> 
     </span>
     <span class='ocr_line' id='line_1_11' title="bbox 307 1211 1764 1300; baseline -0.003 -19"><span class='ocrx_word' id='word_1_104' title='bbox 307 1219 424 1295; x_wconf 89' lang='lat' dir='ltr'>rentes,</span> <span class='ocrx_word' id='word_1_105' title='bbox 444 1215 499 1300; x_wconf 90' lang='lat' dir='ltr'>qui</span> <span class='ocrx_word' id='word_1_106' title='bbox 513 1213 547 1280; x_wconf 93' lang='lat' dir='ltr'>in</span> <span class='ocrx_word' id='word_1_107' title='bbox 559 1212 766 1298; x_wconf 74' lang='lat' dir='ltr'>susceptores</span> <span class='ocrx_word' id='word_1_108' title='bbox 779 1235 835 1277; x_wconf 89' lang='lat' dir='ltr'>seu</span> <span class='ocrx_word' id='word_1_109' title='bbox 846 1216 945 1278; x_wconf 87' lang='lat' dir='ltr'>testes</span> <span class='ocrx_word' id='word_1_110' title='bbox 956 1212 1114 1297; x_wconf 90' lang='lat' dir='ltr'>Baptismi</span> <span class='ocrx_word' id='word_1_111' title='bbox 1128 1217 1295 1280; x_wconf 88' lang='lat' dir='ltr'>assumunt</span> <span class='ocrx_word' id='word_1_112' title='bbox 1307 1212 1464 1298; x_wconf 81' lang='lat' dir='ltr'>Popistas.</span> <span class='ocrx_word' id='word_1_113' title='bbox 1481 1233 1539 1297; x_wconf 90' lang='lat' dir='ltr'>per</span> <span class='ocrx_word' id='word_1_114' title='bbox 1549 1211 1764 1278; x_wconf 83' lang='lat' dir='ltr'>Procuratores</span> 
     </span>
     <span class='ocr_line' id='line_1_12' title="bbox 312 1301 1764 1387; baseline -0.004 -17"><span class='ocrx_word' id='word_1_115' title='bbox 312 1305 518 1384; x_wconf 85' lang='lat' dir='ltr'>,reformatos</span> <span class='ocrx_word' id='word_1_116' title='bbox 530 1301 695 1367; x_wconf 85' lang='lat' dir='ltr'>Infantem</span> <span class='ocrx_word' id='word_1_117' title='bbox 706 1302 934 1387; x_wconf 87' lang='lat' dir='ltr'>baptizandum</span> <span class='ocrx_word' id='word_1_118' title='bbox 946 1303 1126 1379; x_wconf 87' lang='lat' dir='ltr'>offerentes,</span> <span class='ocrx_word' id='word_1_119' title='bbox 1139 1303 1162 1368; x_wconf 74' lang='lat' dir='ltr'>fc</span> <span class='ocrx_word' id='word_1_120' title='bbox 1174 1301 1402 1367; x_wconf 89' lang='lat' dir='ltr'>confessionem</span> <span class='ocrx_word' id='word_1_121' title='bbox 1411 1301 1577 1386; x_wconf 84' lang='lat' dir='ltr'>religionis</span> <span class='ocrx_word' id='word_1_122' title='bbox 1585 1301 1764 1366; x_wconf 84' lang='lat' dir='ltr'>reformatae</span> 
     </span>
     <span class='ocr_line' id='line_1_13' title="bbox 312 1390 1764 1473; baseline -0.003 -15"><span class='ocrx_word' id='word_1_123' title='bbox 312 1395 469 1473; x_wconf 67' lang='lat' dir='ltr'>,edentes</span> <span class='ocrx_word' id='word_1_124' title='bbox 491 1391 632 1456; x_wconf 91' lang='lat' dir='ltr'>censuris</span> <span class='ocrx_word' id='word_1_125' title='bbox 653 1391 884 1469; x_wconf 88' lang='lat' dir='ltr'>ecclesiasticis,</span> <span class='ocrx_word' id='word_1_126' title='bbox 897 1394 962 1456; x_wconf 76' lang='lat' dir='ltr'>una</span> <span class='ocrx_word' id='word_1_127' title='bbox 977 1413 1049 1455; x_wconf 85' lang='lat' dir='ltr'>cunr</span> <span class='ocrx_word' id='word_1_128' title='bbox 1061 1390 1325 1456; x_wconf 90' lang='lat' dir='ltr'>Procuratoribus</span> <span class='ocrx_word' id='word_1_129' title='bbox 1338 1413 1405 1456; x_wconf 88' lang='lat' dir='ltr'>esse</span> <span class='ocrx_word' id='word_1_130' title='bbox 1418 1390 1619 1454; x_wconf 91' lang='lat' dir='ltr'>inhibendos.</span> <span class='ocrx_word' id='word_1_131' title='bbox 1644 1390 1764 1456; x_wconf 87' lang='lat' dir='ltr'>Interim</span> 
     </span>
     <span class='ocr_line' id='line_1_14' title="bbox 311 1478 1764 1565; baseline -0.003 -16"><span class='ocrx_word' id='word_1_132' title='bbox 311 1483 395 1549; x_wconf 80' lang='lat' dir='ltr'>serio</span> <span class='ocrx_word' id='word_1_133' title='bbox 416 1481 654 1565; x_wconf 89' lang='lat' dir='ltr'>disquirendum</span> <span class='ocrx_word' id='word_1_134' title='bbox 675 1480 783 1558; x_wconf 86' lang='lat' dir='ltr'>offero,</span> <span class='ocrx_word' id='word_1_135' title='bbox 797 1501 837 1544; x_wconf 90' lang='lat' dir='ltr'>an</span> <span class='ocrx_word' id='word_1_136' title='bbox 849 1480 960 1544; x_wconf 91' lang='lat' dir='ltr'>liberis</span> <span class='ocrx_word' id='word_1_137' title='bbox 973 1480 1172 1563; x_wconf 90' lang='lat' dir='ltr'>quorundam</span> <span class='ocrx_word' id='word_1_138' title='bbox 1183 1479 1416 1544; x_wconf 87' lang='lat' dir='ltr'>haereticorum</span> <span class='ocrx_word' id='word_1_139' title='bbox 1428 1481 1451 1545; x_wconf 78' lang='lat' dir='ltr'>du</span> <span class='ocrx_word' id='word_1_140' title='bbox 1463 1478 1685 1556; x_wconf 83' lang='lat' dir='ltr'>fanaticorum,</span> <span class='ocrx_word' id='word_1_141' title='bbox 1696 1501 1764 1564; x_wconf 85' lang='lat' dir='ltr'>qua·</span> 
     </span>
     <span class='ocr_line' id='line_1_15' title="bbox 308 1567 1766 1654; baseline -0.003 -17"><span class='ocrx_word' id='word_1_142' title='bbox 308 1574 355 1638; x_wconf 88' lang='lat' dir='ltr'>les</span> <span class='ocrx_word' id='word_1_143' title='bbox 367 1571 452 1636; x_wconf 89' lang='lat' dir='ltr'>inter</span> <span class='ocrx_word' id='word_1_144' title='bbox 466 1569 682 1634; x_wconf 87' lang='lat' dir='ltr'>enthusiastas</span> <span class='ocrx_word' id='word_1_145' title='bbox 694 1570 717 1634; x_wconf 78' lang='lat' dir='ltr'>tr</span> <span class='ocrx_word' id='word_1_146' title='bbox 730 1568 897 1633; x_wconf 88' lang='lat' dir='ltr'>libertinos</span> <span class='ocrx_word' id='word_1_147' title='bbox 909 1567 1065 1648; x_wconf 84' lang='lat' dir='ltr'>Dauidici,</span> <span class='ocrx_word' id='word_1_148' title='bbox 1078 1567 1427 1647; x_wconf 88' lang='lat' dir='ltr'>Henrico-Nicolaitae,</span> <span class='ocrx_word' id='word_1_149' title='bbox 1448 1571 1471 1634; x_wconf 74' lang='lat' dir='ltr'>t</span> <span class='ocrx_word' id='word_1_150' title='bbox 1482 1568 1615 1646; x_wconf 84' lang='lat' dir='ltr'>similes,</span> <span class='ocrx_word' id='word_1_151' title='bbox 1625 1567 1766 1654; x_wconf 87' lang='lat' dir='ltr'>applicari</span> 
     </span>
     <span class='ocr_line' id='line_1_16' title="bbox 310 1655 1767 1744; baseline -0.005 -18"><span class='ocrx_word' id='word_1_152' title='bbox 310 1683 373 1726; x_wconf 92' lang='lat' dir='ltr'>non</span> <span class='ocrx_word' id='word_1_153' title='bbox 387 1659 487 1744; x_wconf 87' lang='lat' dir='ltr'>possit</span> <span class='ocrx_word' id='word_1_154' title='bbox 498 1658 579 1722; x_wconf 91' lang='lat' dir='ltr'>illud</span> <span class='ocrx_word' id='word_1_155' title='bbox 591 1659 692 1724; x_wconf 74' lang='lat' dir='ltr'>Beroe</span> <span class='ocrx_word' id='word_1_156' title='bbox 705 1659 739 1722; x_wconf 82' lang='lat' dir='ltr'>iu</span> <span class='ocrx_word' id='word_1_157' title='bbox 754 1659 877 1741; x_wconf 79' lang='lat' dir='ltr'>eroest.</span> <span class='ocrx_word' id='word_1_158' title='bbox 891 1657 922 1724; x_wconf 85' lang='lat' dir='ltr'>a·</span> <span class='ocrx_word' id='word_1_159' title='bbox 934 1660 1023 1743; x_wconf 79' lang='lat' dir='ltr'>Hesp.</span> <span class='ocrx_word' id='word_1_160' title='bbox 1037 1669 1122 1743; x_wconf 78' lang='lat' dir='ltr'>part.</span> <span class='ocrx_word' id='word_1_161' title='bbox 1135 1659 1166 1722; x_wconf 88' lang='grc'>2.</span> <span class='ocrx_word' id='word_1_162' title='bbox 1183 1679 1235 1744; x_wconf 83' lang='lat' dir='ltr'>qu.</span> <span class='ocrx_word' id='word_1_163' title='bbox 1252 1657 1325 1728; x_wconf 79' lang='lat'>134.</span> <span class='ocrx_word' id='word_1_164' title='bbox 1337 1656 1411 1722; x_wconf 87' lang='lat' dir='ltr'>Nisi</span> <span class='ocrx_word' id='word_1_165' title='bbox 1423 1657 1484 1742; x_wconf 91' lang='lat' dir='ltr'>ipsi</span> <span class='ocrx_word' id='word_1_166' title='bbox 1497 1655 1654 1721; x_wconf 87' lang='lat' dir='ltr'>Parentes</span> <span class='ocrx_word' id='word_1_167' title='bbox 1664 1656 1767 1722; x_wconf 80' lang='lat' dir='ltr'>Iudaei</span> 
     </span>
     <span class='ocr_line' id='line_1_17' title="bbox 315 1745 1768 1832; baseline -0.003 -19"><span class='ocrx_word' id='word_1_168' title='bbox 315 1754 390 1829; x_wconf 87' lang='lat' dir='ltr'>,aut</span> <span class='ocrx_word' id='word_1_169' title='bbox 411 1747 633 1812; x_wconf 89' lang='lat' dir='ltr'>Mahumetani</span> <span class='ocrx_word' id='word_1_170' title='bbox 656 1745 771 1811; x_wconf 85' lang='lat' dir='ltr'>falsam</span> <span class='ocrx_word' id='word_1_171' title='bbox 792 1769 883 1811; x_wconf 88' lang='lat' dir='ltr'>suam</span> <span class='ocrx_word' id='word_1_172' title='bbox 896 1746 1084 1832; x_wconf 80' lang='lat' dir='ltr'>religionem</span> <span class='ocrx_word' id='word_1_173' title='bbox 1098 1748 1268 1831; x_wconf 89' lang='lat' dir='ltr'>ejurarent,</span> <span class='ocrx_word' id='word_1_174' title='bbox 1285 1746 1307 1810; x_wconf 79' lang='lat' dir='ltr'>tr</span> <span class='ocrx_word' id='word_1_175' title='bbox 1322 1747 1452 1831; x_wconf 85' lang='lat' dir='ltr'>ipsimet</span> <span class='ocrx_word' id='word_1_176' title='bbox 1460 1745 1529 1829; x_wconf 88' lang='lat' dir='ltr'>jam</span> <span class='ocrx_word' id='word_1_177' title='bbox 1540 1745 1705 1828; x_wconf 86' lang='lat' dir='ltr'>baptizati,</span> <span class='ocrx_word' id='word_1_178' title='bbox 1719 1748 1768 1810; x_wconf 90' lang='lat' dir='ltr'>aut</span> 
     </span>
     <span class='ocr_line' id='line_1_18' title="bbox 314 1833 1767 1922; baseline -0.003 -20"><span class='ocrx_word' id='word_1_179' title='bbox 314 1837 531 1922; x_wconf 87' lang='lat' dir='ltr'>,Baptismum</span> <span class='ocrx_word' id='word_1_180' title='bbox 552 1839 698 1920; x_wconf 88' lang='lat' dir='ltr'>petentes</span> <span class='ocrx_word' id='word_1_181' title='bbox 720 1835 822 1900; x_wconf 89' lang='lat' dir='ltr'>soboli</span> <span class='ocrx_word' id='word_1_182' title='bbox 838 1858 914 1900; x_wconf 89' lang='lat' dir='ltr'>suae</span> <span class='ocrx_word' id='word_1_183' title='bbox 934 1834 1138 1920; x_wconf 87' lang='lat' dir='ltr'>Baptismum</span> <span class='ocrx_word' id='word_1_184' title='bbox 1158 1840 1306 1919; x_wconf 88' lang='lat' dir='ltr'>peterent</span> <span class='ocrx_word' id='word_1_185' title='bbox 1325 1835 1415 1922; x_wconf 89' lang='lat' dir='ltr'>[pag.</span> <span class='ocrx_word' id='word_1_186' title='bbox 1439 1833 1531 1920; x_wconf 78' lang='lat'>709]‚</span> <span class='ocrx_word' id='word_1_187' title='bbox 1548 1834 1675 1900; x_wconf 90' lang='lat' dir='ltr'>etiamsi</span> <span class='ocrx_word' id='word_1_188' title='bbox 1689 1835 1767 1899; x_wconf 92' lang='lat' dir='ltr'>mille</span> 
     </span>
     <span class='ocr_line' id='line_1_19' title="bbox 312 1923 1329 2010; baseline -0.004 -18"><span class='ocrx_word' id='word_1_189' title='bbox 312 1928 458 1993; x_wconf 85' lang='lat' dir='ltr'>adessent</span> <span class='ocrx_word' id='word_1_190' title='bbox 470 1923 654 2010; x_wconf 87' lang='lat' dir='ltr'>Sponsores,</span> <span class='ocrx_word' id='word_1_191' title='bbox 668 1923 870 2009; x_wconf 89' lang='lat' dir='ltr'>Baptismum</span> <span class='ocrx_word' id='word_1_192' title='bbox 883 1929 992 1989; x_wconf 89' lang='lat' dir='ltr'>tamen</span> <span class='ocrx_word' id='word_1_193' title='bbox 1007 1923 1128 1988; x_wconf 89' lang='lat' dir='ltr'>Infanti</span> <span class='ocrx_word' id='word_1_194' title='bbox 1141 1946 1329 1988; x_wconf 84' lang='lat' dir='ltr'>recusarem.</span> 
     </span>
    </p>

    <p class='ocr_par' dir='ltr' id='par_1_4' title="bbox 313 2011 1847 2632">
     <span class='ocr_line' id='line_1_20' title="bbox 359 2011 1769 2099; baseline -0.002 -20"><span class='ocrx_word' id='word_1_195' title='bbox 359 2017 389 2079; x_wconf 88' lang='grc'>6.</span> <span class='ocrx_word' id='word_1_196' title='bbox 417 2016 540 2096; x_wconf 79' lang='lat' dir='ltr'>Qrmrst.</span> <span class='ocrx_word' id='word_1_197' title='bbox 564 2015 614 2078; x_wconf 83' lang='lat' dir='ltr'>Aa</span> <span class='ocrx_word' id='word_1_198' title='bbox 626 2025 724 2079; x_wconf 76' lang='lat' dir='ltr'>aetate</span> <span class='ocrx_word' id='word_1_199' title='bbox 735 2012 896 2079; x_wconf 75' lang='lat' dir='ltr'>unicorne?</span> <span class='ocrx_word' id='word_1_200' title='bbox 921 2015 1010 2099; x_wconf 77' lang='lat' dir='ltr'>desp.</span> <span class='ocrx_word' id='word_1_201' title='bbox 1036 2015 1109 2099; x_wconf 78' lang='lat' dir='ltr'>Nep.</span> <span class='ocrx_word' id='word_1_202' title='bbox 1126 2011 1193 2097; x_wconf 90' lang='lat' dir='ltr'>Ipsi</span> <span class='ocrx_word' id='word_1_203' title='bbox 1206 2013 1290 2078; x_wconf 88' lang='lat' dir='ltr'>enim</span> <span class='ocrx_word' id='word_1_204' title='bbox 1306 2013 1408 2078; x_wconf 71' lang='lat' dir='ltr'>tutela</span> <span class='ocrx_word' id='word_1_205' title='bbox 1423 2014 1445 2079; x_wconf 78' lang='lat' dir='ltr'>tc</span> <span class='ocrx_word' id='word_1_206' title='bbox 1461 2017 1537 2078; x_wconf 76' lang='lat' dir='ltr'>curt</span> <span class='ocrx_word' id='word_1_207' title='bbox 1548 2013 1685 2078; x_wconf 86' lang='lat' dir='ltr'>aliorum</span> <span class='ocrx_word' id='word_1_208' title='bbox 1696 2012 1769 2077; x_wconf 91' lang='lat' dir='ltr'>indi·</span> 
     </span>
     <span class='ocr_line' id='line_1_21' title="bbox 313 2101 1847 2191; baseline -0.003 -22"><span class='ocrx_word' id='word_1_209' title='bbox 313 2107 391 2191; x_wconf 90' lang='lat' dir='ltr'>gent</span> <span class='ocrx_word' id='word_1_210' title='bbox 412 2103 445 2167; x_wconf 92' lang='lat' dir='ltr'>in</span> <span class='ocrx_word' id='word_1_211' title='bbox 460 2102 533 2166; x_wconf 92' lang='lat' dir='ltr'>fidei</span> <span class='ocrx_word' id='word_1_212' title='bbox 549 2101 762 2167; x_wconf 85' lang='lat' dir='ltr'>institutione.</span> <span class='ocrx_word' id='word_1_213' title='bbox 787 2101 877 2178; x_wconf 79' lang='lat' dir='ltr'>Quod</span> <span class='ocrx_word' id='word_1_214' title='bbox 893 2103 919 2167; x_wconf 90' lang='lat' dir='ltr'>si</span> <span class='ocrx_word' id='word_1_215' title='bbox 936 2103 967 2166; x_wconf 95' lang='lat' dir='ltr'>in</span> <span class='ocrx_word' id='word_1_216' title='bbox 981 2102 1211 2186; x_wconf 89' lang='lat' dir='ltr'>temporalibus</span> <span class='ocrx_word' id='word_1_217' title='bbox 1227 2125 1289 2166; x_wconf 92' lang='lat' dir='ltr'>non</span> <span class='ocrx_word' id='word_1_218' title='bbox 1301 2102 1515 2167; x_wconf 90' lang='lat' dir='ltr'>admittuntur</span> <span class='ocrx_word' id='word_1_219' title='bbox 1525 2103 1725 2168; x_wconf 88' lang='lat' dir='ltr'>minorennes</span> <span class='ocrx_word' id='word_1_220' title='bbox 1735 2101 1769 2165; x_wconf 86' lang='lat' dir='ltr'>ad</span> <span class='ocrx_word' id='word_1_221' title='bbox 1845 2111 1847 2186; x_wconf 69' lang='grc' dir='ltr'>ξ</span> 
     </span>
     <span class='ocr_line' id='line_1_22' title="bbox 316 2187 1847 2279; baseline -0.004 -20"><span class='ocrx_word' id='word_1_222' title='bbox 316 2193 451 2259; x_wconf 89' lang='lat' dir='ltr'>tutelam</span> <span class='ocrx_word' id='word_1_223' title='bbox 465 2193 511 2276; x_wconf 81' lang='lat' dir='ltr'>(L.</span> <span class='ocrx_word' id='word_1_224' title='bbox 528 2191 556 2254; x_wconf 92' lang='lat'>1.</span> <span class='ocrx_word' id='word_1_225' title='bbox 570 2193 592 2257; x_wconf 78' lang='lat' dir='ltr'>tr</span> <span class='ocrx_word' id='word_1_226' title='bbox 606 2193 635 2254; x_wconf 84' lang='lat'>2.</span> <span class='ocrx_word' id='word_1_227' title='bbox 651 2191 783 2279; x_wconf 81' lang='lat' dir='ltr'>Minor.)</span> <span class='ocrx_word' id='word_1_228' title='bbox 796 2191 953 2275; x_wconf 89' lang='lat' dir='ltr'>quomodo</span> <span class='ocrx_word' id='word_1_229' title='bbox 962 2191 1171 2256; x_wconf 84' lang='lat' dir='ltr'>admittentur</span> <span class='ocrx_word' id='word_1_230' title='bbox 1179 2191 1211 2255; x_wconf 92' lang='lat' dir='ltr'>in</span> <span class='ocrx_word' id='word_1_231' title='bbox 1221 2191 1453 2275; x_wconf 85' lang='lat' dir='ltr'>spiritualibus.</span> <span class='ocrx_word' id='word_1_232' title='bbox 1465 2190 1603 2255; x_wconf 89' lang='lat' dir='ltr'>Videtur</span> <span class='ocrx_word' id='word_1_233' title='bbox 1611 2212 1768 2275; x_wconf 87' lang='lat' dir='ltr'>puemmm</span> <span class='ocrx_word' id='word_1_234' title='bbox 1846 2187 1847 2192; x_wconf 68' lang='grc'>’</span> 
     </span>
     <span class='ocr_line' id='line_1_23' title="bbox 318 2277 1847 2368; baseline -0.003 -22"><span class='ocrx_word' id='word_1_235' title='bbox 318 2280 509 2368; x_wconf 88' lang='lat' dir='ltr'>praesertim</span> <span class='ocrx_word' id='word_1_236' title='bbox 531 2277 715 2364; x_wconf 82' lang='lat' dir='ltr'>Principum</span> <span class='ocrx_word' id='word_1_237' title='bbox 740 2282 762 2346; x_wconf 77' lang='lat' dir='ltr'>tc</span> <span class='ocrx_word' id='word_1_238' title='bbox 782 2278 984 2366; x_wconf 82' lang='lat' dir='ltr'>Magnetum,</span> <span class='ocrx_word' id='word_1_239' title='bbox 1000 2280 1191 2365; x_wconf 86' lang='lat' dir='ltr'>patrinatus,</span> <span class='ocrx_word' id='word_1_240' title='bbox 1210 2281 1251 2343; x_wconf 95' lang='lat' dir='ltr'>ob</span> <span class='ocrx_word' id='word_1_241' title='bbox 1270 2303 1414 2359; x_wconf 87' lang='lat' dir='ltr'>munera,</span> <span class='ocrx_word' id='word_1_242' title='bbox 1427 2279 1553 2364; x_wconf 88' lang='lat' dir='ltr'>aliaque</span> <span class='ocrx_word' id='word_1_243' title='bbox 1568 2281 1727 2345; x_wconf 82' lang='lat' dir='ltr'>commoda</span> <span class='ocrx_word' id='word_1_244' title='bbox 1737 2279 1769 2342; x_wconf 86' lang='lat' dir='ltr'>de</span> <span class='ocrx_word' id='word_1_245' title='bbox 1846 2359 1847 2366; x_wconf 8' lang='grc' dir='ltr'>ἵ</span> 
     </span>
     <span class='ocr_line' id='line_1_24' title="bbox 317 2369 1847 2454; baseline -0.002 -20"><span class='ocrx_word' id='word_1_246' title='bbox 317 2375 377 2435; x_wconf 88' lang='lat' dir='ltr'>hoc</span> <span class='ocrx_word' id='word_1_247' title='bbox 400 2370 526 2434; x_wconf 89' lang='lat' dir='ltr'>saeculo</span> <span class='ocrx_word' id='word_1_248' title='bbox 553 2369 619 2432; x_wconf 88' lang='lat' dir='ltr'>sive</span> <span class='ocrx_word' id='word_1_249' title='bbox 643 2369 823 2453; x_wconf 89' lang='lat' dir='ltr'>praesentia</span> <span class='ocrx_word' id='word_1_250' title='bbox 847 2370 913 2433; x_wconf 87' lang='lat' dir='ltr'>sive</span> <span class='ocrx_word' id='word_1_251' title='bbox 926 2373 1053 2453; x_wconf 88' lang='lat' dir='ltr'>sperata</span> <span class='ocrx_word' id='word_1_252' title='bbox 1065 2369 1263 2434; x_wconf 89' lang='lat' dir='ltr'>introductus</span> <span class='ocrx_word' id='word_1_253' title='bbox 1276 2369 1418 2453; x_wconf 87' lang='lat' dir='ltr'>aliquam</span> <span class='ocrx_word' id='word_1_254' title='bbox 1430 2369 1652 2454; x_wconf 88' lang='lat' dir='ltr'>cognationem</span> <span class='ocrx_word' id='word_1_255' title='bbox 1662 2369 1769 2433; x_wconf 86' lang='lat' dir='ltr'>habere</span> <span class='ocrx_word' id='word_1_256' title='bbox 1846 2371 1847 2454; x_wconf 26' lang='grc' dir='ltr'>ζ</span> 
     </span>
     <span class='ocr_line' id='line_1_25' title="bbox 316 2457 1769 2544; baseline -0.003 -18"><span class='ocrx_word' id='word_1_257' title='bbox 316 2481 390 2526; x_wconf 89' lang='lat' dir='ltr'>cum</span> <span class='ocrx_word' id='word_1_258' title='bbox 414 2458 666 2537; x_wconf 84' lang='lat' dir='ltr'>canonicatuum,</span> <span class='ocrx_word' id='word_1_259' title='bbox 691 2458 940 2543; x_wconf 79' lang='lat' dir='ltr'>episcopatuum,</span> <span class='ocrx_word' id='word_1_260' title='bbox 965 2457 1177 2537; x_wconf 87' lang='lat' dir='ltr'>abbatiarum,</span> <span class='ocrx_word' id='word_1_261' title='bbox 1202 2458 1225 2522; x_wconf 82' lang='lat' dir='ltr'>u</span> <span class='ocrx_word' id='word_1_262' title='bbox 1248 2458 1407 2544; x_wconf 87' lang='lat' dir='ltr'>regalium</span> <span class='ocrx_word' id='word_1_263' title='bbox 1423 2458 1669 2523; x_wconf 87' lang='lat' dir='ltr'>sacerdotiorum</span> <span class='ocrx_word' id='word_1_264' title='bbox 1682 2458 1769 2524; x_wconf 87' lang='lat' dir='ltr'>colh-</span> 
     </span>
     <span class='ocr_line' id='line_1_26' title="bbox 315 2545 1847 2632; baseline -0.002 -19"><span class='ocrx_word' id='word_1_265' title='bbox 315 2549 419 2624; x_wconf 82' lang='lat' dir='ltr'>tione3</span> <span class='ocrx_word' id='word_1_266' title='bbox 432 2550 496 2631; x_wconf 75' lang='lat' dir='ltr'>qua</span> <span class='ocrx_word' id='word_1_267' title='bbox 507 2546 608 2630; x_wconf 90' lang='lat' dir='ltr'>pueri,</span> <span class='ocrx_word' id='word_1_268' title='bbox 621 2546 648 2611; x_wconf 90' lang='lat' dir='ltr'>si</span> <span class='ocrx_word' id='word_1_269' title='bbox 664 2568 726 2610; x_wconf 95' lang='lat' dir='ltr'>non</span> <span class='ocrx_word' id='word_1_270' title='bbox 739 2545 888 2626; x_wconf 88' lang='lat' dir='ltr'>infantes,</span> <span class='ocrx_word' id='word_1_271' title='bbox 900 2547 932 2611; x_wconf 91' lang='lat' dir='ltr'>iu</span> <span class='ocrx_word' id='word_1_272' title='bbox 945 2567 1045 2632; x_wconf 89' lang='lat' dir='ltr'>regno</span> <span class='ocrx_word' id='word_1_273' title='bbox 1058 2547 1170 2630; x_wconf 90' lang='lat' dir='ltr'>Papali</span> <span class='ocrx_word' id='word_1_274' title='bbox 1184 2548 1322 2632; x_wconf 85' lang='lat' dir='ltr'>gaudere</span> <span class='ocrx_word' id='word_1_275' title='bbox 1339 2547 1453 2613; x_wconf 88' lang='lat' dir='ltr'>solent.</span> <span class='ocrx_word' id='word_1_276' title='bbox 1846 2607 1847 2622; x_wconf 70' lang='lat'>,</span> 
     </span>
    </p>

    <p class='ocr_par' dir='ltr' id='par_1_5' title="bbox 315 2635 1847 4419">
     <span class='ocr_line' id='line_1_27' title="bbox 363 2635 1847 2721; baseline -0.001 -20"><span class='ocrx_word' id='word_1_277' title='bbox 363 2638 392 2701; x_wconf 84' lang='lat'>7.</span> <span class='ocrx_word' id='word_1_278' title='bbox 419 2637 543 2718; x_wconf 79' lang='lat' dir='ltr'>Qrmcsl.</span> <span class='ocrx_word' id='word_1_279' title='bbox 560 2637 611 2701; x_wconf 82' lang='lat' dir='ltr'>An</span> <span class='ocrx_word' id='word_1_280' title='bbox 622 2647 759 2720; x_wconf 79' lang='lat' dir='ltr'>repulus,</span> <span class='ocrx_word' id='word_1_281' title='bbox 772 2655 891 2701; x_wconf 77' lang='lat' dir='ltr'>scurrus</span> <span class='ocrx_word' id='word_1_282' title='bbox 903 2635 1103 2721; x_wconf 65' lang='lat' dir='ltr'>Susceptoms,</span> <span class='ocrx_word' id='word_1_283' title='bbox 1116 2636 1249 2720; x_wconf 82' lang='lat' dir='ltr'>recipere</span> <span class='ocrx_word' id='word_1_284' title='bbox 1262 2647 1421 2701; x_wconf 75' lang='lat' dir='ltr'>tencatur:</span> <span class='ocrx_word' id='word_1_285' title='bbox 1431 2637 1617 2721; x_wconf 77' lang='lat' dir='ltr'>praesertim</span> <span class='ocrx_word' id='word_1_286' title='bbox 1629 2657 1698 2702; x_wconf 74' lang='lat' dir='ltr'>curru</span> <span class='ocrx_word' id='word_1_287' title='bbox 1713 2636 1770 2700; x_wconf 87' lang='lat' dir='ltr'>Bo·</span> <span class='ocrx_word' id='word_1_288' title='bbox 1846 2697 1847 2718; x_wconf 58' lang='lat'>,</span> 
     </span>
     <span class='ocr_line' id='line_1_28' title="bbox 315 2721 1847 2814; baseline -0.003 -22"><span class='ocrx_word' id='word_1_289' title='bbox 315 2727 454 2814; x_wconf 72' lang='lat' dir='ltr'>priamus</span> <span class='ocrx_word' id='word_1_290' title='bbox 473 2725 718 2790; x_wconf 63' lang='lat' dir='ltr'>adnumeratur·</span> <span class='ocrx_word' id='word_1_291' title='bbox 732 2726 767 2788; x_wconf 81' lang='lat' dir='ltr'>in</span> <span class='ocrx_word' id='word_1_292' title='bbox 779 2725 912 2790; x_wconf 74' lang='lat' dir='ltr'>Ecclesiu-</span> <span class='ocrx_word' id='word_1_293' title='bbox 928 2726 1101 2813; x_wconf 64' lang='lat' dir='ltr'>pontifico,</span> <span class='ocrx_word' id='word_1_294' title='bbox 1114 2736 1168 2790; x_wconf 82' lang='lat' dir='ltr'>aut</span> <span class='ocrx_word' id='word_1_295' title='bbox 1184 2727 1219 2789; x_wconf 85' lang='lat' dir='ltr'>iu</span> <span class='ocrx_word' id='word_1_296' title='bbox 1234 2737 1317 2791; x_wconf 80' lang='lat' dir='ltr'>coetu</span> <span class='ocrx_word' id='word_1_297' title='bbox 1329 2725 1619 2792; x_wconf 79' lang='lat' dir='ltr'>Reruoastruntioo?</span> <span class='ocrx_word' id='word_1_298' title='bbox 1643 2727 1726 2809; x_wconf 81' lang='lat' dir='ltr'>Hesp.</span> <span class='ocrx_word' id='word_1_299' title='bbox 1737 2723 1772 2787; x_wconf 88' lang='lat' dir='ltr'>ad</span> <span class='ocrx_word' id='word_1_300' title='bbox 1845 2721 1847 2760; x_wconf 72' lang='lat'>³</span> 
     </span>
     <span class='ocr_line' id='line_1_29' title="bbox 319 2812 1847 2900; baseline -0.003 -20"><span class='ocrx_word' id='word_1_301' title='bbox 319 2819 436 2900; x_wconf 84' lang='lat' dir='ltr'>poster.</span> <span class='ocrx_word' id='word_1_302' title='bbox 452 2813 502 2878; x_wconf 92' lang='lat' dir='ltr'>De</span> <span class='ocrx_word' id='word_1_303' title='bbox 514 2812 681 2896; x_wconf 89' lang='lat' dir='ltr'>Baptismo</span> <span class='ocrx_word' id='word_1_304' title='bbox 694 2812 861 2878; x_wconf 87' lang='lat' dir='ltr'>Pontificio</span> <span class='ocrx_word' id='word_1_305' title='bbox 873 2813 1017 2878; x_wconf 88' lang='lat' dir='ltr'>concedit</span> <span class='ocrx_word' id='word_1_306' title='bbox 1029 2814 1212 2881; x_wconf 80' lang='lat' dir='ltr'>Bclduiuus</span> <span class='ocrx_word' id='word_1_307' title='bbox 1224 2813 1289 2879; x_wconf 79' lang='lat' dir='ltr'>Lib.</span> <span class='ocrx_word' id='word_1_308' title='bbox 1304 2815 1333 2880; x_wconf 83' lang='lat'>2.</span> <span class='ocrx_word' id='word_1_309' title='bbox 1347 2835 1414 2898; x_wconf 84' lang='lat' dir='ltr'>cop.</span> <span class='ocrx_word' id='word_1_310' title='bbox 1430 2816 1481 2878; x_wconf 93' lang='lat' dir='ltr'>ll.</span> <span class='ocrx_word' id='word_1_311' title='bbox 1493 2835 1555 2880; x_wconf 87' lang='lat' dir='ltr'>cus.</span> <span class='ocrx_word' id='word_1_312' title='bbox 1572 2816 1620 2877; x_wconf 87' lang='lat'>10.</span> <span class='ocrx_word' id='word_1_313' title='bbox 1635 2817 1771 2880; x_wconf 79' lang='lat' dir='ltr'>&amp;cumea</span> <span class='ocrx_word' id='word_1_314' title='bbox 1845 2837 1847 2846; x_wconf 62' lang='lat'><strong><em>¹</em></strong></span> 
     </span>
     <span class='ocr_line' id='line_1_30' title="bbox 322 2900 1770 2987; baseline -0.005 -16"><span class='ocrx_word' id='word_1_315' title='bbox 322 2903 522 2971; x_wconf 57' lang='lat' dir='ltr'>alternetur</span> <span class='ocrx_word' id='word_1_316' title='bbox 541 2903 665 2984; x_wconf 78' lang='lat' dir='ltr'>Qrcacst.</span> <span class='ocrx_word' id='word_1_317' title='bbox 685 2901 929 2968; x_wconf 68' lang='lat' dir='ltr'>tabremmon</span> <span class='ocrx_word' id='word_1_318' title='bbox 945 2903 1134 2982; x_wconf 91' lang='lat' dir='ltr'>conditione,</span> <span class='ocrx_word' id='word_1_319' title='bbox 1151 2903 1178 2967; x_wconf 91' lang='lat' dir='ltr'>si</span> <span class='ocrx_word' id='word_1_320' title='bbox 1190 2900 1300 2967; x_wconf 85' lang='lat' dir='ltr'>Infans</span> <span class='ocrx_word' id='word_1_321' title='bbox 1313 2904 1533 2987; x_wconf 88' lang='lat' dir='ltr'>quadantenus</span> <span class='ocrx_word' id='word_1_322' title='bbox 1544 2903 1579 2966; x_wconf 93' lang='lat' dir='ltr'>in</span> <span class='ocrx_word' id='word_1_323' title='bbox 1591 2906 1770 2987; x_wconf 84' lang='lat' dir='ltr'>potestatam</span> 
     </span>
     <span class='ocr_line' id='line_1_31' title="bbox 325 2989 1847 3076; baseline 0 -20"><span class='ocrx_word' id='word_1_324' title='bbox 325 2997 482 3072; x_wconf 82' lang='lat' dir='ltr'>,nostram</span> <span class='ocrx_word' id='word_1_325' title='bbox 507 2989 662 3070; x_wconf 88' lang='lat' dir='ltr'>tradatur,</span> <span class='ocrx_word' id='word_1_326' title='bbox 687 2993 710 3057; x_wconf 76' lang='lat' dir='ltr'>ta</span> <span class='ocrx_word' id='word_1_327' title='bbox 730 2992 858 3056; x_wconf 89' lang='lat' dir='ltr'>accedat</span> <span class='ocrx_word' id='word_1_328' title='bbox 870 2991 1008 3055; x_wconf 87' lang='lat' dir='ltr'>solennis</span> <span class='ocrx_word' id='word_1_329' title='bbox 1021 2991 1219 3076; x_wconf 86' lang='lat' dir='ltr'>protestatio,</span> <span class='ocrx_word' id='word_1_330' title='bbox 1233 2991 1294 3055; x_wconf 91' lang='lat' dir='ltr'>sihi</span> <span class='ocrx_word' id='word_1_331' title='bbox 1307 3014 1378 3057; x_wconf 94' lang='lat' dir='ltr'>cum</span> <span class='ocrx_word' id='word_1_332' title='bbox 1392 2992 1535 3056; x_wconf 72' lang='lat' dir='ltr'>doctrina</span> <span class='ocrx_word' id='word_1_333' title='bbox 1546 2991 1689 3076; x_wconf 88' lang='lat' dir='ltr'>ipsorum</span> <span class='ocrx_word' id='word_1_334' title='bbox 1700 2989 1770 3054; x_wconf 89' lang='lat' dir='ltr'>nihil</span> <span class='ocrx_word' id='word_1_335' title='bbox 1845 3005 1847 3056; x_wconf 74' lang='lat' dir='ltr'>l</span> 
     </span>
     <span class='ocr_line' id='line_1_32' title="bbox 327 3078 1847 3166; baseline -0.003 -19"><span class='ocrx_word' id='word_1_336' title='bbox 327 3103 412 3160; x_wconf 83' lang='lat' dir='ltr'>,esse</span> <span class='ocrx_word' id='word_1_337' title='bbox 436 3078 570 3166; x_wconf 85' lang='lat' dir='ltr'>negotii,</span> <span class='ocrx_word' id='word_1_338' title='bbox 592 3081 616 3144; x_wconf 79' lang='lat' dir='ltr'>du</span> <span class='ocrx_word' id='word_1_339' title='bbox 639 3103 672 3144; x_wconf 89' lang='lat' dir='ltr'>se</span> <span class='ocrx_word' id='word_1_340' title='bbox 688 3080 748 3144; x_wconf 89' lang='lat' dir='ltr'>hoc</span> <span class='ocrx_word' id='word_1_341' title='bbox 764 3079 848 3144; x_wconf 87' lang='lat' dir='ltr'>facto</span> <span class='ocrx_word' id='word_1_342' title='bbox 860 3079 942 3143; x_wconf 92' lang='lat' dir='ltr'>nihil</span> <span class='ocrx_word' id='word_1_343' title='bbox 955 3080 1042 3144; x_wconf 87' lang='lat' dir='ltr'>aliud</span> <span class='ocrx_word' id='word_1_344' title='bbox 1057 3081 1150 3159; x_wconf 87' lang='lat' dir='ltr'>velle,</span> <span class='ocrx_word' id='word_1_345' title='bbox 1163 3103 1259 3164; x_wconf 88' lang='lat' dir='ltr'>quam</span> <span class='ocrx_word' id='word_1_346' title='bbox 1275 3080 1314 3145; x_wconf 89' lang='lat' dir='ltr'>de</span> <span class='ocrx_word' id='word_1_347' title='bbox 1327 3079 1464 3144; x_wconf 90' lang='lat' dir='ltr'>Infantis</span> <span class='ocrx_word' id='word_1_348' title='bbox 1478 3080 1648 3165; x_wconf 79' lang='lat' dir='ltr'>Baptismo</span> <span class='ocrx_word' id='word_1_349' title='bbox 1662 3079 1771 3146; x_wconf 87' lang='lat' dir='ltr'>testari.</span> <span class='ocrx_word' id='word_1_350' title='bbox 1845 3081 1847 3156; x_wconf 56' lang='lat' dir='ltr'>l</span> 
     </span>
     <span class='ocr_line' id='line_1_33' title="bbox 323 3167 1847 3254; baseline -0.005 -17"><span class='ocrx_word' id='word_1_351' title='bbox 323 3171 385 3237; x_wconf 88' lang='lat' dir='ltr'>Sed</span> <span class='ocrx_word' id='word_1_352' title='bbox 400 3191 457 3234; x_wconf 90' lang='lat' dir='ltr'>nos</span> <span class='ocrx_word' id='word_1_353' title='bbox 477 3189 649 3254; x_wconf 87' lang='lat' dir='ltr'>negamus:</span> <span class='ocrx_word' id='word_1_354' title='bbox 670 3167 753 3244; x_wconf 80' lang='lat' dir='ltr'>Quia</span> <span class='ocrx_word' id='word_1_355' title='bbox 769 3169 837 3254; x_wconf 88' lang='lat' dir='ltr'>jam</span> <span class='ocrx_word' id='word_1_356' title='bbox 857 3169 1042 3234; x_wconf 89' lang='lat' dir='ltr'>secessimus</span> <span class='ocrx_word' id='word_1_357' title='bbox 1062 3168 1103 3233; x_wconf 88' lang='lat' dir='ltr'>ab</span> <span class='ocrx_word' id='word_1_358' title='bbox 1115 3169 1258 3234; x_wconf 75' lang='lat' dir='ltr'>Ecclesia</span> <span class='ocrx_word' id='word_1_359' title='bbox 1270 3167 1414 3234; x_wconf 72' lang='lat' dir='ltr'>Romana</span> <span class='ocrx_word' id='word_1_360' title='bbox 1426 3169 1466 3234; x_wconf 94' lang='lat' dir='ltr'>ob</span> <span class='ocrx_word' id='word_1_361' title='bbox 1476 3171 1581 3254; x_wconf 90' lang='lat' dir='ltr'>justas</span> <span class='ocrx_word' id='word_1_362' title='bbox 1596 3170 1730 3234; x_wconf 91' lang='lat' dir='ltr'>rationes</span> <span class='ocrx_word' id='word_1_363' title='bbox 1740 3189 1771 3231; x_wconf 87' lang='lat' dir='ltr'>er</span> <span class='ocrx_word' id='word_1_364' title='bbox 1846 3179 1847 3182; x_wconf 76' lang='grc'>’</span> 
     </span>
     <span class='ocr_line' id='line_1_34' title="bbox 323 3255 1769 3345; baseline -0.005 -19"><span class='ocrx_word' id='word_1_365' title='bbox 323 3260 448 3345; x_wconf 80' lang='lat' dir='ltr'>Apocul.</span> <span class='ocrx_word' id='word_1_366' title='bbox 466 3255 515 3319; x_wconf 88' lang='lat'>18.</span> <span class='ocrx_word' id='word_1_367' title='bbox 527 3278 556 3321; x_wconf 89' lang='lat' dir='ltr'>v.</span> <span class='ocrx_word' id='word_1_368' title='bbox 571 3258 639 3322; x_wconf 70' lang='lat' dir='ltr'>ee</span> <span class='ocrx_word' id='word_1_369' title='bbox 655 3259 674 3320; x_wconf 87' lang='grc'>2</span> <span class='ocrx_word' id='word_1_370' title='bbox 691 3258 829 3323; x_wconf 75' lang='lat' dir='ltr'>Cariath.</span> <span class='ocrx_word' id='word_1_371' title='bbox 843 3257 872 3321; x_wconf 83' lang='grc'>6.</span> <span class='ocrx_word' id='word_1_372' title='bbox 886 3259 909 3324; x_wconf 75' lang='lat' dir='ltr'>tr</span> <span class='ocrx_word' id='word_1_373' title='bbox 924 3265 938 3319; x_wconf 90' lang='lat' dir='ltr'>l</span> <span class='ocrx_word' id='word_1_374' title='bbox 953 3258 1091 3323; x_wconf 79' lang='lat' dir='ltr'>Corinth.</span> <span class='ocrx_word' id='word_1_375' title='bbox 1105 3258 1168 3323; x_wconf 79' lang='lat'>8.&amp;</span> <span class='ocrx_word' id='word_1_376' title='bbox 1184 3257 1234 3321; x_wconf 88' lang='lat'>10.</span> <span class='ocrx_word' id='word_1_377' title='bbox 1248 3260 1298 3324; x_wconf 80' lang='lat' dir='ltr'>&amp;c</span> <span class='ocrx_word' id='word_1_378' title='bbox 1312 3258 1390 3322; x_wconf 89' lang='lat' dir='ltr'>alibi</span> <span class='ocrx_word' id='word_1_379' title='bbox 1402 3259 1564 3322; x_wconf 90' lang='lat' dir='ltr'>adductas.</span> <span class='ocrx_word' id='word_1_380' title='bbox 1575 3257 1708 3324; x_wconf 86' lang='lat' dir='ltr'>Nullam</span> <span class='ocrx_word' id='word_1_381' title='bbox 1718 3258 1769 3320; x_wconf 87' lang='lat' dir='ltr'>ita·</span> 
     </span>
     <span class='ocr_line' id='line_1_35' title="bbox 323 3346 1770 3431; baseline -0.003 -19"><span class='ocrx_word' id='word_1_382' title='bbox 323 3371 384 3431; x_wconf 90' lang='lat' dir='ltr'>que</span> <span class='ocrx_word' id='word_1_383' title='bbox 402 3369 474 3412; x_wconf 89' lang='lat' dir='ltr'>cum</span> <span class='ocrx_word' id='word_1_384' title='bbox 492 3346 623 3429; x_wconf 89' lang='lat' dir='ltr'>pollutis</span> <span class='ocrx_word' id='word_1_385' title='bbox 643 3368 750 3410; x_wconf 88' lang='lat' dir='ltr'>eornm</span> <span class='ocrx_word' id='word_1_386' title='bbox 773 3347 881 3425; x_wconf 77' lang='lat' dir='ltr'>sacriS,</span> <span class='ocrx_word' id='word_1_387' title='bbox 894 3347 1147 3411; x_wconf 86' lang='lat' dir='ltr'>communionem</span> <span class='ocrx_word' id='word_1_388' title='bbox 1161 3346 1298 3431; x_wconf 85' lang='lat' dir='ltr'>amplius</span> <span class='ocrx_word' id='word_1_389' title='bbox 1312 3347 1462 3412; x_wconf 88' lang='lat' dir='ltr'>colimus:</span> <span class='ocrx_word' id='word_1_390' title='bbox 1476 3348 1659 3431; x_wconf 85' lang='lat' dir='ltr'>specialiter</span> <span class='ocrx_word' id='word_1_391' title='bbox 1671 3368 1770 3431; x_wconf 90' lang='lat' dir='ltr'>super-</span> 
     </span>
     <span class='ocr_line' id='line_1_36' title="bbox 325 3433 1847 3516; baseline -0.003 -15"><span class='ocrx_word' id='word_1_392' title='bbox 325 3436 454 3502; x_wconf 91' lang='lat' dir='ltr'>stitione</span> <span class='ocrx_word' id='word_1_393' title='bbox 478 3435 502 3498; x_wconf 80' lang='lat' dir='ltr'>dr</span> <span class='ocrx_word' id='word_1_394' title='bbox 525 3433 650 3500; x_wconf 88' lang='lat' dir='ltr'>haeresi</span> <span class='ocrx_word' id='word_1_395' title='bbox 673 3435 897 3499; x_wconf 89' lang='lat' dir='ltr'>contaminatis</span> <span class='ocrx_word' id='word_1_396' title='bbox 922 3458 1031 3500; x_wconf 88' lang='lat' dir='ltr'>eorum</span> <span class='ocrx_word' id='word_1_397' title='bbox 1055 3436 1260 3500; x_wconf 87' lang='lat' dir='ltr'>sacramentis</span> <span class='ocrx_word' id='word_1_398' title='bbox 1276 3459 1339 3500; x_wconf 91' lang='lat' dir='ltr'>non</span> <span class='ocrx_word' id='word_1_399' title='bbox 1356 3435 1543 3516; x_wconf 87' lang='lat' dir='ltr'>immiscere,</span> <span class='ocrx_word' id='word_1_400' title='bbox 1558 3436 1774 3502; x_wconf 79' lang='lat' dir='ltr'>&amp;hacreticus</span> <span class='ocrx_word' id='word_1_401' title='bbox 1846 3447 1847 3508; x_wconf 64' lang='grc' dir='ltr'>ζ</span> 
     </span>
     <span class='ocr_line' id='line_1_37' title="bbox 326 3523 1847 3610; baseline -0.002 -19"><span class='ocrx_word' id='word_1_402' title='bbox 326 3529 489 3591; x_wconf 80' lang='lat' dir='ltr'>externam</span> <span class='ocrx_word' id='word_1_403' title='bbox 513 3523 600 3606; x_wconf 90' lang='lat' dir='ltr'>quali</span> <span class='ocrx_word' id='word_1_404' title='bbox 624 3523 716 3588; x_wconf 85' lang='lat' dir='ltr'>istius</span> <span class='ocrx_word' id='word_1_405' title='bbox 740 3524 905 3610; x_wconf 83' lang='lat' dir='ltr'>religionis</span> <span class='ocrx_word' id='word_1_406' title='bbox 928 3523 1158 3608; x_wconf 87' lang='lat' dir='ltr'>professionem</span> <span class='ocrx_word' id='word_1_407' title='bbox 1182 3547 1259 3608; x_wconf 92' lang='lat' dir='ltr'>prae</span> <span class='ocrx_word' id='word_1_408' title='bbox 1281 3525 1374 3589; x_wconf 91' lang='lat' dir='ltr'>nobis</span> <span class='ocrx_word' id='word_1_409' title='bbox 1398 3524 1481 3590; x_wconf 88' lang='lat' dir='ltr'>ferre</span> <span class='ocrx_word' id='word_1_410' title='bbox 1494 3529 1550 3589; x_wconf 90' lang='lat' dir='ltr'>aut</span> <span class='ocrx_word' id='word_1_411' title='bbox 1562 3526 1710 3591; x_wconf 88' lang='lat' dir='ltr'>simulare</span> <span class='ocrx_word' id='word_1_412' title='bbox 1722 3545 1774 3587; x_wconf 93' lang='lat' dir='ltr'>non</span> <span class='ocrx_word' id='word_1_413' title='bbox 1846 3537 1847 3588; x_wconf 80' lang='grc' dir='ltr'>ἶ</span> 
     </span>
     <span class='ocr_line' id='line_1_38' title="bbox 327 3611 1847 3698; baseline -0.005 -18"><span class='ocrx_word' id='word_1_414' title='bbox 327 3614 488 3680; x_wconf 86' lang='lat' dir='ltr'>debemus.</span> <span class='ocrx_word' id='word_1_415' title='bbox 514 3611 544 3676; x_wconf 90' lang='lat' dir='ltr'>N</span> <span class='ocrx_word' id='word_1_416' title='bbox 548 3634 582 3676; x_wconf 93' lang='lat' dir='ltr'>ec</span> <span class='ocrx_word' id='word_1_417' title='bbox 596 3615 692 3677; x_wconf 88' lang='lat' dir='ltr'>etiam</span> <span class='ocrx_word' id='word_1_418' title='bbox 705 3613 754 3677; x_wconf 94' lang='lat' dir='ltr'>illi</span> <span class='ocrx_word' id='word_1_419' title='bbox 766 3617 901 3692; x_wconf 91' lang='lat' dir='ltr'>nostros,</span> <span class='ocrx_word' id='word_1_420' title='bbox 915 3635 953 3676; x_wconf 83' lang='lat' dir='ltr'>ex</span> <span class='ocrx_word' id='word_1_421' title='bbox 965 3613 1137 3698; x_wconf 87' lang='lat' dir='ltr'>hypothesi</span> <span class='ocrx_word' id='word_1_422' title='bbox 1150 3635 1224 3677; x_wconf 89' lang='lat' dir='ltr'>suae</span> <span class='ocrx_word' id='word_1_423' title='bbox 1238 3614 1408 3688; x_wconf 90' lang='lat' dir='ltr'>doctrinae,</span> <span class='ocrx_word' id='word_1_424' title='bbox 1421 3617 1576 3698; x_wconf 88' lang='lat' dir='ltr'>tanquam</span> <span class='ocrx_word' id='word_1_425' title='bbox 1585 3613 1775 3698; x_wconf 88' lang='lat' dir='ltr'>Suseeptores</span> <span class='ocrx_word' id='word_1_426' title='bbox 1845 3631 1847 3672; x_wconf 62' lang='lat' dir='ltr'>r</span> 
     </span>
     <span class='ocr_line' id='line_1_39' title="bbox 327 3701 1776 3786; baseline 0 -18"><span class='ocrx_word' id='word_1_427' title='bbox 327 3701 495 3768; x_wconf 87' lang='lat' dir='ltr'>admittere</span> <span class='ocrx_word' id='word_1_428' title='bbox 512 3706 654 3785; x_wconf 89' lang='lat' dir='ltr'>possunt.</span> <span class='ocrx_word' id='word_1_429' title='bbox 680 3701 770 3777; x_wconf 74' lang='lat' dir='ltr'>tluod</span> <span class='ocrx_word' id='word_1_430' title='bbox 783 3706 889 3766; x_wconf 74' lang='lat' dir='ltr'>auitam</span> <span class='ocrx_word' id='word_1_431' title='bbox 902 3703 1085 3768; x_wconf 82' lang='lat' dir='ltr'>Baldur&#39;nus</span> <span class='ocrx_word' id='word_1_432' title='bbox 1098 3703 1120 3768; x_wconf 79' lang='lat' dir='ltr'>tu</span> <span class='ocrx_word' id='word_1_433' title='bbox 1134 3703 1335 3768; x_wconf 80' lang='lat' dir='ltr'>Praetaerus</span> <span class='ocrx_word' id='word_1_434' title='bbox 1347 3707 1462 3786; x_wconf 87' lang='lat' dir='ltr'>putant</span> <span class='ocrx_word' id='word_1_435' title='bbox 1473 3702 1621 3769; x_wconf 90' lang='lat' dir='ltr'>sufficere</span> <span class='ocrx_word' id='word_1_436' title='bbox 1634 3705 1776 3768; x_wconf 85' lang='lat' dir='ltr'>correcto·</span> 
     </span>
     <span class='ocr_line' id='line_1_40' title="bbox 328 3788 1776 3876; baseline -0.003 -19"><span class='ocrx_word' id='word_1_437' title='bbox 328 3793 412 3857; x_wconf 90' lang='lat' dir='ltr'>rium</span> <span class='ocrx_word' id='word_1_438' title='bbox 434 3790 515 3855; x_wconf 90' lang='lat' dir='ltr'>illud</span> <span class='ocrx_word' id='word_1_439' title='bbox 537 3791 787 3873; x_wconf 86' lang='lat' dir='ltr'>protestationis,</span> <span class='ocrx_word' id='word_1_440' title='bbox 812 3793 862 3856; x_wconf 76' lang='lat' dir='ltr'>duc.</span> <span class='ocrx_word' id='word_1_441' title='bbox 882 3791 963 3854; x_wconf 90' lang='lat' dir='ltr'>rnihi</span> <span class='ocrx_word' id='word_1_442' title='bbox 979 3813 1042 3854; x_wconf 92' lang='lat' dir='ltr'>non</span> <span class='ocrx_word' id='word_1_443' title='bbox 1058 3791 1095 3854; x_wconf 90' lang='lat' dir='ltr'>fit</span> <span class='ocrx_word' id='word_1_444' title='bbox 1109 3791 1293 3856; x_wconf 88' lang='lat' dir='ltr'>verisimile:</span> <span class='ocrx_word' id='word_1_445' title='bbox 1308 3791 1384 3875; x_wconf 90' lang='lat' dir='ltr'>quia</span> <span class='ocrx_word' id='word_1_446' title='bbox 1396 3790 1596 3876; x_wconf 88' lang='lat' dir='ltr'>Susceptoris</span> <span class='ocrx_word' id='word_1_447' title='bbox 1611 3816 1733 3870; x_wconf 91' lang='lat' dir='ltr'>munus,</span> <span class='ocrx_word' id='word_1_448' title='bbox 1744 3788 1776 3854; x_wconf 88' lang='lat' dir='ltr'>ad</span> 
     </span>
     <span class='ocr_line' id='line_1_41' title="bbox 328 3877 1777 3966; baseline -0.003 -21"><span class='ocrx_word' id='word_1_449' title='bbox 328 3881 411 3966; x_wconf 89' lang='lat' dir='ltr'>quod</span> <span class='ocrx_word' id='word_1_450' title='bbox 428 3881 499 3963; x_wconf 89' lang='lat' dir='ltr'>quis</span> <span class='ocrx_word' id='word_1_451' title='bbox 512 3885 530 3944; x_wconf 78' lang='lat' dir='ltr'>t</span> <span class='ocrx_word' id='word_1_452' title='bbox 542 3877 679 3944; x_wconf 84' lang='lat' dir='ltr'>Parente</span> <span class='ocrx_word' id='word_1_453' title='bbox 692 3879 858 3944; x_wconf 90' lang='lat' dir='ltr'>Pontificio</span> <span class='ocrx_word' id='word_1_454' title='bbox 871 3883 1011 3958; x_wconf 88' lang='lat' dir='ltr'>vocatur,</span> <span class='ocrx_word' id='word_1_455' title='bbox 1023 3879 1057 3942; x_wconf 92' lang='lat' dir='ltr'>in</span> <span class='ocrx_word' id='word_1_456' title='bbox 1070 3880 1137 3944; x_wconf 93' lang='lat' dir='ltr'>solo</span> <span class='ocrx_word' id='word_1_457' title='bbox 1149 3880 1331 3944; x_wconf 90' lang='lat' dir='ltr'>testimonio</span> <span class='ocrx_word' id='word_1_458' title='bbox 1341 3882 1378 3945; x_wconf 90' lang='lat' dir='ltr'>de</span> <span class='ocrx_word' id='word_1_459' title='bbox 1388 3881 1554 3965; x_wconf 89' lang='lat' dir='ltr'>Baptismo</span> <span class='ocrx_word' id='word_1_460' title='bbox 1564 3905 1626 3946; x_wconf 93' lang='lat' dir='ltr'>non</span> <span class='ocrx_word' id='word_1_461' title='bbox 1635 3879 1777 3953; x_wconf 86' lang='lat' dir='ltr'>consistit,</span> 
     </span>
     <span class='ocr_line' id='line_1_42' title="bbox 329 3966 1777 4053; baseline -0.003 -19"><span class='ocrx_word' id='word_1_462' title='bbox 329 3969 500 4034; x_wconf 89' lang='lat' dir='ltr'>secuudum</span> <span class='ocrx_word' id='word_1_463' title='bbox 513 3967 707 4047; x_wconf 75' lang='lat' dir='ltr'>PontificioS‚</span> <span class='ocrx_word' id='word_1_464' title='bbox 724 3968 922 4033; x_wconf 86' lang='lat' dir='ltr'>Lutheranos</span> <span class='ocrx_word' id='word_1_465' title='bbox 935 3969 957 4033; x_wconf 80' lang='lat' dir='ltr'>tu</span> <span class='ocrx_word' id='word_1_466' title='bbox 970 3967 1123 4033; x_wconf 87' lang='lat' dir='ltr'>Nostros:</span> <span class='ocrx_word' id='word_1_467' title='bbox 1137 3973 1173 4032; x_wconf 93' lang='lat' dir='ltr'>ut</span> <span class='ocrx_word' id='word_1_468' title='bbox 1185 3991 1281 4053; x_wconf 90' lang='lat' dir='ltr'>supra</span> <span class='ocrx_word' id='word_1_469' title='bbox 1293 3974 1456 4048; x_wconf 91' lang='lat' dir='ltr'>ostensum</span> <span class='ocrx_word' id='word_1_470' title='bbox 1470 3974 1529 4035; x_wconf 84' lang='lat' dir='ltr'>cst.</span> <span class='ocrx_word' id='word_1_471' title='bbox 1553 3969 1693 4046; x_wconf 82' lang='lat' dir='ltr'>Accedit,</span> <span class='ocrx_word' id='word_1_472' title='bbox 1705 3966 1777 4053; x_wconf 82' lang='lat' dir='ltr'>quod</span> 
     </span>
     <span class='ocr_line' id='line_1_43' title="bbox 330 4056 1847 4143; baseline -0.002 -22"><span class='ocrx_word' id='word_1_473' title='bbox 330 4057 518 4142; x_wconf 88' lang='lat' dir='ltr'>protestatio</span> <span class='ocrx_word' id='word_1_474' title='bbox 539 4057 697 4122; x_wconf 86' lang='lat' dir='ltr'>contraria</span> <span class='ocrx_word' id='word_1_475' title='bbox 718 4058 813 4134; x_wconf 80' lang='lat' dir='ltr'>facto,</span> <span class='ocrx_word' id='word_1_476' title='bbox 830 4058 920 4122; x_wconf 86' lang='lat' dir='ltr'>nulla</span> <span class='ocrx_word' id='word_1_477' title='bbox 937 4062 1002 4122; x_wconf 89' lang='lat' dir='ltr'>est:</span> <span class='ocrx_word' id='word_1_478' title='bbox 1019 4057 1114 4122; x_wconf 89' lang='lat' dir='ltr'>sicuti</span> <span class='ocrx_word' id='word_1_479' title='bbox 1126 4058 1253 4122; x_wconf 92' lang='lat' dir='ltr'>illorum</span> <span class='ocrx_word' id='word_1_480' title='bbox 1266 4058 1322 4142; x_wconf 89' lang='lat' dir='ltr'>qui</span> <span class='ocrx_word' id='word_1_481' title='bbox 1333 4056 1777 4143; x_wconf 85' lang='lat' dir='ltr'>idolothytis-vescebanturin</span> <span class='ocrx_word' id='word_1_482' title='bbox 1846 4093 1847 4096; x_wconf 61' lang='lat'><em>=</em></span> 
     </span>
     <span class='ocr_line' id='line_1_44' title="bbox 331 4141 1847 4232; baseline -0.003 -22"><span class='ocrx_word' id='word_1_483' title='bbox 331 4146 445 4210; x_wconf 90' lang='lat' dir='ltr'>idoleio</span> <span class='ocrx_word' id='word_1_484' title='bbox 465 4147 717 4211; x_wconf 86' lang='lat' dir='ltr'>accumbentesl</span> <span class='ocrx_word' id='word_1_485' title='bbox 740 4147 883 4212; x_wconf 85' lang='lat' dir='ltr'>Corinth.</span> <span class='ocrx_word' id='word_1_486' title='bbox 906 4147 935 4210; x_wconf 82' lang='lat'>8.</span> <span class='ocrx_word' id='word_1_487' title='bbox 960 4146 1082 4212; x_wconf 82' lang='lat' dir='ltr'>Scimus</span> <span class='ocrx_word' id='word_1_488' title='bbox 1094 4149 1178 4232; x_wconf 87' lang='lat' dir='ltr'>quod</span> <span class='ocrx_word' id='word_1_489' title='bbox 1190 4148 1310 4213; x_wconf 82' lang='lat' dir='ltr'>idolum</span> <span class='ocrx_word' id='word_1_490' title='bbox 1323 4148 1469 4224; x_wconf 75' lang='lat' dir='ltr'>uitiiset,</span> <span class='ocrx_word' id='word_1_491' title='bbox 1482 4150 1532 4214; x_wconf 79' lang='lat' dir='ltr'>duc.</span> <span class='ocrx_word' id='word_1_492' title='bbox 1557 4146 1620 4212; x_wconf 90' lang='lat' dir='ltr'>Sed</span> <span class='ocrx_word' id='word_1_493' title='bbox 1636 4146 1778 4230; x_wconf 83' lang='lat' dir='ltr'>excipitur</span> <span class='ocrx_word' id='word_1_494' title='bbox 1846 4141 1847 4144; x_wconf 66' lang='grc'>’</span> 
     </span>
     <span class='ocr_line' id='line_1_45' title="bbox 331 4233 1847 4321; baseline -0.003 -23"><span class='ocrx_word' id='word_1_495' title='bbox 331 4235 384 4299; x_wconf 88' lang='lat' dir='ltr'>bic</span> <span class='ocrx_word' id='word_1_496' title='bbox 407 4235 434 4297; x_wconf 90' lang='lat' dir='ltr'>l.</span> <span class='ocrx_word' id='word_1_497' title='bbox 449 4237 571 4318; x_wconf 77' lang='lat' dir='ltr'>Encept.</span> <span class='ocrx_word' id='word_1_498' title='bbox 586 4257 642 4318; x_wconf 88' lang='lat' dir='ltr'>per</span> <span class='ocrx_word' id='word_1_499' title='bbox 654 4233 818 4300; x_wconf 87' lang='lat' dir='ltr'>Vicarium</span> <span class='ocrx_word' id='word_1_500' title='bbox 831 4240 887 4300; x_wconf 90' lang='lat' dir='ltr'>ant</span> <span class='ocrx_word' id='word_1_501' title='bbox 899 4233 1140 4300; x_wconf 87' lang='lat' dir='ltr'>Procuratorem</span> <span class='ocrx_word' id='word_1_502' title='bbox 1153 4236 1342 4321; x_wconf 82' lang='lat' dir='ltr'>religionem</span> <span class='ocrx_word' id='word_1_503' title='bbox 1356 4235 1566 4316; x_wconf 90' lang='lat' dir='ltr'>Pontificiam‚</span> <span class='ocrx_word' id='word_1_504' title='bbox 1581 4240 1699 4304; x_wconf 75' lang='lat' dir='ltr'>&amp;sacra</span> <span class='ocrx_word' id='word_1_505' title='bbox 1713 4233 1776 4296; x_wconf 88' lang='lat' dir='ltr'>illo·</span> <span class='ocrx_word' id='word_1_506' title='bbox 1846 4271 1847 4278; x_wconf 60' lang='lat'>.</span> 
     </span>
     <span class='ocr_line' id='line_1_46' title="bbox 333 4317 1777 4419; baseline 0 -29"><span class='ocrx_word' id='word_1_507' title='bbox 333 4346 415 4404; x_wconf 88' lang='lat' dir='ltr'>rum,</span> <span class='ocrx_word' id='word_1_508' title='bbox 435 4321 703 4410; x_wconf 86' lang='lat' dir='ltr'>frequentantem,</span> <span class='ocrx_word' id='word_1_509' title='bbox 723 4329 829 4413; x_wconf 87' lang='lat' dir='ltr'>posset</span> <span class='ocrx_word' id='word_1_510' title='bbox 845 4324 923 4392; x_wconf 87' lang='lat' dir='ltr'>fieri.</span> <span class='ocrx_word' id='word_1_511' title='bbox 950 4327 1039 4413; x_wconf 66' lang='lat' dir='ltr'>Ile-sp.</span> <span class='ocrx_word' id='word_1_512' title='bbox 1059 4326 1247 4392; x_wconf 89' lang='lat' dir='ltr'>tantundem</span> <span class='ocrx_word' id='word_1_513' title='bbox 1261 4329 1325 4402; x_wconf 86' lang='lat' dir='ltr'>est;</span> <span class='ocrx_word' id='word_1_514' title='bbox 1336 4327 1429 4412; x_wconf 83' lang='lat' dir='ltr'>juxta</span> <span class='ocrx_word' id='word_1_515' title='bbox 1442 4327 1588 4413; x_wconf 88' lang='lat' dir='ltr'>regulam</span> <span class='ocrx_word' id='word_1_516' title='bbox 1597 4326 1684 4411; x_wconf 89' lang='lat' dir='ltr'>juris,</span> <span class='ocrx_word' id='word_1_517' title='bbox 1698 4317 1777 4419; x_wconf 63' lang='lat' dir='ltr'>Quwfl</span> 
     </span>
    </p>

    <p class='ocr_par' dir='ltr' id='par_1_6' title="bbox 1714 4427 1776 4498">
     <span class='ocr_line' id='line_1_47' title="bbox 1714 4427 1776 4498; baseline 0 -23"><span class='ocrx_word' id='word_1_518' title='bbox 1714 4427 1776 4498; x_wconf 78' lang='lat' dir='ltr'>quc</span> 
     </span>
    </p>
   </div>
   <div class='ocr_carea' id='block_1_3' title="bbox 0 0 1898 4860">
    <p class='ocr_par' dir='ltr' id='par_1_7' title="bbox 0 0 1898 4860">
     <span class='ocr_line' id='line_1_48' title="bbox 0 0 1898 4860; baseline 0 0"><span class='ocrx_word' id='word_1_519' title='bbox 0 0 1898 4860; x_wconf 95' lang='lat' dir='ltr'> </span> 
     </span>
    </p>
   </div>
  </div>
 </body>
</html>
