3766 4866
266 286 330 349 380
648 286 808 351 Pammene
824 285 1073 351 Eccnnsnsrrcrn
1096 287 1178 352 Pras
1190 286 1217 351 Ι.
1240 284 1306 356 Ins.
1329 283 1371 349 11.

265 479 436 560 angustam
460 479 586 558 portam
610 473 815 553 intrantibus,
841 473 905 538 vini
929 474 1119 539 facientibus
1142 473 1254 558 Regno
1278 473 1448 553 coelorum,
1469 473 1617 559 Regnum
1634 476 1733 543 Deis

261 564 421 648 justitiam
436 565 504 646 ejus
517 563 621 646 primii
634 563 872 646 quaerentibus,
886 562 1007 636 ὂκκιρὸς
1024 563 1136 628 redimi
1149 565 1263 647 potest.
1276 561 1337 636 Qui
1350 563 1436 628 solus
1453 563 1485 626 in
1497 563 1634 628 insulam
1648 567 1732 648 ejec-

266 656 328 728 tae,
352 656 408 716 aut
431 653 470 716 ad
483 675 585 716 remos
599 651 748 716 Turcicos
762 652 940 730 damnatus,
953 657 1010 716 aut
1022 653 1061 716 ad
1073 652 1260 716 servitutem
1272 650 1305 714 in
1317 651 1440 715 familia
1449 652 1515 716 heri
1527 651 1731 718 Mubamme-

265 741 339 804 dani
362 742 507 806 redactus
530 745 589 819 est,
602 740 699 804 nullis
711 740 803 804 sociis
816 741 945 824 pietatis
957 741 1126 819 exercitiis
1139 741 1206 804 sive
1218 740 1409 819 domesticis,
1426 741 1493 804 sive
1508 742 1731 807 ecclesiasticis

265 830 417 894 interesse
430 835 486 895 aut
498 852 642 913 praeesse
659 833 772 913 potest.
786 829 861 894 Ideo
873 834 981 894 tamen
989 830 1046 894 illa
1058 829 1295 906 contemnenda,
1306 829 1530 912 &adiaphoris
1539 832 1731 914 autproble·

265 919 389 984 matieis
412 919 649 984 annumeranda
661 941 724 982 uon
736 921 830 982 sunt:
844 923 880 983 ut
892 918 1057 983 hominum
1070 917 1304 1004 negligentium
1321 917 1495 1002 ignaviam,
1511 920 1728 1000 securitatem,

264 1011 416 1091 teporem,
440 1007 666 1092 parsimoniam
685 1009 708 1073 81
721 1006 967 1091 infrequentiam
979 1008 1012 1071 in
1025 1007 1333 1092 appropinquatione
1346 1007 1385 1070 ad
1397 1006 1510 1082 Deum,
1525 1009 1605 1072 adde
1620 1011 1643 1075 ἃ
1656 1030 1731 1092 pro·

265 1097 443 1176 fianitatern,
466 1097 699 1160 indevotionem
724 1096 783 1180 (ita
796 1096 920 1180 loquar)
934 1097 1107 1174 fovearum,
1120 1118 1306 1181 augeamus.
1331 1093 1509 1160 Audiamus
1522 1097 1629 1180 potius
1643 1099 1729 1181 Apo·

264 1186 392 1264 stolum,
424 1187 437 1248 l
466 1185 536 1250 Cor.
561 1185 609 1247 15.
626 1209 653 1249 v.
669 1186 721 1250 59.
733 1185 856 1250 stabiles
867 1198 966 1264 estote,
980 1186 1110 1263 irnrnotr',
1122 1187 1288 1250 eminentes
1303 1185 1334 1249 in
1352 1187 1586 1268 opereDoruini
1597 1208 1730 1271 serrrper,

265 1296 366 1361 qrnnn
389 1275 493 1340 scietis
517 1274 653 1339 tutorem
679 1285 814 1340 cest-rom
834 1295 898 1338 rron
916 1295 979 1340 esse
1003 1276 1130 1340 tresorum
1144 1276 1177 1338 in
1189 1275 1337 1348 Desertae,
1351 1273 1492 1358 Philipp.
1506 1275 1535 1337 l.
1550 1298 1579 1340 v.
1593 1277 1624 1340 8.
1638 1275 1732 1356 erod

267 1365 423 1450 reliquum
446 1377 489 1429 est
512 1365 645 1437 Fratres,
669 1385 871 1449 quaeeunque
892 1375 967 1428 srtnt
993 1385 1064 1428 cero
1091 1362 1148 1428 ec.
1165 1365 1396 1448 tremrqrutote.
1412 1361 1502 1427 [tom.
1523 1363 1573 1428 12.
1588 1365 1732 1430 adstote

262 1453 392 1531 solliciti,
405 1453 617 1536 1111111911.
634 1455 735 1518 Estote
745 1454 895 1537 feruentes
907 1453 1032 1538 spiritu.
1045 1455 1146 1519 Estote
1157 1453 1320 1517 servientes
1332 1453 1471 1519 Dornino
1484 1465 1593 1518 oestro.

308 1541 366 1606 Ill.
393 1543 504 1626 Object.
528 1539 612 1604 Dato
624 1541 815 1606 sententiam
831 1541 914 1606 hanc
927 1541 964 1606 de
977 1541 1135 1606 exercitiis
1148 1540 1327 1606 domesticis
1340 1563 1408 1606 esse
1420 1563 1539 1617 veram3
1548 1564 1611 1606 non
1622 1547 1729 1607 tamen

264 1631 527 1716 (quotiescunque
550 1630 671 1695 occasio
683 1633 789 1694 textus
803 1629 992 1713 explicandi,
1009 1635 1065 1694 aut
1076 1629 1234 1694 familiam
1247 1653 1342 1713 quarn
1357 1629 1515 1708 visitandi,
1528 1634 1586 1695 aut
1600 1631 1728 1695 Patrem

265 1719 404 1784 familias
428 1718 618 1802 alloquendi,
632 1719 691 1784 hoc
714 1719 797 1783 ferre
812 1719 959 1802 videtur),
973 1719 1082 1803 praxis
1093 1720 1161 1803 ejus
1174 1719 1315 1803 urgenda
1328 1721 1437 1783 esset?
1451 1721 1540 1804 Hesp.
1554 1719 1730 1798 Quomodo,

265 1807 400 1892 quoties,
413 1809 529 1892 quibus
545 1808 706 1888 suasoriis,
723 1830 787 1892 qno
800 1831 872 1872 cum
885 1809 951 1874 zelo
965 1811 1127 1891 urgeatur,
1140 1808 1255 1872 nescio.
1270 1807 1340 1871 Hoc
1353 1808 1467 1872 saltem
1480 1809 1554 1887 seio,
1567 1808 1595 1872 si
1611 1831 1674 1873 non
1689 1810 1732 1873 sit

266 1920 383 1962 novum
404 1902 581 1962 monstrum
594 1897 835 1978 &reperirentur
850 1898 952 1962 lucem
965 1897 1096 1970 editum,
1113 1901 1169 1961 aut
1185 1919 1247 1961 non
1261 1897 1303 1961 sit
1315 1899 1393 1980 pure
1406 1896 1627 1980 adiaphorum,
1640 1899 1731 1980 enjus

265 1987 371 2051 suasio
394 1987 535 2052 libertati
548 1986 748 2052 Christianae
761 1987 1002 2071 praejudicaret,
1016 1990 1072 2049 aut
1084 2009 1148 2050 non
1160 1986 1203 2050 sit
1214 1985 1334 2069 species
1351 1985 1597 2068 superstitionis,
1610 2010 1666 2050 seu
1679 1987 1731 2050 in·

266 2075 385 2140 directa
400 2076 593 2158 superstitio,
607 2079 663 2140 aut
675 2076 766 2162 [pag.
783 2075 865 2160 959]
880 2098 941 2140 non
954 2075 996 2140 sit
1008 2075 1152 2156 quaestio
1168 2074 1201 2138 in
1213 2073 1393 2140 reformatis
1402 2073 1556 2139 Ecclcsiis
1568 2075 1590 2139 b
1604 2075 1731 2139 Sclrolis

266 2163 504 2246 problematice,
517 2168 744 2248 cousequenter
756 2164 883 2230 silentio
896 2166 919 2230 11
932 2163 1116 2247 particulari
1125 2165 1276 2248 cujusque
1289 2163 1395 2228 sensui
1408 2163 1606 2242 reservanda,
1620 2187 1684 2228 non
1697 2165 1731 2228 in

265 2252 415 2317 Ecclesiis
438 2252 564 2336 publice
588 2257 643 2318 aut
667 2254 751 2336 apud
769 2252 910 2337 privatos
923 2253 1031 2317 fideles
1044 2253 1214 2316 movendas
1229 2275 1292 2316 non
1304 2253 1394 2316 rideo
1406 2273 1493 2330 sane,
1506 2274 1561 2316 cur
1573 2252 1636 2336 pie,
1653 2275 1730 2336 prn-

264 2342 385 2420 denter,
402 2345 577 2425 oppertune
591 2341 715 2406 Fideles
727 2343 765 2406 de
782 2365 818 2408 eo
834 2343 995 2405 admoneri
1008 2345 1222 2425 nonpossint:
1236 2365 1308 2406 eum
1323 2341 1404 2406 illud
1414 2341 1607 2424 pastoribus
1624 2341 1730 2405 senio-

264 2429 363 2507 ribus,
376 2434 579 2514 aegrctorum
592 2431 854 2509 consolatoribus,
868 2433 990 2495 exserte
1003 2430 1187 2514 imponatur
1198 2435 1217 2494 a
1229 2429 1566 2515 SynodoDordracena
1577 2429 1661 2495 Sese.
1677 2431 1730 2495 17.

266 2542 346 2603 equae
362 2518 491 2583 ibidem.
504 2519 591 2584 addit
604 2521 835 2605 areptiqentiores
849 2520 1010 2597 Parentes,
1024 2521 1112 2584 seriis
1126 2521 1296 2584 Posterius
1309 2519 1586 2598 admonitionibus,
1602 2517 1673 2584 aa
1682 2541 1732 2584 res

262 2609 475 2692 postulaverit,
502 2609 688 2695 Presbyterii
707 2609 998 2693 reprehensionibus
1021 2629 1057 2672 ut·
1079 2609 1229 2688 censuris,
1242 2609 1641 2696 odoffieiarnreoooandos.
1667 2607 1732 2674 Sed

264 2697 327 2760 ista
346 2700 421 2760 tunc
441 2696 547 2761 fuere:
571 2697 663 2762 nobis
683 2721 762 2763 :runc
775 2721 837 2762 non
852 2698 960 2762 liceret
973 2697 1162 2761 exulceratis
1178 2696 1229 2761 his
1241 2696 1450 2780 temporibus
1462 2695 1642 2761 declinante
1653 2720 1732 2781 pas·

265 2785 325 2849 sim
349 2785 479 2868 pietate,
505 2786 583 2869 quin
607 2787 702 2850 etiam
727 2788 874 2852 certatim
889 2785 1150 2871 oppugnantibus
1167 2808 1237 2850 earn
1254 2785 1508 2869 quamplurimis,
1523 2789 1588 2849 tam
1601 2785 1733 2850 disertis

265 2875 522 2940 esse.-lnstontin
547 2877 574 2939 l.
600 2875 807 2959 adiaphurum
831 2897 894 2940 non
919 2878 967 2941 est
989 2875 1176 2939 mutandum
1200 2875 1234 2938 in
1257 2874 1399 2940 officium
1418 2874 1564 2958 pietatis:
1590 2872 1652 2938 Sed
1668 2875 1733 2940 hoc

243 2966 314 3026 -est
340 2963 561 3046 adiaphorum.
583 2964 681 3049 Erga.
710 2966 800 3049 Hesp.
825 2964 951 3030 Petitur
974 2965 1058 3048 quod
1081 2981 1127 3028 est
1151 2963 1185 3027 in
1209 2963 1404 3047 quaestione,
1429 2965 1452 3029 81
1474 2962 1575 3027 thesis
1598 2985 1638 3026 ex
1661 2965 1732 3028 sola

189 3089 191 3094 ·
265 3053 435 3116 asserentis
458 3053 632 3118 assertione
656 3056 753 3137 atque
777 3053 949 3119 autoritate
973 3052 1163 3118 defenditur.
1187 3054 1354 3122 Instantis.
1378 3054 1408 3116 2.
1432 3049 1525 3137 Sapit
1551 3051 1732 3117 novitatem

267 3162 363 3224 quam
387 3143 409 3206 81
433 3140 702 3226 singularitatem,
727 3144 817 3226 Resp.
842 3142 886 3206 Et
906 3141 958 3208 hic
981 3142 1102 3224 petitur
1125 3143 1333 3227 principium;
1359 3163 1395 3205 ac
1418 3139 1531 3204 lumini
1551 3143 1733 3206 communis

264 3227 434 3293 consensus
454 3227 711 3294 Reformatorum
725 3231 939 3315 nequidquam
954 3231 1066 3296 umbra
1078 3232 1270 3299 obtenditur.
1284 3229 1373 3295 Infra
1386 3230 1429 3294 od
1441 3249 1520 3294 seen.
1536 3229 1649 3314 Otjecr.
1663 3230 1734 3294 uni·

265 3317 421 3382 versalem
444 3317 537 3382 illum
561 3341 746 3383 eonsensum
760 3321 885 3384 abunde
897 3321 1079 3404 probamus.
1093 3322 1260 3387 Instantis.
1276 3322 1306 3384 3.
1320 3317 1438 3384 Omnes
1450 3316 1631 3383 Reformati
1643 3323 1733 3385 stata

263 3406 321 3470 illa
332 3406 494 3480 ‚exercitia
517 3429 580 3471 non
601 3407 788 3486 observant3
813 3409 910 3473 immo
926 3409 1107 3475 &nonnulli
1120 3410 1159 3474 ab
1173 3409 1301 3488 ἁπρκξίᾳ
1314 3414 1371 3472 sua
1384 3408 1423 3472 ad
1435 3406 1656 3486 inutilitatem,
1674 3412 1734 3472 aut

265 3495 579 3572 non-necessitatem
604 3499 697 3560 anon
713 3497 798 3562 facto
810 3520 867 3564 suo
880 3521 936 3562 seu
948 3519 1011 3563 non
1024 3498 1173 3563 exercitio
1185 3499 1292 3578 officii,
1306 3499 1345 3561 ad
1358 3496 1575 3561 Pharisaieam
1588 3500 1731 3562 ostenta·

266 3583 396 3663 tionem,
409 3586 432 3650 dt
445 3581 694 3658 ἕθελσθρησκείκν
706 3587 918 3662 discurrendo,
932 3590 1042 3651 eontra
1054 3587 1163 3651 eadem
1175 3587 1365 3672 peremtoria
1374 3583 1575 3662 concludunt;
1585 3585 1732 3670 aliosque

266 3671 359 3736 aliter
382 3666 553 3738 sentientes
577 3674 600 3738 dr
624 3679 756 3759 agentes
776 3677 882 3741 neseio
903 3677 991 3760 cujus
1013 3675 1179 3756 absurdae,
1197 3677 1402 3760 periculosae,
1418 3697 1518 3740 novae
1531 3671 1733 3759 Theologiae

265 3764 427 3844 suspectos
440 3761 569 3826 habent.
583 3765 673 3848 Resp.
690 3763 831 3830 Concedo
844 3766 967 3849 aliquos
979 3786 1047 3829 esse
1060 3765 1185 3830 nomine
1198 3763 1478 3848 Reformatos,qui
1490 3763 1645 3828 beennon
1658 3769 1734 3829 tan-

265 3851 335 3912 tum
348 3850 402 3914 sed
414 3852 438 3916 tt
450 3851 601 3934 pleraque
614 3853 742 3935 publica
753 3854 883 3936 pietatis
892 3853 1043 3918 exercitia
1051 3859 1107 3918 aut
1114 3877 1227 3938 parum
1236 3856 1358 3932 curant,
1367 3859 1423 3918 aut
1432 3874 1504 3916 raro
1513 3851 1733 3936 frequentant

265 3935 327 4001 Sed
339 3937 416 4020 quid
431 3938 459 4003 si
471 3939 565 4003 multi
577 3944 634 4004 aut
646 3941 788 4027 plerique
801 3943 918 4007 alieubi
931 3941 1136 4020 declinarent;
1149 3943 1197 4007 uti
1208 3943 1242 4007 in
1255 3943 1373 4027 populo
1384 3941 1561 4007 lsra'e'litieo
1570 3941 1626 4006 Ps.
1639 3943 1693 4007 14.
1701 3944 1735 4010 a:

266 4025 319 4092 94.
337 4026 388 4091 bc.
401 4026 485 4102 Quid
496 4029 523 4092 si
535 4033 700 4112 praeterea
712 4031 812 4116 aliqui
828 4055 865 4096 ex
882 4031 1145 4097 Antecessoribus
1162 4033 1266 4116 parati
1278 4037 1384 4097 essent
1395 4032 1434 4096 ad
1446 4030 1526 4095 haec
1537 4031 1693 4095 exercitia
1705 4033 1734 4097 si

266 4135 326 4177 non
352 4115 558 4195 exsufflanda,
579 4118 693 4182 saltem
706 4141 762 4202 pro
774 4121 895 4185 viribus
909 4122 1070 4198 elevanda
1082 4143 1121 4185 an
1135 4121 1206 4185 ideo
1218 4121 1373 4186 auxilium
1382 4119 1733 4204 conservandaedpro-

265 4203 430 4287 pagandae
454 4205 581 4270 veritati
604 4229 639 4271 ac
651 4207 764 4290 pietati
781 4209 997 4288 utilissimum,
1010 4210 1168 4274 desineret
1179 4211 1244 4275 tale
1256 4233 1324 4275 esse
1334 4213 1348 4274 ?
1359 4209 1412 4273 Aa
1424 4229 1595 4274 consensus
1608 4208 1661 4292 pie
1679 4231 1733 4274 sa·

266 4289 420 4371 pientum,
444 4295 466 4358 t
490 4291 725 4378 Theologorum
750 4299 850 4362 crucis
869 4299 1104 4382 postponendus
1127 4299 1326 4376 essetunius,
1340 4300 1436 4384 atquc
1449 4296 1734 4363 alteriusnoratn·

171 4387 178 4403 ·
266 4377 377 4444 rientis
390 4381 413 4446 a
425 4380 623 4464 lascivientis
631 4383 760 4468 ingenio
773 4388 796 4450 81
808 4386 1011 4472 soli-ipsias?
1025 4389 1182 4454 Instantis
1193 4386 1224 4453 4.
1232 4387 1333 4472 Atqui
1345 4387 1429 4472 quod
1441 4407 1551 4452 omnes
1564 4385 1731 4450 unanimi-

1684 4481 1735 4541 ter
