3752 4858
329 337 393 403 228
707 334 866 400 Ponmrcnu
889 333 1137 398 Eccnssmsrrcne
1162 333 1242 398 Pras
1255 329 1281 398 I.
1306 328 1370 397 Ino.
1384 327 1426 399 ll.

327 523 580 590 commonionem
602 537 745 604 samma·
768 522 802 586 id
823 541 1025 608 raqaaqaam
1040 539 1219 604 praecesse,
1234 521 1503 602 supervacaneam
1515 519 1613 603 faerit
1625 526 1778 586 ostendere:

327 634 361 679 eo
373 613 457 698 qaod
479 613 574 696 torma
596 611 785 677 mrtsaetado
805 611 838 675 id
860 611 951 696 sactis
974 609 1052 693 ipsis
1063 607 1319 692 consproboverit.
1335 608 1451 673 Omnes
1462 607 1548 672 enirn
1564 609 1621 694 qai
1632 608 1666 672 in
1680 609 1778 676 deseno

328 702 503 766 solitariam
511 701 608 764 vitam
623 711 734 785 opaea,
747 700 802 764 etti
811 701 903 764 natta
914 711 957 764 est
972 698 1149 764 Sacerdotis
1161 697 1259 782 copia,
1272 697 1360 761 domi
1371 697 1625 762 corninaaionenr
1637 700 1779 764 retinentes

328 792 390 875 ipsi
412 811 470 875 per
481 811 512 854 se
524 789 765 855 commanebant.
784 788 844 866 Sed
856 787 887 854 a·
898 790 933 852 in
945 787 1149 866 Alexandrini,
1161 808 1198 850 ac
1208 807 1267 871 per
1279 785 1454 871 eleqyptam
1466 787 1779 872 anasqaisqae,etian

329 880 427 944 tricas
440 875 496 963 (N.
511 877 564 962 B.)
587 890 621 944 at
637 879 816 962 plrtrirnam
827 877 1080 942 corrirnrraioacm
1094 875 1181 940 dorici
1193 896 1269 940 snae
1280 876 1402 954 detinet,
1414 873 1724 960 itqaondocolaerit,
1734 897 1780 962 per

328 990 360 1034 se
377 967 595 1034 communicat,
619 965 745 1031 Morum
765 966 855 1030 illum
876 966 989 1030 ibidem
1013 965 1127 1048 probat
1140 987 1179 1028 ex
1192 987 1238 1040 eo,
1252 963 1337 1048 quod
1353 962 1504 1029 Sacerdos
1518 965 1617 1028 semel
1628 965 1781 1036 ebramii-i

328 1057 428 1142 (quod
441 1056 575 1122 hostiam
587 1056 683 1120 vertit
691 1055 950 1138 Epistolaeillius
962 1053 1064 1118 editor
1076 1051 1209 1118 Vossius
1217 1052 1414 1138 Tungrensis
1430 1053 1643 1136 praepositus)
1652 1051 1780 1113 ἐτελείωσε

246 1205 250 1214 .
327 1145 462 1229 perfecit
470 1145 543 1230 (hoc
555 1147 604 1208 est
616 1143 823 1226 consecravit)
840 1166 876 1207 ac
888 1142 1046 1227 praebuit:
1060 1143 1195 1220 Etenim,
1213 1141 1328 1226 inquit,
1342 1142 1493 1207 Sacerdos
1506 1142 1542 1206 ia
1553 1144 1686 1208 Ecclesid
1695 1143 1781 1227 porti·

327 1237 430 1301 catam
441 1233 569 1312 cohibet,
592 1253 689 1318 qaam
701 1232 756 1318 qni
767 1232 906 1317 suscipit,
919 1223 1240 1297 libor-rinndasseraat:
1255 1244 1347 1318 atquc
1360 1231 1404 1294 ita
1415 1233 1474 1296 sad
1490 1232 1555 1318 ipsc
1567 1252 1668 1298 triana
1682 1253 1734 1297 sno
1743 1233 1781 1296 ori

327 1325 478 1388 admovet.
488 1323 572 1387 ldcnr
580 1322 679 1404 ipitar
689 1333 732 1386 est
743 1321 856 1386 vitante
868 1319 1013 1405 (δννὰμει)
1026 1321 1088 1384 siae
1099 1340 1201 1385 atnam
1213 1321 1285 1406 qais
1291 1320 1482 1404 particulam
1494 1323 1509 1383 c*
1520 1341 1622 1385 man-a
1634 1320 1782 1386 sacerdotis

327 1413 457 1496 accipiat
480 1411 543 1476 sive
563 1411 735 1494 particulos
757 1411 854 1475 sinuat
873 1411 999 1474 inultas.
1026 1406 1119 1473 Vides
1142 1409 1278 1472 relatam
1298 1408 1558 1474 consuetudinem
1571 1409 1740 1494 antiquam,
1751 1431 1782 1472 er

328 1498 775 1585 eulogiarum-distributione
798 1503 918 1576 natam,
943 1500 966 1564 dt
989 1497 1090 1581 ipsius
1114 1496 1227 1562 Basilii
1255 1497 1458 1563 sententiam.
1472 1496 1559 1573 Quae
1573 1502 1706 1583 utraque
1722 1520 1781 1562 oum

328 1611 427 1673 prava
440 1589 491 1666 sit,
505 1609 543 1651 ex
555 1587 707 1670 temporis
720 1587 912 1670 antiquitate
928 1588 951 1652 tt
964 1586 1191 1650 consuetudine
1204 1586 1272 1651 sine
1285 1588 1422 1652 veritate
1434 1587 1517 1650 nihil
1529 1588 1671 1652 concludi
1684 1591 1782 1670 potest,

328 1700 425 1762 quam
448 1680 591 1740 vetustas
612 1676 735 1740 erroris.
760 1673 810 1739 En
823 1675 1045 1758 limpidissimo
1058 1674 1117 1739 hoc
1133 1674 1247 1739 Basilii
1263 1674 1446 1740 testimonio
1462 1679 1539 1758 puto
1552 1676 1783 1761 dtbaspinam&

331 1766 518 1844 Pometiam,
532 1763 723 1829 Tertulliani
735 1763 917 1828 testimonio
929 1764 1077 1828 tenebras
1089 1763 1215 1828 criticas
1227 1764 1345 1846 partim
1354 1763 1507 1830 variantis
1516 1764 1671 1844 lectionis,
1681 1765 1782 1849 partim

329 1877 429 1919 norae
453 1853 723 1936 Lexicographiae
748 1875 803 1916 seu
828 1851 992 1933 Glossarii,
1005 1853 1088 1917 circa
1104 1874 1212 1917 vocem
1224 1852 1316 1938 [pag.
1334 1851 1415 1937 767]
1431 1857 1544 1939 offerre
1555 1853 1783 1928 offendentibus,
1848 1909 1849 1940 ἦ

329 1942 485 2008 refutatos
497 1941 608 2006 forem.
633 1941 725 2006 Certe
738 1941 765 2005 si
777 1940 891 2005 Basilii
903 1963 959 2024 pro
971 1963 1071 2025 prava
1083 1941 1140 2005 illa
1149 1942 1376 2007 consuetudine
1385 1941 1533 2026 apologia
1541 1941 1697 2006 audienda
1705 1945 1782 2006 esset:
1847 1943 1849 2010 l

329 2055 394 2096 non
411 2032 501 2095 video
514 2031 613 2094 ullam
627 2029 880 2094 communionem
892 2029 1148 2106 ecclesiasticam,
1161 2030 1261 2094 ullum
1279 2051 1447 2096 numerum
1464 2029 1684 2095 Minmtrorum
1700 2031 1744 2094 rel
1758 2030 1784 2092 in
1848 2045 1849 2052 ¹

331 2125 400 2185 tota
412 2120 521 2203 aliqud
534 2119 663 2204 regione
677 2119 717 2184 ad
729 2118 791 2182 hoo
803 2119 1016 2183 necessarium
1028 2141 1108 2183 esse.
1121 2117 1212 2184 Unus
1229 2118 1313 2183 enim
1329 2118 1477 2184 Minister
1489 2142 1517 2183 e.
1533 2141 1582 2204 gr.
1596 2118 1629 2183 in
1641 2123 1706 2183 tota
1718 2117 1782 2182 Hol-
1848 2191 1849 2194 Ἴ

331 2210 439 2274 landid
450 2208 548 2272 semel
560 2213 657 2291 atque
665 2208 783 2272 iterum
792 2206 958 2272 annuatim
966 2208 1113 2272 millenos
1122 2207 1245 2291 aliquot
1253 2229 1351 2290 panes
1360 2212 1467 2296 posset
1475 2214 1600 2272 τελειοῦν
1609 2211 1684 2293 (qud
1692 2205 1784 2292 phrasi

331 2298 434 2362 utitur
450 2297 603 2379 Basilicas)
619 2295 680 2360 hoo
693 2300 751 2374 est,
764 2317 956 2372 consecrare,
968 2295 1171 2372 benedicere;
1185 2318 1320 2380 quorum
1329 2299 1433 2384 portio
1442 2296 1634 2381 adsingulas
1642 2296 1784 2361 Ecclesiae
1847 2295 1849 2350 l

332 2386 524 2464 mitteretur,
546 2387 569 2450 a
591 2407 649 2469 per
672 2385 824 2468 cujusque
837 2383 983 2449 Aedilem
995 2390 1052 2449 aut
1067 2385 1242 2450 Aedituum
1254 2383 1467 2476 persingulas
1479 2384 1620 2450 familias
1633 2385 1783 2450 distribue
1848 2423 1849 2426 =

330 2479 427 2554 retur,
442 2477 465 2540 b
480 2473 615 2559 quisque
628 2475 753 2558 quando
766 2473 863 2537 vellet
874 2473 947 2537 inde
963 2479 1112 2552 sumeret,
1126 2474 1149 2538 b
1165 2474 1293 2558 quidem
1305 2481 1421 2548 εἰκότως
1434 2475 1573 2556 (merito)
1583 2475 1673 2538 idest
1682 2474 1783 2557 quippe

329 2565 385 2650 qai
396 2564 517 2629 credam
528 2562 632 2628 debeat
655 2562 793 2647 (volente
805 2562 936 2644 jubente
954 2563 1087 2646 Basilio)
1099 2584 1131 2627 se
1142 2564 1306 2647 suscipere,
1322 2560 1391 2624 scil.
1406 2560 1656 2628 Eucharistiam.
1680 2563 1784 2626 Vident

331 2652 559 2736 antiquitatum
584 2651 768 2734 quarumris
781 2654 915 2734 epoptas
938 2673 1000 2732 quo
1023 2651 1152 2716 tandem
1168 2651 1271 2715 abiret
1283 2649 1373 2727 illud,
1385 2648 1424 2709 τὰ
1436 2652 1498 2722 ἤθη
1508 2649 1620 2732 ἀρχαῖα
1631 2653 1784 2726 sparsisse

330 2741 382 2806 Ne
394 2741 466 2825 quis
479 2737 586 2804 autem
598 2739 722 2805 dubitet
734 2760 775 2803 an
787 2739 934 2822 Epistola
946 2739 1025 2809 haec
1033 2741 1174 2824 genuina
1182 2741 1234 2818 sit,
1243 2740 1270 2804 is
1279 2738 1388 2803 audiat
1396 2739 1549 2804 editorem
1558 2741 1626 2823 ejus
1636 2740 1784 2805 Vossium:

332 2832 404 2898 Non
425 2831 538 2908 solam,
561 2829 675 2912 inquit,
688 2828 876 2893 decentiores
890 2849 960 2892 cane
975 2829 1080 2907 citant,
1093 2829 1147 2894 sed
1159 2827 1189 2894 a·
1200 2827 1388 2894 Anastasius
1401 2827 1536 2895 Nicenas
1549 2830 1716 2914 Eprisoopas
1728 2827 1783 2892 Lit.

331 2931 447 3005 quaest,
461 2930 533 2983 tone.
547 2917 577 2980 6.
590 2917 793 2982 Bibliothecae
804 2929 900 2980 sanct.
911 2919 960 2983 tto.
971 2917 1123 2981 exhibitis
1132 2918 1236 2982 verbis
1252 2917 1425 2996 Anastasii,
1433 2917 1645 3001 concluditur
1653 2918 1783 2982 dubitan-

332 3009 410 3073 dam
422 3008 459 3072 de
470 3009 537 3090 ejas
549 3017 659 3071 aatore
670 3006 747 3072 hant
758 3027 920 3091 qaaqaam
932 3006 982 3084 sit,
996 3005 1075 3090 qaia
1084 3008 1256 3072 sitsanctas
1266 3006 1422 3081 Basiliam
1433 3006 1490 3073 sab
1500 3008 1590 3090 cujas
1599 3008 1666 3072 ideo
1674 3006 1784 3071 imorum

332 3097 464 3162 eandem
476 3097 526 3159 hio
539 3098 645 3180 praeco*
656 3095 753 3160 sirnat
764 3093 796 3160 a·
807 3095 903 3159 latini
916 3095 1141 3179 matpaoirnas.

376 3184 539 3249 Hactenus
554 3184 693 3247 rationes
705 3182 866 3248 Eckhardi
879 3181 1053 3251 astetens
1070 3184 1331 3248 examinavimus.
1356 3181 1417 3259 Qui
1430 3205 1502 3247 cum
1523 3183 1605 3248 sicco
1617 3184 1693 3268 pede
1705 3203 1782 3268 prae·

333 3278 436 3338 hereat
462 3275 652 3357 argumenta
675 3272 843 3350 contraria,
865 3273 949 3356 qaod
972 3273 1037 3336 scit.
1061 3273 1216 3356 cjnsrnodi
1238 3275 1311 3352 sint,
1330 3285 1364 3337 at
1390 3274 1520 3356 operosd
1531 3274 1715 3357 refractione
1729 3290 1782 3335 noa

334 3373 451 3448 eqeant,
463 3383 520 3425 nos
534 3360 677 3424 ulteriori
686 3359 793 3424 labore
807 3359 932 3424 liberat.
945 3359 1040 3425 Stant
1052 3383 1128 3445 ergo
1141 3365 1330 3444 argumenta
1342 3365 1451 3425 nostra
1464 3360 1557 3427 initio
1568 3362 1663 3446 hujus
1675 3363 1783 3446 quaest.

332 3450 506 3536 proposita.
523 3447 610 3524 Quae
635 3450 798 3514 Mascatac
822 3449 857 3513 in
871 3451 943 3514 Lac.
958 3469 1070 3515 cortem.
1098 3451 1152 3536 (ab
1169 3451 1331 3515 liethardo
1342 3449 1410 3532 cit.)
1423 3449 1526 3532 primo
1538 3473 1597 3515 suo
1610 3451 1783 3536 argumento

334 3538 506 3604 summarie
530 3537 794 3621 complanasset.
819 3539 849 3601 2.
873 3558 999 3622 arpinas.
1031 3536 1169 3603 Musouli
1192 3542 1255 3604 est:
1270 3536 1321 3603 Ne
1333 3561 1389 3622 spe
1401 3540 1640 3624 consequendae
1655 3539 1783 3624 privatas

334 3626 577 3705 communionis
591 3627 776 3690 deserantur
787 3626 945 3710 publicae.
970 3629 1002 3690 3.
1025 3647 1151 3712 arqarn.
1175 3626 1227 3692 Ne
1251 3627 1414 3711 aperiatur
1433 3627 1538 3691 aditus
1550 3625 1784 3710 privatisacdo-

335 3716 474 3782 mesticis
487 3714 610 3794 Caenis,
622 3714 764 3798 opinioni
776 3714 881 3798 operis
893 3715 1026 3798 operati,
1043 3718 1066 3781 a
1078 3721 1301 3799 praeposterae
1317 3715 1460 3793 fiduciae,
1474 3720 1537 3798 qud
1549 3738 1569 3779 a
1579 3717 1678 3802 signis
1690 3735 1784 3780 sacm-

334 3805 527 3870 mcntalibus
540 3803 685 3867 homines
697 3803 904 3886 dependeant.
917 3803 1006 3868 Haec
1018 3825 1093 3868 sane
1106 3826 1169 3868 non
1193 3809 1267 3869 sunt
1283 3805 1320 3868 de
1336 3803 1447 3868 nihilo.
1460 3803 1551 3868 Adde
1568 3807 1592 3871 a
1607 3805 1675 3884 hoc,
1689 3803 1733 3868 'ne
1753 3803 1782 3865 in

334 3895 499 3959 cacoethes
526 3892 606 3956 illud
633 3891 836 3974 antiquorum
861 3893 1059 3977 quorundam
1077 3894 1196 3961 Basilio
1209 3897 1420 3958 memoratum
1433 3915 1468 3957 ac
1486 3893 1663 3976 probatum.
1676 3891 1784 3957 incida·

335 4005 423 4059 mus;
436 4004 494 4047 neo
506 4003 578 4044 oum
589 3981 686 4045 missa
698 3981 846 4064 angulari
859 3984 891 4044 et
906 3981 1049 4045 solitariis
1060 3980 1239 4047 Sacerdotis
1247 3982 1498 4062 manducatione,
1507 3981 1576 4046 sine
1584 3984 1650 4047 ulls
1661 3979 1784 4046 amessi-

337 4076 404 4135 tate
417 4070 513 4134 medii
530 4073 586 4134 aut
601 4069 761 4153 praecepti
777 4068 886 4146 divini,
904 4070 1067 4134 videamur
1081 4071 1301 4155 symbolizare.

381 4161 411 4224 8.
438 4161 562 4240 anest.
586 4160 636 4223 Aa
661 4158 842 4236 Phrenetici,
856 4159 1071 4238 latidssardi
1089 4158 1121 4224 d
1137 4161 1226 4239 illati,
1240 4161 1462 4244 Erterparneni,
1480 4159 1782 4246 epileptiataroo,

340 4247 1781 4333 MulieresnimristraotaeadCocnarnadmittenddltesp.l.del’breneticisauthlanincisnulln

337 4337 475 4401 dilucida
491 4337 660 4399 intervalla
676 4335 878 4412 habentibus,
892 4337 1031 4418 primum
1047 4338 1251 4401 admittendis
1264 4343 1321 4402 aut
1334 4339 1479 4417 antehac,
1493 4360 1564 4401 cunr
1578 4361 1671 4403 sanae
1678 4333 1781 4402 mentis

340 4429 445 4489 essent
454 4423 610 4502 admissis,
620 4423 851 4504 continuandis,
862 4426 934 4509 Nep.
945 4424 1027 4500 Quia
1035 4432 1239 4511 nonpossunt
1245 4421 1781 4510 praeparationissuaeadGoenamlt

1360 4545 1362 4549 ·
1642 4511 1776 4580 reconcili
