3712 4850
6 359 8 428 Ι

6 591 10 656 l

6 657 11 770 l

6 1283 28 1346 ,.

289 325 403 393 Tuscu.
427 325 486 392 Ill.
510 326 559 392 Du
583 326 788 393 Oosvsnvvsus
811 351 846 392 ev
871 327 1017 394 Coasnsr.
1042 329 1167 396 Eccnss.
1193 330 1266 396 011.
1291 329 1333 396 ΙΙ.
1480 328 1542 392 251

88 513 159 580 tutio
174 513 394 580 Ecclesiamm
405 515 440 580 in
455 515 631 581 communis
647 515 731 594 fidei,
745 515 885 600 pietatis,
907 514 1042 594 aazia
1052 516 1248 601 professione
1260 538 1297 582 ac
1312 516 1546 601 porriguniur

88 603 270 687 emergentis
282 604 371 688 pacis
383 628 421 670 ac
432 605 621 671 concordiae
628 603 871 670 Ecclesiasticae
884 603 1046 669 fruitione.

126 689 181 758 Vl.
204 693 368 776 Adjuncta
387 693 594 780 dispescimus
615 693 648 758 in
667 693 821 778 requisita
840 716 896 760 seu
912 693 1154 778 praerequisita,
1167 693 1493 761 &accaronitarum
1506 715 1543 760 ac

87 781 316 867 consequentia.

125 871 288 958 11111ιί1111
304 893 432 936 rursum
452 871 549 938 duum
566 877 641 938 sunt
661 894 832 958 generum:
856 872 931 938 Alia
954 872 1039 936 enim
1054 872 1158 958 magis
1170 872 1210 937 ad
1223 877 1328 940 ortum
1340 897 1396 939 seu
1407 872 1545 957 primam

87 957 314 1025 institutionem
333 961 356 1025 lc
375 961 600 1026 formationem
621 961 793 1027 classicalis
815 965 871 1026 aut
890 961 1050 1047 synodalis
1063 961 1305 1027 combinaticuis
1321 961 1544 1048 requiruntur:

87 1047 153 1113 alia
172 1049 279 1136 magis
299 1049 341 1114 ad
360 1054 467 1115 actum
487 1073 543 1115 seu
562 1051 667 1135 ipsum
689 1050 986 1135 correspondentiae
1006 1050 1204 1116 exercitium.
1229 1049 1402 1135 Utriusque
1418 1050 1545 1136 generis

87 1141 152 1202 suut
163 1137 236 1202 ista.
251 1139 282 1201 l.
295 1135 342 1203 Ut
354 1139 564 1204 constituatur
576 1139 852 1223 correspondentia
865 1143 977 1204 mutua
989 1137 1203 1204 Ecclesiarum
1216 1140 1256 1204 ad
1268 1139 1437 1219 Ecclesiae,
1450 1139 1545 1224 idque

87 1247 136 1310 per
152 1227 365 1312 presbyteria,
386 1248 534 1294 eommve
554 1228 717 1313 delegatos
736 1230 835 1314 (quod
854 1229 893 1293 ad
912 1228 1106 1293 ordinariam
1117 1229 1283 1313 regiminis
1296 1229 1545 1312 executionem:

86 1337 140 1380 nou
154 1337 229 1380 vero
241 1315 459 1381 Ecclesiarum
471 1321 527 1382 ant
542 1317 715 1397 Ecclesiae,
728 1317 768 1382 ad
778 1317 983 1404 Episcopum,
996 1317 1280 1401 autinspectorem,
1290 1317 1545 1397 autministrum,

6 1415 8 1432 '
85 1409 135 1469 sut
145 1403 322 1470 ministras.
340 1405 371 1472 2.
383 1403 431 1471 Ut
440 1405 632 1472 interveniat
644 1427 814 1471 consensus
826 1407 968 1472 omnium
979 1407 1003 1472 tt
1015 1405 1215 1491 singularum
1226 1406 1441 1473 Ecclesiamm
1451 1405 1544 1472 istius

86 1493 260 1570 usmetum
281 1515 346 1558 non
365 1516 440 1559 vero
459 1499 515 1560 aut
534 1494 768 1560 civitatensium
789 1498 925 1570 tantum,
943 1499 999 1561 aut
1011 1495 1190 1578 aliquarum
1203 1519 1284 1580 quae
1300 1496 1440 1579 reliquas
1452 1495 1544 1580 quasi

86 1583 283 1667 compellant,
303 1584 326 1648 tv
342 1583 597 1666 sibi'subjiciaut.
622 1585 652 1649 3.
668 1582 714 1649 Ut
726 1584 897 1650 multitudo
909 1585 1125 1650 Ecclesiarum
1137 1585 1255 1650 nonsit
1270 1585 1380 1663 nimia,
1397 1584 1544 1649 &confu-

86 1672 200 1737 sionem
220 1672 339 1756 pariat,
359 1694 396 1737 ac
407 1677 519 1737 mutuo
531 1695 565 1738 se
577 1673 753 1757 impediant
766 1677 863 1756 atque
876 1677 1009 1739 onerent
1020 1673 1136 1758 potius,
1150 1695 1247 1758 quam
1258 1674 1435 1739 sublevent.
1459 1672 1545 1738 Hinc

86 1763 138 1838 est,
148 1762 233 1844 quod
244 1760 362 1826 classes
374 1761 470 1826 unius
482 1761 662 1845 provinciae
675 1761 883 1827 Hollandicae
896 1763 936 1827 ad
948 1763 1026 1828 duas
1035 1763 1170 1848 synodos
1179 1763 1388 1847 particulares
1396 1763 1544 1827 reductae

85 1849 153 1928 siut,
164 1847 392 1914 Hollandicam
404 1847 598 1930 Australem,
613 1853 635 1917 tt
654 1850 878 1916 Hollandicam
891 1851 1067 1917 Borealem.
1093 1851 1123 1916 4.
1140 1850 1186 1916 Ut
1198 1852 1387 1917 conveniant
1397 1874 1461 1916 non
1473 1856 1545 1916 tan-

85 1941 147 2002 tum
166 1936 200 2003 in
213 1938 326 2003 eadem
334 1939 468 2004 veritate
481 1939 677 2024 dogmatum,
695 1943 718 2006 81
729 1945 958 2024 consequenter
969 1940 1063 2006 unius
1075 1941 1139 2005 sint
1151 1940 1367 2020 confessionis,
1380 1940 1436 2006 sed
1447 1941 1543 2006 etiam

85 2026 114 2090 in
132 2027 241 2092 eadem
262 2026 366 2092 forma
386 2028 507 2092 rituum
527 2031 549 2095 fa
570 2029 701 2113 politiae
720 2029 972 2109 Ecclesiasticus,
992 2030 1077 2114 quod
1095 2031 1135 2094 ad
1150 2029 1384 2095 substantialia.
1409 2029 1544 2105 Quodin

86 2115 233 2181 classibus
250 2117 275 2182 81
290 2116 418 2200 synodis
432 2117 679 2201 provincialibus
691 2119 820 2183 omnino
832 2119 1014 2203 requiritur.
1041 2119 1071 2184 5.
1085 2117 1131 2183 Ut
1144 2119 1287 2203 erigatur
1299 2119 1544 2202 corresponden-

85 2205 126 2270 tia
136 2228 191 2271 seu
203 2204 399 2270 combinatio
412 2208 435 2272 ts
447 2205 680 2272 confoederatio
691 2209 829 2284 tantum,
841 2230 904 2273 uon
916 2200 1086 2292 peculiaris
1099 2231 1154 2272 seu
1167 2207 1316 2272 distincta
1323 2207 1477 2285 Ecclesia,
1488 2211 1544 2272 aut

86 2293 180 2358 forma
196 2293 361 2359 Ecclesiae
374 2294 530 2374 virtualis,
544 2298 600 2361 aut
613 2296 735 2375 idealis,
748 2300 805 2360 aut
816 2298 1095 2381 representativae,
1109 2301 1165 2361 aut
1177 2297 1376 2376 cathedralis,
1389 2300 1446 2361 aut
1457 2296 1544 2361 dioe-

86 2383 233 2462 cesianae,
246 2383 297 2450 &a
310 2383 427 2448 nedum
437 2387 474 2448 ut
483 2383 597 2468 primo,
609 2385 746 2469 proprii,
760 2389 816 2450 aut
827 2386 1045 2470 principaliter
1053 2386 1176 2450 dicatur
1183 2385 1335 2451 Ecclesia.
1349 2387 1380 2450 6.
1389 2384 1435 2450 Ut
1443 2385 1545 2450 inser-

86 2471 146 2535 viat
162 2472 244 2536 haec
262 2471 455 2537 combinatio
474 2473 668 2558 dirigendae,
686 2475 927 2554 conservandae,
941 2475 1171 2560 promovendae
1187 2475 1329 2540 libertati
1342 2497 1378 2539 ac
1393 2474 1545 2558 potestati

86 2557 323 2626 Ecclesiasticus
337 2560 552 2646 singularum
563 2585 625 2627 uon
638 2585 713 2627 vero
725 2566 762 2627 ut
778 2564 955 2636 eamtollat
967 2569 1023 2630 aut
1035 2564 1150 2628 laedat.
1177 2565 1207 2628 7.
1220 2563 1272 2628 Ne
1284 2586 1402 2629 novum
1414 2565 1437 2630 tv
1449 2584 1544 2647 pecu·

86 2647 156 2714 liare
172 2652 329 2736 regimen,
346 2654 402 2715 aut
417 2673 491 2734 pars
507 2651 615 2734 aliqua
626 2652 795 2738 integralis
811 2653 977 2738 regiminis
990 2653 1215 2732 Ecclesiastici‚
1227 2653 1312 2736 quod
1324 2651 1461 2738 singulis
1476 2653 1543 2716 Ec-

86 2738 182 2803 clesiis
202 2740 273 2823 jure
293 2739 399 2804 divino
419 2741 582 2824 competit,
602 2741 677 2804 huic
695 2741 786 2828 [pag.
809 2742 888 2827 121]
906 2742 1200 2826 correspondentiac
1215 2745 1272 2806 aut
1283 2741 1545 2807 convenientibus

87 2827 443 2913 correspondentialibus
460 2829 621 2894 tribuatur
641 2834 697 2896 aut
716 2830 953 2914 approprietur.
976 2832 1006 2895 8.
1025 2830 1071 2897 Ut
1087 2830 1268 2895 habeantur
1278 2853 1335 2915 per
1346 2831 1505 2894 fraternas
1522 2833 1544 2896 81

87 2915 194 2982 liberas
215 2916 402 2982 collationes
425 2918 665 2984 consiliorum&
681 2919 924 3005 suffragiorum
941 2942 1004 2984 non
1019 2942 1077 3004 per
1088 2919 1289 3004 magistralia
1301 2920 1429 2984 dictata.
1454 2918 1483 2982 9.
1497 2917 1544 2984 Ut

87 3005 289 3088 dependentia
312 3007 355 3071 sit
373 3011 486 3071 mutua
507 3008 530 3072 d
550 3007 711 3091 aequalis3
729 3013 838 3073 contra
851 3008 958 3073 absint
969 3008 1076 3073 omnia
1088 3009 1279 3092 monopolis,
1291 3008 1398 3073 omnia
1411 3007 1561 3072 artificia

86 3093 283 3179 oligarchica‚
302 3117 412 3161 omnes
439 3093 639 3180 Diotvephon
665 3097 898 3181 usurpationes.
925 3098 976 3163 10.
992 3096 1083 3164 Utin
1099 3097 1149 3177 iis,
1162 3120 1244 3182 quae
1256 3097 1380 3161 faciunt
1392 3097 1432 3161 ad
1443 3096 1545 3181 parti-

86 3182 218 3248 cularem
239 3184 393 3268 cujusque
412 3183 574 3250 Ecclesiae
594 3185 856 3265 aedificationem,
876 3186 1135 3252 reformationem
1153 3185 1184 3250 in
1198 3185 1341 3250 doctrina
1357 3185 1545 3264 tumoribus,

86 3273 248 3338 arctiorem
265 3295 338 3336 cum
360 3272 428 3339 Deo
444 3273 698 3358 conjunctionem
709 3277 733 3342 tt
744 3275 880 3340 foederis
893 3297 966 3339 cnm
977 3276 1034 3341 illo
1046 3276 1293 3354 renovationem,
1305 3297 1369 3340 una
1385 3273 1545 3358 perillam

87 3363 136 3426 11111
154 3362 235 3426 alias
255 3383 319 3426 non
340 3362 542 3447 impediatur,
563 3365 586 3429 ts
605 3364 823 3448 promptitudo
843 3366 867 3431 t
885 3364 1037 3448 perfectio
1053 3365 1121 3449 ejus
1133 3364 1193 3429 hac
1205 3365 1238 3428 in
1253 3367 1345 3448 parte
1357 3365 1397 3427 ad
1409 3363 1545 3428 aliarum

86 3451 264 3515 tarditatem
284 3454 341 3516 aut
355 3451 630 3535 imperfectionem
643 3475 705 3518 uon
721 3453 883 3539 alligetur,
896 3453 1163 3519 accommodetur:
1177 3453 1232 3518 sed
1243 3453 1388 3538 singulae
1401 3453 1496 3517 simul
1509 3475 1546 3516 ac

87 3536 171 3604 lrcdie
183 3561 294 3604 vocem
306 3540 427 3605 domini
439 3540 608 3621 audierint,
621 3544 644 3608 81
656 3542 851 3607 occasionem
864 3543 914 3606 vel
927 3543 1094 3607 minimam
1106 3565 1142 3608 ac
1155 3541 1342 3606 facultatem
1352 3545 1465 3606 nactae
1473 3541 1544 3606 fue·

86 3627 154 3706 rint,
179 3628 327 3712 exempla
341 3629 416 3693 dent
434 3629 541 3712 potius
565 3653 663 3714 quam
675 3635 867 3716 exspectent,
881 3632 1106 3715 &praecedant
1118 3631 1235 3715 potius,
1249 3653 1345 3716 quarn
1361 3632 1544 3715 sequantur.

86 3714 223 3782 Conferri
231 3721 375 3802 possunt,
386 3739 469 3801 quae
478 3718 676 3803 disputamus
688 3719 721 3784 in
734 3720 868 3803 Desper.
885 3718 987 3784 Causa
999 3719 1141 3804 Papatus
1153 3720 1204 3785 lib.
1219 3722 1248 3785 2.
1262 3731 1330 3785 secl.
1346 3720 1451 3804 l.ccp.
1462 3719 1492 3785 5.
1503 3759 1543 3766 -

89 3805 133 3868 ll.
156 3805 203 3864 llt
214 3805 341 3871 nullum
353 3809 461 3879 οἰκεῖον,
476 3807 639 3892 proprium
652 3808 817 3893 regiminis
830 3808 880 3873 sui
893 3809 1012 3874 habeat
1023 3809 1191 3895 objectum,
1208 3831 1305 3893 quam
1317 3809 1446 3893 negotia
1459 3831 1545 3873 com·

87 3915 98 3956 1
150 3927 198 3972 ua,
223 3917 305 3979 quae
325 3899 471 3979 spectant
487 3897 609 3982 ,partim
626 3897 731 3962 media
751 3898 790 3962 ad
811 3919 1010 3962 communem
1022 3899 1199 3976 veritatem,
1213 3898 1376 3983 pietatem,
1398 3896 1542 3976 εὕταξίκν,

86 4005 98 4066 1
146 4007 189 4049 rm
201 3985 461 4069 promovendam,
475 3985 691 4051 &communia
702 3987 787 4050 mala
800 3991 895 4070 atque
909 3986 1104 4052 adversarios
1117 3987 1338 4072 spiritualibus
1351 3986 1447 4051 armis
1461 3991 1546 4064 (con-

86 4091 98 4134 s
150 4097 169 4152 τ,
190 4073 336 4158 collegiis
357 4075 381 4138 tv
404 4073 683 4159 disputationibus,
704 4075 861 4160 apologiis
881 4077 1046 4160 &scriptis
1062 4075 1323 4156 confessionibus,
1337 4075 1546 4160 petitionibus

86 4159 98 4224 d
158 4161 271 4227 nsioms
284 4161 548 4248 Magistratuum)
566 4163 781 4249 profligandos
791 4189 798 4242 ;
810 4165 930 4249 parlim
943 4165 1171 4230 controversias
1184 4168 1339 4244 tacuimus,
1357 4164 1394 4229 de
1407 4164 1545 4228 transitu

86 4269 98 4312 1
146 4251 305 4330 abrorum,
327 4251 365 4315 de
385 4252 596 4317 translatione
618 4253 839 4318 ministrorum
857 4253 897 4318 ab
909 4258 974 4317 una
985 4253 1127 4319 Ecclesia
1144 4254 1184 4317 ad
1196 4254 1302 4333 aliam,
1316 4255 1354 4319 de
1366 4253 1545 4318 contentio·

85 4359 98 4402 1
154 4363 171 4406 s
191 4341 278 4405 inter
296 4339 440 4405 membra
455 4341 652 4407 diversarum
668 4342 884 4407 Ecclesiamm
896 4341 1073 4407 vicinarum
1084 4343 1173 4423 ortis,
1188 4366 1298 4408 esrum
1313 4342 1458 4427 legitima
1470 4364 1545 4427 cog-

86 4449 98 4489 1
158 4452 199 4472 ’1
221 4429 415 4494 tmcmmoda
423 4431 649 4515 compositione
658 4454 694 4496 ac
702 4431 968 4510 reconciliatione,
978 4436 1149 4496 auteorum
1158 4431 1477 4517 castigatione,idque
1490 4453 1547 4514 per

1456 4520 1546 4603 jndi-
