3722 4850
297 275 339 348 lt
680 271 840 348 Ponmrcna
853 279 1105 348 Ecetrrsmsrrero
1119 269 1199 346 Pras
1211 280 1238 344 Ι.
1262 279 1328 347 Lm.
1342 269 1383 346 Il.

295 463 372 536 cnos'
386 472 466 535 eniri
481 468 621 535 Ecclesiis
632 469 760 552 placuit,
774 479 808 533 nt
820 489 911 555 qrocric
924 467 962 532 ot
975 468 1109 552 lqnotic,
1121 469 1178 554 qni
1189 489 1262 533 cunt
1271 487 1330 551 per
1341 468 1445 533 visunt
1458 470 1645 555 onpclorntn
1655 467 1770 533 didice-

296 561 347 640 rit,
361 559 569 624 Antioctcncc
581 558 731 622 Ecclesiae
743 557 906 635 traditum,
922 554 954 622 a
966 557 1076 622 nilne
1087 557 1130 622 od
1139 558 1277 642 reliquos
1285 557 1435 622 Ecclesiae
1443 559 1620 624 derivatum
1629 557 1771 622 tradam.

296 649 435 714 Socrates
458 648 524 713 tit.
550 647 580 710 6.
606 647 724 712 Hister.
737 667 805 730 cop.
819 646 848 710 8.
861 645 960 710 refert
973 644 1126 709 Arrianus
1139 645 1415 728 Constantinopoli
1427 647 1617 713 catervatim
1629 667 1688 730 per
1699 646 1770 730 pla-

297 743 365 802 teas
389 736 561 818 ἂντιφὼνοιις
580 733 657 812 ᾠδὰς
679 739 771 800 nocte
795 737 817 801 it
841 735 944 819 primo
966 734 1105 799 diluculo
1119 734 1286 799 cecinisse:
1305 735 1422 818 quibus
1436 737 1581 802 cantibus
1594 757 1633 799 ne
1647 735 1722 818 quis
1734 756 1772 797 ex

298 824 547 910 simplicioribus
571 824 611 887 ab
626 823 769 889 Ecclesia
786 823 1006 902 abduceretur,
1019 822 1263 908 Chrysostomus
1277 823 1432 906 quosdam
1448 847 1487 890 ex
1502 848 1560 890 suo
1575 824 1695 909 populo
1708 823 1772 886 illis

298 918 408 980 contra
431 912 648 996 comparabat,
672 913 727 998 qni
746 914 910 978 nocturnis
922 913 1051 999 hymnis
1062 913 1266 978 decantandis
1282 913 1427 979 similiter
1437 935 1567 1000 operam
1579 913 1705 990 dorent,
1718 913 1768 978 ln.

299 1002 416 1081 Quales
428 1005 571 1066 canutos
585 1002 719 1087 hymnos
732 1001 852 1066 ibidem
864 1005 956 1066 vocat
968 1001 1103 1086 hymnos
1117 1003 1277 1076 inaccesso,
1293 1001 1332 1065 nd
1344 1024 1418 1066 suos
1432 1003 1466 1067 in
1474 1003 1536 1067 fide
1544 1003 1690 1088 ipsorum
1698 1023 1773 1066 cou-

298 1092 479 1158 firmandcs.
505 1089 575 1166 Qua
587 1090 749 1156 occasione
762 1090 881 1155 ibidem
893 1090 1070 1175 subjungit,
1083 1090 1166 1154 unde
1178 1091 1372 1154 consuetudo
1384 1090 1577 1176 hymnorum
1590 1091 1648 1175 qui
1661 1091 1695 1155 in
1710 1089 1774 1154 Ec-

298 1181 395 1247 clesia
411 1179 543 1244 alternis
560 1180 778 1260 decantantur,
792 1177 918 1244 initium
932 1179 1090 1263 coeperit;
1104 1179 1144 1242 ab
1156 1177 1285 1263 Ignatio
1301 1179 1367 1244 scil:
1380 1229 1388 1258 ,
1401 1181 1456 1263 qui
1468 1181 1605 1246 formam
1616 1180 1709 1244 illam
1721 1201 1774 1243 ca·

299 1271 394 1335 nendi
406 1268 568 1334 Ecclesiae
580 1267 798 1334 Antiochense
810 1268 978 1332 tradiderit
990 1279 1171 1352 expressam
1184 1267 1218 1330 in
1230 1267 1351 1332 risione
1363 1270 1551 1354 angelorum
1560 1273 1706 1333 sanctam
1715 1268 1774 1331 tri·

298 1359 434 1423 nitatem
457 1357 585 1440 hymnis
610 1358 733 1422 alterna
756 1357 821 1421 vice
832 1357 1007 1422 decantatis
1019 1355 1281 1421 collaudantium.
1298 1358 1385 1423 Unde
1395 1359 1512 1442 inquit,
1526 1360 1580 1424 illo
1594 1357 1725 1422 traditio
1738 1357 1773 1421 in

299 1446 446 1513 omnibus
468 1447 610 1512 Ecclesiis
631 1458 750 1532 recepto
774 1457 827 1511 cst.
841 1445 1008 1510 Autcritas
1024 1467 1109 1530 ergo,
1123 1447 1146 1512 lt
1162 1444 1339 1528 antiquitas
1352 1469 1388 1511 ac
1404 1448 1508 1531 prima
1519 1448 1609 1532 origo
1623 1447 1777 1530 antipho·

301 1559 415 1602 narum
428 1536 527 1600 alium
540 1539 614 1600 ante
625 1536 833 1599 vetustiorem
846 1538 962 1600 testem
974 1557 1037 1598 non
1046 1533 1282 1613 habctSocrotc,
1291 1535 1347 1618 qui
1355 1533 1464 1600 floruit
1473 1536 1556 1600 circa
1564 1555 1689 1600 annum
1700 1535 1775 1600 440.

301 1627 357 1710 qui
368 1624 529 1690 haeresios
541 1625 565 1690 lt
578 1623 812 1688 mendaciorum
826 1626 845 1686 ia
857 1623 1064 1702 Bellarminc,
1074 1622 1256 1702 Possevino,
1265 1622 1415 1704 Beronic,
1427 1624 1524 1690 Billio
1533 1624 1777 1690 condemnatur.

300 1715 392 1794 Vide,
416 1716 452 1778 ut
476 1712 696 1796 compendium
720 1712 829 1792 facias,
844 1713 997 1779 Possccin
1008 1713 1044 1777 in
1055 1713 1174 1797 Appon.
1188 1711 1233 1775 Et
1244 1716 1353 1776 tamen
1369 1712 1422 1778 hic
1434 1736 1516 1778 unus
1529 1711 1776 1796 antiquissimus

300 1800 498 1878 ἀδαμάντινος
520 1801 543 1866 lt
563 1801 742 1866 autenticus
758 1801 850 1884 quasi
862 1801 953 1866 testis
967 1803 1037 1886 (aut
1049 1801 1149 1885 ipsius
1165 1801 1234 1864 loco
1250 1802 1455 1869 Cassiodorus
1470 1803 1533 1868 tit.
1549 1802 1601 1866 10.
1615 1803 1701 1869 llisl.
1717 1804 1777 1868 tri·

298 1902 381 1975 port.
405 1911 471 1974 cop.
496 1891 527 1954 9.
551 1890 607 1974 qui
620 1912 658 1954 ex
670 1889 793 1956 Socrate
804 1890 984 1974 descripsit)
998 1913 1055 1973 pro
1067 1889 1260 1973 antiquitate
1276 1891 1299 1956 ic
1315 1891 1439 1976 origine
1453 1891 1706 1976 antiphonarum
1720 1913 1780 1975 per

301 1979 470 2044 coelestem
495 1979 649 2043 visionem
673 1977 801 2062 Ignatic
824 1983 985 2043 ostensam
1000 1982 1020 2042 h
1034 1981 1177 2044 Govonto
1189 1978 1254 2044 cit.
1269 1981 1300 2042 2.
1313 1979 1452 2046 thesauri
1463 1981 1516 2045 rit.
1529 2001 1598 2066 cop.
1615 1979 1669 2042 l‘i.
1685 1980 1778 2066 [pag.

301 2067 382 2154 538]
392 2069 415 2134 tt
427 2068 495 2132 tot.
508 2067 552 2133 St.
565 2069 712 2133 Duronio
724 2067 808 2132 titr.
823 2069 851 2130 3.
866 2089 890 2132 c.
907 2069 956 2132 17.
974 2067 1150 2132 adducitur.
1164 2066 1345 2151 Crespetius
1357 2069 1390 2132 in
1404 2073 1530 2134 sumina
1541 2069 1615 2133 fidei
1628 2067 1778 2133 Catholi-

301 2179 367 2234 cae,
390 2157 423 2219 in
446 2179 522 2221 voco
547 2157 676 2234 Cantus,
690 2156 769 2220 citat
782 2156 950 2222 Philonem
963 2158 998 2220 in
1010 2157 1077 2220 Lib.
1091 2157 1128 2220 da
1148 2157 1214 2222 rite
1225 2159 1461 2240 contem-plotini
1474 2157 1669 2242 &Niccpton
1681 2159 1779 2225 Colli-

302 2256 386 2311 stom
394 2244 460 2310 tlt.
471 2247 501 2309 2.
510 2266 579 2329 cop.
594 2246 645 2309 16.
658 2244 702 2308 Et
714 2245 844 2330 Epistol.
860 2246 963 2312 Plinii
975 2245 1113 2324 secundi,
1125 2248 1160 2309 ut
1172 2246 1333 2328 probetab
1344 2245 1781 2312 initionascentisEcclesiae

302 2333 437 2398 sumisse
461 2333 599 2397 initium.
626 2331 688 2398 Sed
713 2332 827 2398 chorus
848 2333 1078 2398 Monachcrum
1093 2332 1337 2419 Aegyptiorum,
1351 2335 1388 2399 de
1400 2335 1517 2419 quibus
1529 2335 1732 2419 nicephorus
1743 2357 1783 2400 aa

303 2422 446 2498 Philone,
460 2444 518 2486 nec
531 2426 579 2486 est
601 2422 745 2486 Ecclesia
761 2423 975 2487 communiter
989 2445 1115 2502 ennena,
1128 2445 1186 2487 nec
1198 2423 1261 2486 fuit
1276 2423 1316 2488 ab
1329 2424 1422 2488 initio
1434 2425 1595 2490 nascentis
1608 2423 1780 2490 Ecclesiae

303 2510 517 2596 Apostolicae.
535 2510 579 2575 Et
603 2509 700 2575 Plinii
722 2531 849 2576 carmen
862 2513 960 2576 dicere
971 2511 1031 2577 sibi
1042 2512 1184 2586 invicem,
1198 2533 1260 2576 non
1273 2511 1434 2597 significat
1447 2513 1597 2578 distincte
1609 2513 1632 2578 1
1646 2514 1784 2597 propriis

302 2605 432 2666 cantum
444 2598 685 2684 antiphonicum
699 2600 893 2680 alternatim,
906 2601 955 2664 uti
967 2599 1060 2664 hodie
1076 2600 1108 2664 in
1120 2598 1246 2684 Papatn
1259 2600 1508 2666 decantandum:
1523 2603 1578 2667 sed
1586 2603 1784 2667 alternatio·

300 2710 374 2753 nem
386 2689 420 2753 in
430 2688 563 2754 diversis
576 2689 719 2773 psalmia
733 2689 889 2772 quomodo
902 2690 1074 2754 Durontus
1085 2710 1151 2773 cop.
1166 2690 1214 2753 cit.
1233 2690 1466 2756 Tertullianum
1478 2691 1530 2756 lib.
1545 2693 1574 2754 2.
1589 2691 1629 2754 ad
1643 2713 1785 2756 uxorem

302 2778 450 2862 explicat.
472 2775 521 2842 De
542 2778 650 2861 aliquo
670 2799 780 2842 eorum
791 2799 852 2842 usu
868 2782 943 2841 ante
956 2777 1119 2842 Socratem
1132 2778 1213 2842 haut
1224 2780 1357 2862 manate
1370 2779 1558 2843 crediderim
1570 2779 1695 2843 Basilio
1709 2781 1786 2866 (qui

302 2864 411 2931 floruit
427 2889 457 2931 a.
469 2867 557 2950 ato.)
571 2867 663 2949 epist.
679 2865 732 2930 63.
746 2867 786 2930 ad
798 2867 871 2931 cler.
887 2865 917 2930 N
920 2888 1074 2930 eocaesar.
1088 2867 1249 2931 scribenti:
1262 2879 1459 2951 postremum
1471 2880 1631 2954 suspectos
1643 2868 1685 2932 ot
1703 2891 1786 2934 ora-

303 2955 442 3022 tionibus
460 2956 503 3020 ool
526 2955 742 3021 psalmodiam
763 2956 961 3040 perueniunt.
986 2957 1025 3020 Et
1048 2955 1297 3039 nunctisorions
1310 2957 1414 3035 divisi,
1427 2959 1550 3024 numici
1561 2958 1788 3024 nebahasitae

303 3045 384 3110 inter
397 3065 430 3110 sc
447 3045 601 3129 psallunt.
616 3041 720 3120 Quam
733 3043 993 3108 consuetudinem
1005 3049 1082 3108 tunc
1093 3045 1128 3108 in
1140 3044 1288 3108 omnibus
1300 3044 1453 3110 Ecclesiis
1465 3044 1608 3126 (Graecis
1620 3046 1709 3131 scil.)
1724 3048 1788 3112 ob-

302 3133 449 3212 tinuisse,
468 3133 586 3196 ibidem
602 3131 754 3197 aifirmat.
779 3131 842 3197 Sed
873 3132 934 3197 hoc
950 3133 1045 3218 longis
1061 3133 1153 3196 abest
1168 3134 1208 3197 ab
1221 3134 1414 3218 antiquitate
1426 3134 1586 3200 nascentis
1598 3133 1787 3202 Ecclesiae.

303 3221 347 3286 Et
360 3243 435 3286 sane
452 3220 592 3286 Basilius
605 3243 731 3286 omnem
744 3220 837 3285 illum
849 3243 971 3286 morem
983 3225 1208 3287 nocturnorum
1221 3221 1381 3288 (lautianm
1393 3227 1470 3288 tunc
1481 3223 1549 3288 illic
1564 3223 1787 3306 obtinentem,

304 3333 400 3395 quem
420 3308 729 3375 Nec-Gaesarienses
754 3309 1018 3389 condemnabant,
1042 3312 1138 3395 aegris
1152 3333 1292 3396 purgare
1304 3312 1606 3396 potestisnovitate.
1631 3311 1786 3396 Papatus

303 3399 497 3483 antiphonae
519 3420 601 3482 quae
625 3399 714 3464 uales
739 3399 813 3478 sint,
838 3400 995 3483 quomodo
1019 3401 1042 3465 ta
1064 3399 1192 3482 quando
1208 3399 1416 3480 adhibendae,
1431 3402 1736 3486 quotuplices,vide
1750 3404 1788 3468 in

303 3488 546 3574 Antipltonorio,
556 3489 579 3553 it
591 3489 732 3553 Gooanto
744 3489 798 3553 loc.
812 3488 863 3554 cit.
876 3483 1037 3571 Quidquid
1049 3509 1106 3571 pro
1119 3487 1159 3552 iis
1171 3492 1283 3556 contra
1295 3494 1430 3568 nostros,
1446 3493 1465 3555 a
1477 3490 1594 3574 quibus
1607 3512 1662 3555 eas
1679 3491 1787 3557 rideri

304 3577 359 3658 ait,
381 3576 551 3642 contendat
574 3577 748 3661 Crespetius
772 3575 823 3641 lit.
845 3576 945 3642 sitin
957 3598 1033 3642 voce
1048 3574 1179 3656 Cantus,
1192 3578 1332 3642 nondum
1345 3578 1452 3644 ndere
1464 3601 1604 3664 possum,
1616 3583 1789 3662 quomodo

303 3665 406 3751 magis
419 3664 618 3743 conveniant,
632 3687 729 3749 quam
742 3665 918 3745 conciones,
931 3662 1114 3748 Scripturae
1126 3666 1501 3751 lectiones,.precationes
1514 3667 1714 3751 antiphonae
1724 3691 1788 3734 sen

304 3754 490 3818 alternatim
510 3756 529 3818 is
552 3751 845 3832 concionatoribus,
865 3753 1062 3834 Lectoribus,
1083 3755 1202 3838 populo
1214 3756 1248 3818 in
1261 3755 1374 3820 choros
1387 3757 1489 3822 diviso
1501 3757 1686 3822 alternatim
1702 3780 1789 3842 pro·

304 3843 509 3907 nuntiandae.
535 3839 570 3906 Si
595 3842 680 3906 enirn
703 3841 845 3906 defectus
870 3843 913 3906 sit
929 3843 968 3908 ad
980 3843 1136 3907 minorem
1148 3844 1394 3929 intelligentiae,
1412 3846 1584 3911 memoriae
1597 3845 1786 3913 affectuum

305 3931 513 3996 exitationem
528 3930 562 3993 in
583 3931 770 3996 canentibus
789 3930 927 3996 faciens:
944 3931 1055 4014 ntique
1074 3931 1175 3996 otiose
1195 3933 1346 3998 emendus
1366 3955 1430 3998 non
1443 3938 1502 4000 cst.
1514 3933 1572 3999 Sin
1584 3933 1707 4000 nimius
1722 3958 1791 4020 per

304 4019 494 4083 varietatem
506 4019 603 4083 istam
617 4022 766 4083 externus
779 4041 928 4084 sensuum
942 4018 1197 4105 hypocorismus;
1211 4022 1308 4086 velim
1320 4023 1482 4088 sensualia
1489 4023 1547 4087 illa
1555 4023 1790 4090 blandimenta

305 4105 474 4171 concilient
506 4129 577 4171 cum
599 4107 690 4190 praxi
715 4105 884 4172 Athanasii
908 4108 1092 4193 Augustino
1116 4109 1263 4187 laudata;
1277 4111 1300 4176 lt
1313 4133 1385 4175 cum
1397 4111 1491 4177 dictis
1504 4112 1676 4177 Clementis
1689 4111 1789 4179 ale-

303 4194 413 4256 xandr.
437 4193 544 4259 Caroli
566 4194 623 4273 M..
647 4194 861 4276 carthusiani,
886 4195 1065 4276 Cassandri,
1089 4220 1164 4262 mox
1186 4199 1262 4265 Sect.
1288 4201 1317 4264 6.
1343 4200 1541 4266 exhibendis.
1568 4240 1607 4248 -
1633 4198 1674 4263 V.
1700 4202 1789 4270 Scri.

305 4279 354 4345 De
384 4280 584 4347 Cantoribus.
616 4282 678 4348 Hic
709 4285 882 4368 quaeritur.
909 4286 938 4348 1.
969 4287 1093 4368 Quaest.
1118 4285 1255 4362 Quinam
1278 4289 1402 4372 possint
1426 4311 1538 4355 canere
1562 4289 1595 4353 in
1618 4287 1789 4360 Ecclesia.

305 4366 374 4434 Nos
397 4369 540 4450 dicimus,
566 4371 685 4436 nemini
707 4371 768 4438 hoc
782 4373 998 4456 interdictum,
1011 4376 1171 4441 neminem
1184 4378 1431 4444 excludendum:
1449 4379 1527 4463 quin
1539 4382 1651 4444 contra
1662 4399 1791 4448 omnes

1742 4473 1791 4534 ad
