3766 4866
316 311 426 379 Tarcr.
440 311 499 380 III.
522 312 571 377 Dr
584 311 720 378 hearers
733 311 912 378 Oanrarnrrs
927 313 1219 379 Parcere-reamare.
1244 313 1315 379 Ger.
1329 307 1389 378 Ill.
1507 313 1570 380 337

151 501 293 588 Objieiet
321 501 393 586 quis
423 501 450 564 1.
468 501 569 585 object.
594 501 702 566 Etiam
729 502 768 565 ad
792 501 975 585 posterioris
1000 500 1127 586 generis
1139 521 1229 565 casus
1247 499 1434 586 prepositos,
1450 522 1513 565 non
1527 502 1575 566 vi-
1602 492 1606 500 ’

104 592 201 657 detur
213 590 476 675 respondendum,
490 590 530 655 ob
543 589 684 674 pericula
697 591 719 657 b
734 590 865 655 insidias
882 590 1046 656 evitandas
1064 593 1153 674 llcsp.
1176 591 1204 656 1.
1219 589 1362 655 Christus
1378 590 1488 672 detali
1503 613 1577 656 casu

104 680 255 764 politiam
274 684 428 764 tangente
441 679 665 764 interrogatus,
684 683 720 744 ut
733 680 1035 764 eumillaquearent,
1048 683 1156 744 tamen
1172 679 1334 764 respondit
1345 677 1462 743 Matth.
1481 679 1535 745 22.
1547 702 1578 746 r.

107 771 159 833 15.
177 769 230 832 18.
245 770 297 832 19.
319 771 408 853 desp.
423 769 453 831 2.
467 771 504 832 ut
515 768 750 852 iniquissimum
767 773 849 833 esset
861 769 982 833 medico
998 769 1187 842 sumebas
1200 768 1264 827 bart
1278 769 1578 854 eberpeupendere,
1652 783 1658 807 '·

103 858 151 924 sic
159 858 260 922 etiam
283 857 469 922 pastoribus
492 859 515 923 a
536 856 686 922 Patribus
699 857 919 941 spiritualibus
931 857 964 921 in
976 857 1095 922 crimen
1107 857 1277 940 imputare,
1291 858 1319 922 si
1331 862 1468 943 pergant
1480 860 1578 942 profi·

104 947 169 1012 tari
180 947 215 1011 id
231 947 316 1030 quod
326 945 505 1031 Republica
518 951 574 1011 aut
588 947 694 1022 simul,
707 951 763 1011 aut
775 947 873 1031 prius,
883 946 987 1030 petiit,
1004 967 1040 1010 ac
1049 946 1156 1032 jussit,
1172 945 1195 1010 b
1207 945 1350 1030 professa
1364 953 1412 1012 est
1424 952 1579 1033 tanquam

106 1035 311 1101 verissimum
331 1037 354 1101 fa
376 1035 550 1118 optimum;
581 1035 678 1100 immo
702 1036 742 1099 ad
764 1036 848 1119 qued
860 1034 1069 1101 docendum&
1085 1035 1298 1119 profitendum
1311 1058 1364 1100 ees
1378 1059 1415 1100 ex
1427 1036 1580 1103 Ecclesiis

106 1125 175 1190 suis
204 1125 358 1202 evocavit,
383 1126 405 1190 b
421 1147 484 1189 non
507 1123 574 1188 sine
586 1124 799 1188 intercedente
815 1125 1021 1209 stipulatione
1035 1147 1071 1188 ae
1084 1124 1294 1208 promissione
1305 1126 1344 1189 ad
1357 1148 1390 1190 se
1402 1126 1579 1192 transtulit.

154 1215 258 1298 Object
274 1215 304 1276 2.
322 1211 357 1277 Si
369 1212 520 1296 Princeps
534 1217 589 1278 aut
604 1211 814 1297 Magistratus
823 1216 1011 1297 quaerentes
1026 1211 1192 1288 διὰσμένως
1203 1213 1413 1278 conscientiae
1426 1213 1580 1280 informa·

106 1305 231 1368 tionem
247 1301 436 1386 recipientes
448 1304 629 1378 mutentur;
642 1302 761 1386 aliique
769 1303 848 1386 ipsis
860 1303 1029 1367 succedant
1039 1333 1046 1376 ;
1058 1305 1117 1365 aut
1140 1301 1202 1386 ipsi
1222 1301 1271 1366 illi
1292 1307 1431 1368 mentem
1443 1307 1580 1384 mutant,

107 1393 315 1458 &veritatem
338 1413 434 1475 quam
450 1391 589 1475 amplexi
602 1403 686 1470 sunt,
706 1413 866 1475 quamque
878 1391 1057 1455 volentibus
1070 1389 1149 1474 ipsis
1173 1391 1307 1474 professi
1328 1397 1402 1456 sunt
1427 1391 1579 1472 Ministri,

107 1483 181 1547 odio
195 1480 336 1545 habeant
354 1481 377 1544 h
390 1481 423 1543 in
434 1479 590 1544 Ministris
602 1485 834 1564 persequantur
847 1505 855 1556 ς
879 1481 938 1544 tali
950 1480 982 1543 in
1000 1501 1074 1544 casu
1087 1477 1245 1545 Ministris
1261 1482 1442 1547 consultum
1455 1482 1581 1546 ridetur

107 1578 236 1634 mutare
253 1569 440 1633 autmutari
456 1569 522 1633 sive
539 1569 571 1632 in
584 1573 688 1633 tetum
702 1569 766 1633 sive
785 1569 820 1632 in
832 1573 967 1633 tantum.
992 1570 1083 1653 Resp.
1100 1569 1127 1632 1.
1152 1567 1227 1633 Non
1243 1569 1359 1634 debent
1372 1593 1409 1635 ex
1422 1570 1581 1636 Ministris

108 1659 179 1723 fieri
196 1658 344 1724 cothurni
369 1661 424 1722 aut
439 1657 509 1722 nasi
528 1658 625 1722 cerei:
643 1680 746 1742 neque
759 1658 844 1722 enim
855 1662 930 1722 sunt
945 1658 1028 1722 servi
1044 1657 1220 1737 hominurn,
1247 1681 1305 1724 nec
1329 1658 1581 1736 ἀνθρωπάρεσκοι.

108 1747 299 1832 Quicunque
321 1751 426 1811 mutat
454 1751 510 1810 aut
530 1751 693 1811 mutatur:
722 1747 784 1831 ipsi
799 1769 927 1811 manere
951 1746 1067 1812 dehent
1087 1746 1229 1811 radicati
1251 1747 1285 1810 in
1309 1747 1453 1827 veritate,
1479 1771 1583 1814 emere

108 1859 193 1915 eam,
217 1856 281 1900 non
306 1837 456 1900 vendere:
481 1833 576 1900 Fides
593 1858 702 1900 eorum
717 1859 781 1900 non
801 1840 850 1900 est
865 1840 1055 1920 temporum,
1078 1836 1134 1900 sed
1149 1837 1398 1922 euangeliorum.
1423 1835 1583 1922 Quidquid

108 1925 265 2004 evenerit,
284 1923 368 1988 nihil
388 1925 593 2010 peregrinum
611 1924 688 2009 ipsis
702 1929 889 1990 eventurum
902 1929 959 1990 est.
984 1925 1118 2010 Experti
1134 1923 1380 2004 heclsraelitae,
1405 1949 1477 1990 curn
1501 1928 1584 1992 alius

108 2037 166 2079 rex
191 2013 336 2098 Aegypti
359 2018 504 2098 surgeret
522 2015 618 2079 and.
635 2016 664 2078 1.
677 2013 837 2098 Expertus
851 2014 1039 2078 Ambrosius
1055 2013 1244 2078 Blaurerus:
1258 2012 1443 2080 Inconstans
1459 2016 1584 2100 pepulit

108 2107 239 2168 tanturn
256 2102 442 2167 Constantia
452 2103 562 2168 civem.
577 2101 658 2166 Vide
670 2103 838 2167 historiam
848 2104 932 2187 apud
944 2103 1128 2169 Slcc‘dureuea
1138 2103 1189 2168 lib.
1208 2105 1259 2168 21.
1273 2103 1340 2167 bin
1353 2103 1420 2168 vira
1435 2103 1584 2170 Blaureri

110 2193 197 2277 apud
209 2191 327 2256 Melch.
340 2191 511 2256 Adamum.
535 2191 666 2275 Experti
678 2189 857 2256 Reformati
873 2191 906 2255 in
931 2191 1060 2276 Anglib,
1079 2215 1150 2256 cum
1163 2191 1266 2256 Maria
1278 2192 1428 2258 Eduardo
1441 2191 1500 2258 Vl.
1513 2217 1584 2260 suc·

110 2283 247 2346 cederet.
260 2279 395 2365 Experti
407 2279 624 2346 Protestantes
636 2281 670 2344 in
684 2279 848 2360 Bohemib,
869 2278 1010 2361 Austrib,
1023 2279 1141 2366 Styria,
1162 2283 1211 2347 bc.
1230 2303 1301 2347 cum
1309 2279 1527 2347 Ferdinandus
1539 2281 1582 2349 ΙΙ.
1633 2331 1636 2340 .

110 2392 294 2436 concessam
306 2376 326 2432 d
338 2368 514 2453 Majoribus
526 2371 549 2435 b
565 2368 842 2434 predecessoribus
855 2369 1037 2434 libertatern
1046 2371 1209 2434 adimeret.
1225 2369 1269 2436 Ut
1278 2371 1346 2455 jam
1358 2393 1422 2435 non
1435 2371 1583 2437 dieamde

110 2459 204 2524 verbi
222 2457 380 2522 Ministris
396 2459 429 2522 in
442 2457 626 2523 Palatinatu
639 2458 789 2524 archonte
802 2457 960 2523 liudovico
973 2457 1057 2523 Filio
1069 2461 1092 2526 b
1105 2457 1290 2524 Successore
1302 2459 1457 2525 Eriderici
1469 2461 1559 2526 tartii
1574 2484 1582 2536 ;

109 2547 150 2614 de
174 2547 313 2611 subditis
329 2546 429 2613 Ducis
441 2545 650 2632 Neoburgici,
668 2547 802 2632 aliisque
827 2547 1026 2630 Principibus
1043 2548 1197 2620 veritatis,
1211 2571 1307 2632 quam
1323 2547 1458 2633 professi
1483 2554 1584 2631 erant,

94 2635 96 2638 ’
109 2636 328 2702 desertoribus
342 2660 349 2712 ;
370 2657 506 2720 querum
523 2635 647 2719 aliquos
659 2636 763 2700 indico
776 2637 811 2700 ia
825 2637 854 2699 3.
873 2637 961 2702 Part.
975 2639 1026 2702 ecl.
1045 2638 1156 2722 Diepp.
1171 2636 1414 2702 rebellabat.
1441 2635 1583 2704 Verbum

109 2723 244 2789 Domini
271 2729 380 2788 manet
401 2725 435 2788 in
451 2729 626 2803 aeternum,
647 2727 670 2790 dt
694 2723 871 2810 'theologia
895 2725 929 2787 in
946 2746 982 2789 eo
1005 2725 1139 2790 fundata
1164 2731 1258 2809 atque
1286 2725 1358 2790 inde
1371 2726 1506 2790 deducte
1518 2750 1582 2792 non

110 2817 268 2893 mutatur,
281 2835 339 2878 nec
350 2815 451 2878 instar
462 2814 571 2898 polypi
583 2813 719 2877 colorem
728 2814 768 2877 ad
779 2835 936 2897 quemque
945 2813 1129 2898 Principum
1146 2815 1282 2878 colorem
1291 2819 1405 2894 mutat,
1414 2837 1472 2879 nee
1482 2815 1584 2881 instar

109 2901 298 2987 heliotropii
321 2903 476 2967 convertit
500 2925 533 2966 se
558 2902 597 2966 ad
613 2901 719 2966 Solem
742 2903 863 2986 pepuli,
888 2902 947 2966 hoc
970 2906 1027 2976 est,
1045 2904 1085 2967 ad
1097 2901 1287 2987 Principem.
1302 2903 1393 2988 Resp.
1418 2905 1448 2968 2.
1462 2900 1581 2970 Omnes

111 2991 278 3076 Principes
291 2989 534 3076 &Magistratus
562 2990 706 3075 quamvis
719 2990 781 3074 ipsi
796 2993 936 3054 mentem
947 2991 981 3054 in
992 2991 1121 3076 negotio
1135 2992 1299 3076 religionis
1318 2996 1374 3056 ant
1402 2991 1436 3056 in
1448 2993 1583 3077 alicujus

110 3079 318 3166 particularis
341 3080 496 3158 veritatis,
521 3079 561 3143 eb
587 3080 726 3143 rationes
743 3080 805 3142 sibi
819 3083 922 3157 notas,
946 3083 1085 3143 mutent:
1110 3101 1172 3143 non
1185 3084 1294 3145 tamen
1307 3081 1398 3168 [pag.
1416 3081 1498 3168 905]
1520 3083 1583 3146 tel-

110 3170 185 3234 lunt
198 3167 355 3232 Ministris
367 3169 549 3233 libertatern
565 3167 756 3233 sentiendi&
768 3167 937 3251 profitendi
952 3167 994 3247 id,
1011 3169 1094 3252 qued
1107 3169 1297 3249 velantibus,
1307 3169 1494 3255 jubentibus
1507 3193 1582 3254 pre-

110 3258 266 3323 bentibus
282 3257 371 3340 ipsis,
385 3259 407 3323 tt
421 3255 626 3341 Reipublicae
639 3256 782 3335 decretis
799 3255 936 3340 professi
948 3261 1032 3335 sunt,
1046 3259 1068 3323 ft
1081 3257 1121 3321 ad
1131 3259 1217 3343 quod
1228 3258 1442 3343 profitendum
1454 3259 1583 3344 publicb

111 3347 288 3412 autoritate
301 3346 446 3432 legitime
456 3346 557 3410 vocati
571 3350 655 3410 sunt.
668 3344 817 3410 Julianus
834 3345 974 3410 desertor
986 3345 1142 3411 violenter
1154 3370 1217 3412 non
1231 3348 1385 3432 compulit
1398 3348 1583 3434 Episcopus,

111 3437 153 3500 ad
167 3458 255 3514 suae,
268 3435 328 3500 hoc
340 3439 397 3518 est,
414 3435 570 3499 Ethnicue
584 3434 747 3518 religionis
760 3433 999 3517 professionem,
1011 3456 1070 3499 nee
1085 3435 1218 3500 fibulam
1234 3436 1355 3501 silentii
1367 3437 1407 3501 iis
1419 3437 1583 3522 imposuit.

111 3523 275 3590 Henricus
299 3523 357 3589 lV.
383 3523 561 3589 Galliarum
584 3522 653 3587 Rex
671 3523 816 3608 quamvis
833 3522 901 3605 ipse
925 3523 965 3587 ab
982 3522 1126 3588 Ecclesia
1138 3525 1312 3590 reformata
1343 3526 1382 3590 ad
1406 3523 1584 3592 Romanam

111 3613 268 3678 transiret
295 3612 569 3698 &primogenitus
591 3611 694 3676 Filius
720 3611 924 3677 acDefensor
937 3613 1077 3696 ejusdem
1090 3615 1220 3692 elueret,
1233 3637 1296 3678 uon
1319 3617 1428 3679 tamen
1452 3615 1586 3680 abstulit

112 3701 272 3767 ministris
297 3701 489 3779 reformatis,
509 3705 565 3766 aut
591 3700 753 3764 imminuit
776 3700 959 3764 libertatern
971 3701 1122 3786 antiquae
1143 3725 1218 3768 suae
1239 3703 1464 3787 professioni&
1479 3709 1585 3789 prete·

111 3791 247 3856 stationi
268 3795 378 3855 contra
398 3791 505 3854 sedem
517 3789 695 3854 Romanam
707 3788 904 3854 inhaerendi.
918 3787 987 3853 Nee
1000 3788 1089 3868 dixit,
1104 3812 1164 3876 ege
1177 3795 1271 3857 antea
1283 3791 1328 3856 sic
1345 3794 1429 3858 sensi
1445 3793 1483 3858 de
1494 3792 1586 3878 Papb

112 3901 190 3945 curn
201 3879 331 3945 brattea
347 3882 470 3964 tulmen
482 3879 609 3965 (gallice
627 3878 843 3962 prolectarius)
856 3881 965 3941 centra
981 3881 1340 3946 excommunicationem
1351 3880 1434 3947 Sixti
1446 3880 1488 3947 V.
1513 3883 1585 3948 ede-

113 3990 185 4034 rem
198 3989 206 4031 ε
218 3990 302 4033 nunc
314 3990 388 4033 vero
405 3973 549 4052 tempora
561 3957 685 4030 mutata
697 3977 781 4047 sunt,
802 3987 886 4030 nunc
898 3965 992 4030 aliter
1007 3969 1124 4045 sentio;
1141 3967 1263 4058 Papam
1275 3991 1371 4053 quem
1383 3974 1478 4036 antea
1490 3968 1586 4036 Anti·

113 4056 273 4122 christum
285 4056 523 4144 proclamabam
536 4058 558 4122 b
571 4059 590 4119 b
602 4055 690 4119 vobis
703 4054 892 4140 proclamari
904 4055 1060 4135 volebam,
1072 4080 1157 4121 nunc
1169 4080 1306 4144 agnosco
1322 4061 1345 4126 b
1358 4061 1484 4145 appello
1497 4083 1589 4126 sanc·

113 4145 278 4211 tissimum
303 4145 449 4221 Patrem3
474 4167 550 4232 ergo
569 4165 624 4209 vos
649 4144 704 4228 qui
725 4143 844 4209 subditi
860 4143 924 4206 mei
936 4144 1022 4223 estis,
1048 4144 1071 4210 b
1094 4145 1153 4210 sub
1171 4146 1285 4211 umbra
1301 4171 1338 4212 ac
1349 4149 1490 4214 maxillis
1507 4149 1586 4215 meis

115 4233 222 4313 editis,
232 4257 296 4299 non
312 4235 435 4300 debetis
447 4235 532 4298 ultra
545 4232 676 4316 antiquo
689 4255 832 4298 sermone
844 4232 909 4296 uti:
923 4233 977 4296 sed
989 4231 1072 4298 beno
1086 4234 1212 4319 publico
1224 4237 1280 4299 aut
1306 4241 1431 4302 vertere
1442 4238 1588 4324 linguam

114 4321 233 4407 &Regi
242 4346 278 4388 aa
290 4323 447 4392 defensori
461 4327 564 4388 vestro
577 4321 781 4396 conformare,
796 4324 851 4384 aut
863 4325 976 4384 tacere:
990 4322 1065 4404 quia
1074 4323 1119 4387 sic
1131 4328 1179 4388 est
1186 4323 1425 4409 beneplacitum
1432 4331 1587 4392 nostrum.

114 4411 168 4476 Ne
190 4413 317 4494 quidem
337 4411 513 4495 Imperator
532 4411 708 4474 'l'urcarurn
729 4411 792 4473 tale
808 4411 924 4494 jugum
944 4409 1134 4474 Christianis
1147 4412 1212 4478 illic
1228 4411 1419 4482 Ductoribus
1441 4414 1587 4500 imponit,

835 4504 874 4559 2‘2
1520 4523 1591 4586 ipso
