3712 4850
309 294 373 359 194
435 269 449 302 ⁵
661 293 751 359 Pane.
776 290 802 359 Ι.
825 241 1032 358 1110111110
1056 291 1159 359 Pone.
1182 289 1274 358 Ecca.
1298 288 1363 355 Ina
1389 289 1414 357 1.

308 501 381 546 cum
393 478 564 545 autoritate
572 475 852 563 praestandum-⁸
856 479 960 544 XXXI.
969 479 1092 561 Quoest
1100 475 1152 542 An
1157 498 1214 562 per
1219 477 1434 542 voluntariam
1440 475 1624 556 cessionem,
1634 481 1692 542 aut
1701 497 1776 542 oon-

308 567 499 648 ventionem,
527 571 583 632 aut
604 567 848 632 transactionem
873 567 1021 632 universa
1044 565 1189 630 Potestas
1205 565 1428 632 Ecclesiastico
1442 571 1513 632 tum
1528 565 1688 630 libertatis
1706 569 1776 630 tum

306 657 488 722 autoritatis
510 679 547 721 ac
570 655 751 730 directionis
776 677 835 740 pro
846 658 965 722 nunc&
980 676 1105 738 semper
1117 654 1251 720 alienari
1262 677 1299 720 ac
1313 655 1482 721 transferri
1493 655 1594 739 possit
1605 655 1639 718 in
1651 653 1777 740 Papam

304 757 360 812 sen
387 743 592 810 Monarcham
604 744 873 825 Ecclesiasticum,
893 745 995 809 autin
1013 743 1290 828 Arebiepiscopos,
1303 744 1479 828 Episcopus
1492 746 1515 810 dr
1529 743 1693 808 Praelatos
1709 743 1777 808 sire

302 829 466 919 regulares
478 827 559 898 ‘sive
584 833 771 914 saeculares,
795 834 937 919 aliosque
953 832 1194 898 Ecclesiasticos
1212 835 1301 919 (quos
1317 832 1476 898 Pontificii
1489 833 1707 918 gubernantes
1720 853 1776 898 ro-

302 924 400 1005 cant),
424 925 480 986 aut
494 922 528 986 in
540 919 735 987 Monasteria
750 921 1183 1007 canonicorumregularium
1195 921 1381 1006 Augustini,
1394 919 1573 1000 Nortberti,
1585 920 1648 996 bc,
1665 927 1724 986 aut
1742 921 1777 984 in

303 1009 451 1095 Capitula
475 1010 706 1076 cathedralium
718 1013 741 1076 d
753 1010 891 1075 aliarum
905 1010 1147 1095 collegiatarum
1159 1009 1387 1089 Ecclesiarum,
1400 1014 1456 1074 aut
1468 1009 1501 1074 in
1514 1014 1603 1095 [pag.
1617 1009 1701 1095 232]
1714 1008 1777 1074 Su-

268 1105 273 1116 '
301 1099 570 1184 perintendentes,
594 1103 650 1163 a'ut
677 1098 862 1183 Principum
875 1098 1118 1165 Ooncionatores
1131 1099 1260 1178 aulicos,
1277 1121 1426 1164 eorumve
1439 1097 1655 1178 Consiliarios,
1669 1102 1728 1163 ant
1743 1098 1776 1162 in

302 1189 388 1272 ipsos
401 1186 518 1273 Reges,
531 1187 704 1271 Principes,
719 1186 964 1273 &Magistratus
978 1187 1080 1252 autin
1092 1188 1189 1272 vulgi>
1204 1187 1304 1252 dictos
1317 1191 1490 1273 patronos?
1507 1187 1597 1270 Resp.
1608 1189 1682 1273 Nep.
1694 1185 1778 1262 Quia

301 1277 376 1366 talis
389 1276 534 1342 Potestas
547 1279 570 1343 dr
581 1276 646 1341 tale
658 1274 875 1342 Ministerium
887 1279 910 1342 b
922 1275 1080 1362 Regimen
1091 1275 1351 1342 Ecclesiasticum
1366 1281 1451 1342 esset
1462 1279 1608 1342 creatura
1619 1277 1775 1356 humana,

302 1365 415 1450 &juris
427 1367 514 1431 mere
526 1365 678 1429 humani:
693 1366 810 1450 quippe
823 1365 908 1450 quod
920 1365 1107 1429 fundaretur
1117 1365 1150 1428 in
1167 1368 1332 1430 contractu
1344 1365 1554 1448 humanoper
1566 1365 1619 1448 jus
1631 1365 1778 1429 divinum

303 1454 433 1518 minime
449 1454 635 1538 approbato.
652 1452 674 1518 J
676 1476 728 1518 am
743 1458 817 1519 verb
830 1475 919 1518 saera
932 1452 1093 1518 Ecclesiae
1108 1452 1227 1517 Politia
1239 1476 1311 1518 cum
1323 1453 1365 1518 sit
1373 1455 1455 1538 juris
1467 1453 1577 1532 divini,
1590 1476 1654 1518 non
1670 1458 1778 1538 potest

204 1603 212 1616 ,
303 1542 404 1628 redigi
429 1543 606 1609 &revocari
617 1542 719 1626 adjus
731 1542 924 1611 humanum:
941 1541 1003 1606 nisi
1015 1541 1120 1607 Deum
1131 1542 1265 1622 bomini,
1278 1543 1386 1608 divina
1398 1542 1558 1622 humanis,
1570 1543 1722 1607 coelestia
1738 1565 1774 1608 ac

303 1630 483 1717 spiritualia
506 1631 640 1696 terrenis
663 1633 686 1698 b
712 1629 858 1705 βιωτικοῖς
881 1631 1036 1715 subjicere
1050 1634 1106 1695 aut
1122 1630 1255 1696 miscere
1267 1631 1414 1697 velimus.
1427 1630 1572 1696 Defa'oto
1585 1635 1774 1714 praetensae

303 1719 454 1786 cessionis
468 1724 524 1784 aut
535 1719 761 1799 conventionis,
779 1719 854 1805 qnid
867 1719 920 1800 sit,
933 1741 1029 1804 supra
1041 1719 1173 1784 verbulo
1186 1719 1442 1804 perstrinximus.
1458 1718 1619 1805 Quidquid
1635 1724 1696 1798 est,
1709 1721 1775 1786 sal·

195 1809 196 1814 ’
304 1813 371 1874 tom
382 1808 457 1873 hinc
464 1809 518 1892 jus
530 1809 655 1873 nullum
666 1808 777 1872 inferri
790 1811 912 1892 petest:
926 1829 1029 1894 neque
1043 1808 1127 1872 eninr
1139 1807 1202 1874 ista
1215 1809 1432 1892 spiritualium
1444 1831 1552 1874 rerum
1560 1809 1775 1892 monopolis&

304 1897 546 1962 nondinaticnes
569 1896 657 1962 Dens
668 1918 810 1983 unquam
822 1896 979 1981 probavit.
993 1895 1078 1961 Hinc
1089 1897 1218 1977 corruit,
1231 1896 1386 1983 quidquid
1398 1919 1455 1982 pro
1468 1895 1623 1983 Regaliis,
1636 1895 1775 1964 Investi-

303 1985 396 2064 turis,
420 1984 649 2066 Electionibus,
676 1985 902 2050 Patronatibus
929 1983 1163 2069 Imperatorum
1182 1983 1353 2072 &Regum
1366 1985 1567 2051 exhumanis
1580 1986 1773 2072 quibusdam

305 2074 518 2140 contractibus
531 2079 587 2140 aut
598 2073 867 2140 transactionibus
878 2073 963 2139 inter
974 2073 1095 2158 ipsos&
1111 2073 1216 2158 Papas
1231 2079 1287 2138 aut
1299 2074 1473 2159 Episcopus
1486 2075 1563 2140 olim
1575 2074 1663 2139 initis
1680 2098 1775 2160 prae-

305 2161 392 2228 tendi
405 2162 503 2228 solet:
513 2161 629 2228 Gonfer
640 2185 737 2248 snpra
751 2163 874 2245 Quaeri.
894 2163 945 2228 14.
962 2162 985 2226 tr
999 2163 1049 2226 15.
1063 2162 1119 2227 ubi
1132 2163 1335 2246 probavimus
1347 2163 1469 2227 nullam
1483 2168 1608 2248 partem
1623 2163 1773 2229 Potesta-

306 2250 348 2316 tis
371 2250 613 2316 Ecclesiasticae
636 2270 727 2336 posse
751 2251 901 2316 alienari:
928 2249 1056 2316 Nedum
1080 2273 1167 2336 ergo,
1180 2256 1216 2316 ut
1227 2256 1305 2316 tota.
1319 2250 1483 2317 Addamus
1495 2255 1776 2338 argumentumad

305 2339 484 2405 hominem:
508 2340 592 2405 bona
616 2339 839 2406 Ecclesiastica
866 2339 1000 2405 alienari
1011 2362 1075 2404 non
1086 2343 1229 2424 possunt,
1243 2341 1319 2426 quia
1330 2346 1406 2405 sunt
1413 2341 1495 2425 juris
1507 2340 1617 2421 divini,
1629 2345 1666 2406 ut
1679 2342 1772 2408 docet
1804 2339 1828 2368 '

306 2450 476 2494 consensus
489 2428 725 2514 Theologorum
737 2428 789 2496 &J
792 2429 1073 2494 urisconsultorum
1084 2433 1152 2493 tam
1164 2429 1417 2494 Protestantinm
1426 2451 1522 2518 quam
1530 2429 1775 2496 Pontificiornm

307 2540 386 2604 quos
410 2517 488 2583 alibi
510 2518 702 2583 indicamus:
716 2519 817 2582 multo
829 2517 935 2582 minus
947 2516 1093 2582 Potestas
1105 2516 1339 2583 Ecclesiastiea.
1351 2517 1421 2584 Hoc
1433 2523 1622 2604 argumento
1638 2519 1777 2605 urgendi

307 2607 335 2672 si
358 2606 415 2692 qui
426 2606 553 2671 Politiei
566 2611 622 2672 aut
637 2605 659 2671 J
661 2606 863 2672 uriacensulti
876 2610 1090 2691 protestantes
1101 2603 1346 2692 Magistratibus
1359 2607 1526 2672 videantur
1541 2629 1665 2672 sacram
1677 2607 1776 2673 Pote-

307 2699 424 2760 statem
432 2695 584 2762 tribuere.
598 2695 662 2760 Eos
673 2699 791 2776 tamen,
800 2696 828 2760 si
840 2696 886 2760 ita
897 2695 1097 2772 velintbene
1105 2695 1257 2780 explicari
1268 2697 1292 2762 b
1304 2718 1375 2760 cnm
1388 2697 1546 2761 sententia
1557 2695 1776 2762 Ecclesiarnm

306 2788 488 2850 nostrarum
507 2784 669 2850 conciliari
689 2806 780 2869 posse
800 2785 926 2850 docebit
947 2805 1082 2869 sequens
1105 2784 1280 2868 problema.
1295 2823 1335 2832 -
1356 2782 1480 2851 XXXII.
1497 2783 1622 2864 Quaeri.
1635 2785 1690 2850 An
1703 2785 1776 2851 vul-

268 2951 277 2968 ,
307 2878 349 2959 gb
361 2876 445 2939 reete
458 2874 581 2939 dicatur
593 2873 633 2938 ab
645 2872 695 2953 iis,
709 2874 764 2959 qui
776 2871 1020 2956 imperatorum,
1032 2871 1170 2957 Regum,
1180 2872 1778 2960 Principum&Magistratuumrefor-

307 2966 467 3028 matorum
489 2961 511 3027 J
514 2985 570 3027 ura
594 2985 631 3027 aa
646 2961 843 3027 Potestatem
855 2965 964 3027 eontra
979 2961 1201 3045 usurpationes
1217 2961 1324 3046 Papae
1337 2964 1360 3028 tr
1373 2961 1607 3046 Episcopomm
1622 2967 1776 3040 tuentur;

308 3051 480 3116 succedere
490 3052 564 3116 illos
577 3051 610 3115 in
623 3051 820 3116 Potestatem
831 3049 1109 3134 Episcoporum,b
1124 3050 1223 3120 tribui
1235 3050 1300 3115 illis
1312 3051 1398 3136 quod
1414 3055 1487 3116 ante
1502 3053 1777 3134 reformationem,

308 3143 364 3204 aut
386 3139 484 3204 etiam
506 3140 601 3205 bodie
625 3140 658 3203 in
681 3140 827 3223 partibus
840 3138 1029 3204 Germaniae
1043 3139 1186 3204 nondum
1199 3137 1379 3204 reformatis
1391 3139 1491 3205 tribui
1503 3140 1584 3205 solet
1595 3141 1777 3226 Episcopis.

228 3242 236 3249 ·
307 3226 486 3293 Videantur
508 3230 666 3294 Arusianus
678 3230 711 3292 iu
724 3231 880 3295 Discursu
895 3229 932 3294 de
946 3231 1020 3294 Iure
1030 3227 1163 3312 publico,
1184 3229 1319 3293 Martias
1331 3228 1482 3312 Stephani
1493 3229 1531 3295 de
1544 3230 1777 3311 Juusdietioue,

311 3317 503 3402 Cerpzeuius
515 3319 552 3384 de
563 3319 625 3402 tege
636 3319 733 3402 nepio
747 3319 989 3396 Germanorum,
1002 3317 1241 3398 Lubeuttatius,
1256 3317 1388 3402 Kiiuipt,
1398 3319 1513 3404 aliique
1520 3319 1596 3384 JCC.
1606 3319 1778 3403 &Scripto-

182 3475 193 3498 1
309 3427 358 3471 res
384 3407 506 3472 Petitiei
527 3408 688 3484 Germani,
708 3411 727 3471 a
746 3406 838 3471 modo
854 3407 946 3472 dietis
962 3406 1063 3481 citati,
1079 3407 1358 3471 Obruiusiutruet.
1375 3407 1412 3471 de
1427 3407 1699 3492 JureEpisoepoti,
1715 3409 1780 3473 Mi·

309 3495 393 3560 chael
412 3496 639 3561 Heuemuurrus
658 3497 694 3560 iu
705 3496 806 3561 Helice
817 3495 1019 3574 tierotaeried,
1037 3516 1091 3560 seu
1103 3495 1234 3560 Dissert.
1249 3495 1553 3581 suceptae-perium
1564 3497 1687 3562 delere
1698 3497 1778 3580 Epi-

309 3585 427 3668 seopali
438 3606 520 3649 anno
530 3583 626 3649 1645.
633 3605 706 3670 pap.
719 3585 792 3648 129.
813 3584 958 3668 inprimis
968 3605 1040 3669 pop.
1056 3584 1207 3648 56.-64.
1218 3623 1259 3632 -
1268 3585 1359 3667 Hesp.
1373 3583 1453 3650 Cum
1465 3585 1667 3650 distinetione
1678 3586 1780 3651 verba

310 3693 420 3737 eorum
444 3674 634 3758 accipienda.
652 3671 720 3738 Aut
735 3673 820 3738 enim
832 3674 869 3737 de
882 3672 968 3737 facto
980 3672 1156 3758 loquuntur
1167 3676 1222 3738 aut
1234 3673 1272 3737 de
1284 3673 1367 3757 jure.
1384 3671 1419 3736 Si
1431 3673 1520 3752 illud,
1533 3673 1662 3738 veritati
1672 3673 1780 3750 bisto-

310 3760 394 3826 rieae
410 3762 484 3826 nolo
495 3761 662 3847 refragari.
676 3760 733 3826 Sin
744 3761 846 3838 istud;
865 3765 921 3826 aut
932 3763 970 3826 de
983 3762 1069 3826 omni
1082 3761 1244 3826 Potestate
1256 3759 1487 3846 Episcoporum
1500 3762 1639 3847 intelligi
1652 3763 1780 3846 volunt,

311 3849 534 3916 Ecclesiastied
545 3850 612 3916 scil.
625 3849 751 3916 interna
762 3853 786 3917 b
797 3853 943 3915 externi:
957 3852 1013 3915 aut
1024 3854 1150 3915 tantum
1162 3851 1200 3915 de
1213 3854 1343 3915 extarna
1355 3849 1436 3916 circa
1448 3850 1681 3932 Ecclesiastiea,
1694 3873 1724 3937 qr
1756 3875 1782 3918 ie

311 3959 385 4022 pars
413 3943 462 4004 est
477 3939 650 4004 Potestatis
663 3939 811 4024 politicae
824 3938 1003 4004 formaliter
1013 3938 1060 4004 ita
1073 3938 1187 4004 dietae.
1199 3937 1234 4003 Si
1245 3938 1421 4022 posterius;
1435 3939 1500 4004 illis
1512 3939 1684 4006 assentior:
1701 3962 1720 4003 r
1756 3945 1785 4006 ia

312 4029 415 4092 cessat
438 4026 471 4091 in
494 4027 588 4094 tetris
607 4027 860 4099 Protestantium
871 4027 1008 4093 Politice
1020 4026 1167 4092 Potestas
1179 4027 1420 4112 Episcoporum.
1433 4025 1488 4093 Sin
1499 4030 1603 4114 prius,
1616 4029 1708 4116 (quoe
1756 4052 1783 4096 r-

311 4136 385 4180 euera
406 4135 473 4182 uere
494 4117 647 4203 arbitror)
663 4117 810 4182 assentiri
824 4139 888 4191 non
899 4120 1033 4200 possunt
1044 4115 1440 4182 EcclesiaeReformatae:
1454 4118 1530 4204 quia
1541 4123 1701 4204 repugnat
1709 4119 1728 4203 j*
1756 4121 1784 4184 ri

313 4203 427 4283 dirino,
448 4208 484 4269 nt
503 4204 699 4271 Potestatem
719 4205 979 4288 saeraminjustis
993 4205 1083 4292 [pag.
1101 4205 1182 4291 233]
1195 4206 1429 4288 possessoribus
1445 4211 1587 4290 ereptam
1602 4207 1671 4291 ipse
1682 4206 1724 4271 Pr
1756 4233 1785 4274 ι-

313 4314 386 4376 ceps
398 4293 460 4358 sibi
472 4293 620 4360 vindicet.
644 4294 747 4359 Erant
759 4299 866 4359 autem
878 4293 1030 4377 Episcopi
1043 4293 1153 4377 injusti
1165 4316 1363 4378 possessores
1374 4317 1381 4372 ;
1396 4294 1472 4379 qnia
1480 4296 1600 4380 purtim
1608 4293 1732 4381 rapiebs
1756 4305 1785 4364 rt

312 4381 375 4445 sibi
396 4383 420 4448 tr
438 4383 637 4466 usurpabant
653 4381 862 4463 Potestatem,
879 4403 961 4467 quae
974 4385 1043 4447 erat
1054 4382 1294 4448 communitatis
1307 4385 1331 4452 1
1342 4381 1662 4450 011111111Ἑ11111111
1678 4383 1736 4451 Mn
1756 4388 1785 4452 i-

1621 4479 1736 4542 strorru
1756 4499 1785 4544 r:
