3668 4856
244 278 247 284 Ι
292 304 356 367 364
555 341 557 346 -
587 301 671 366 Pras
695 299 754 368 ΙΙΙ.
779 301 827 365 Da
851 299 1007 364 Reornms
1030 299 1122 364 Ecca.
1147 320 1180 362 rs
1204 321 1328 364 enasse.
1352 297 1418 362 Lis.
1443 296 1469 362 l.

290 488 421 553 nomina
444 488 574 551 inducta
598 509 718 565 eorum,
746 508 825 566 quos
847 485 1009 569 praefecto
1024 484 1158 550 militari
1171 506 1281 548 aurem
1292 483 1386 548 facile
1400 483 1601 567 praebituros
1614 483 1638 550 fs
1653 505 1754 548 scenae
1830 565 1831 568 Ἴ

290 571 832 642 Remonstrantieo·Barneveldicae
843 574 938 638 facile
951 573 1184 638 subservituros
1197 572 1754 656 suspicabatur,tduosubstuutaex

291 665 464 749 superioris
488 665 564 728 anni
586 663 735 742 scabinis,
758 685 838 747 quos
854 662 985 726 minime
1001 684 1107 727 cereos
1119 661 1153 726 in
1164 659 1512 726 Remonstrantismum
1523 660 1610 726 flecti
1622 667 1752 726 noverat.
1829 685 1831 700 2

291 752 422 837 Septem
445 751 566 818 scabini
589 754 622 816 in
635 751 755 816 curiam
770 751 864 816 acciti
876 753 899 816 tr
911 773 998 824 mare
1011 750 1104 814 solito
1118 752 1191 833 post
1206 749 1396 833 praestitum
1404 750 1623 832 juramentum
1640 751 1754 814 inthra·
1829 761 1831 818 ἶ

290 842 390 906 nizeti
412 841 589 926 potioribus
613 840 777 924 suffragiis
789 843 855 904 tres
871 839 1015 904 eonsules
1031 835 1278 917 constituebant,
1300 837 1446 902 adhibita
1461 837 1521 902 hie
1536 839 1754 915 moderatione,

291 934 330 994 ut
356 930 389 994 in
404 931 544 1014 primum
560 931 583 994 t
606 928 738 992 tertium
751 928 914 993 consulem
931 927 1087 1012 eligerent
1099 949 1161 1004 eos,
1175 927 1229 1011 qui
1243 926 1384 991 consiliis
1396 926 1550 1010 praefecti
1566 927 1754 1004 militaria&
1829 967 1831 1014 3

291 1019 395 1084 dictae
418 1040 531 1083 scenae
546 1017 701 1081 haetenus
714 1017 932 1082 inservierant.
956 1014 1005 1080 De
1017 1015 1077 1079 hac
1089 1013 1489 1098 mutationehlagistrstus
1505 1017 1633 1082 Gratias
1645 1039 1682 1082 ea
1693 1016 1755 1080 Ha·
1830 1037 1831 1042 ¹

291 1125 352 1192 gae
375 1106 545 1183 referebat,
563 1104 778 1188 &praefectus
791 1103 940 1168 militaris
953 1104 1104 1168 advocato
1119 1103 1416 1170 Oldenlruraeveldia
1428 1104 1538 1168 aliisve
1551 1104 1584 1168 iu
1597 1109 1691 1170 scant
1699 1107 1755 1172 lla·
1829 1129 1831 1170 z

292 1195 363 1260 sciis
386 1218 444 1279 per
464 1195 650 1279 epistolas&
666 1194 795 1257 nuntios
807 1194 918 1258 eadem
930 1197 986 1256 aut
998 1192 1117 1256 similia
1127 1192 1307 1270 nuntiabat,
1321 1214 1403 1274 quae
1418 1194 1545 1258 Grotius
1556 1193 1619 1258 fide
1632 1195 1756 1258 minimi
1829 1205 1831 1234 ³

290 1283 443 1348 historica
455 1282 658 1368 Apologetiai
674 1283 724 1346 sui
736 1281 875 1366 paginae
889 1282 962 1344 173.
980 1280 1092 1344 illevit.
1106 1278 1197 1356 Quod
1211 1281 1276 1344 viro
1289 1281 1338 1344 illi
1351 1279 1493 1364 alioquin
1505 1281 1755 1366 ingeniosissima
1830 1357 1831 1360 Ἴ

291 1372 315 1437 h
339 1372 554 1437 eruditissimo
570 1372 602 1434 in
616 1369 837 1454 personalibus
849 1391 886 1434 aa
901 1369 995 1440 factis
1008 1369 1163 1453 dictisque
1175 1369 1423 1453 particularibus
1435 1368 1610 1435 referendis
1624 1372 1756 1455 (quoties

291 1460 464 1546 hypothesi
486 1460 588 1543 ipsius
615 1459 648 1522 id
671 1458 824 1522 inservire
848 1457 954 1541 putat)
977 1480 1041 1522 non
1064 1457 1249 1542 infrequens
1273 1479 1352 1536 esse,
1368 1461 1532 1522 ostensum
1548 1462 1597 1524 est
1608 1459 1651 1524 ab
1664 1461 1758 1543 ipsius
1829 1497 1831 1536 f

291 1550 515 1633 Antayaaistis,
532 1548 693 1626 tetberto,
709 1549 941 1630 Bayarmuaaa,
958 1547 1118 1631 Sopiayia,
1132 1547 1275 1625 Maresio,
1289 1547 1403 1624 Hiceta,
1415 1547 1525 1612 locata
1536 1549 1722 1624 Lucretiam
1736 1549 1756 1611 t
1829 1559 1831 1626 ζ

292 1638 430 1722 amplius
453 1637 577 1702 ostendi
603 1640 713 1719 posset
727 1636 761 1699 in
777 1636 860 1700 dicto
876 1634 1097 1719 ApologeticO,
1111 1634 1166 1698 ubi
1178 1634 1387 1718 particulares
1399 1657 1511 1700 causas
1524 1638 1547 1702 b
1558 1637 1690 1722 negotia
1700 1636 1757 1702 Ila·

292 1725 470 1791 clesiastica
486 1724 628 1810 attingit.
1422 1777 1426 1784 .
1829 1723 1831 1726 ’

302 1872 304 1876 .
336 1813 433 1879 Forte
458 1837 496 1877 ex
519 1813 649 1897 propria
671 1812 900 1896 imaginatione
925 1811 1080 1896 ejusmodi
1103 1811 1353 1886 interspersum
1366 1811 1554 1888 fabricabat,
1568 1814 1624 1878 sed
1638 1815 1678 1878 ab
1691 1814 1758 1878 aliis

292 1899 401 1977 δωρεὰν
426 1902 488 1966 sibi
515 1901 633 1966 tradita
657 1901 766 1964 eodem
790 1901 912 1984 praetia
925 1901 1076 1964 vendidit.
1089 1899 1191 1964 Dolus
1205 1923 1245 1963 an
1257 1900 1358 1964 virtus
1371 1899 1442 1984 quis
1459 1900 1491 1964 in
1504 1901 1597 1966 hoste
1610 1901 1758 1986 requirat.
1829 1937 1831 1972 ÷

291 1987 338 2054 Ut
344 1990 412 2072 jam
424 2013 488 2054 non
500 1990 613 2068 dicam,
627 1988 927 2053 Remanstrantibus
941 1990 1029 2073 [pag.
1046 1987 1139 2074 271.]
1153 1987 1343 2070 quibusdam
1354 2011 1448 2053 usum
1461 1991 1662 2074 quarundam
1674 2014 1759 2056 meu·
1829 1989 1831 2000 ²

291 2077 453 2142 daciarum
481 2079 627 2160 probari:
641 2081 672 2144 ,s
684 2099 747 2162 quo
762 2077 907 2143 Gratiam
917 2100 981 2140 non
994 2079 1040 2141 ita
1052 2077 1234 2154 abhorrere,
1248 2077 1465 2160 deprehendes
1479 2101 1517 2142 ex
1529 2078 1581 2143 tit.
1595 2080 1627 2142 3.
1641 2080 1679 2144 de
1690 2081 1760 2146 lure

290 2167 379 2248 pacis
402 2165 432 2232 e
454 2167 523 2231 tetta·
547 2189 612 2250 capa.
644 2167 794 2250 l.Atque
810 2165 965 2230 hactenus
977 2163 1139 2230 occasione
1151 2165 1312 2229 doctrinae
1325 2165 1362 2230 de
1379 2166 1518 2250 synodis,
1531 2167 1637 2231 visum
1649 2167 1759 2232 fuitad
1829 2221 1831 2224 .

292 2253 400 2338 aliqua
423 2276 481 2338 pro
508 2255 690 2319 defensione
717 2254 828 2337 synodi
840 2253 1061 2323 Dardracenae
1075 2254 1318 2337 perstringenda
1333 2254 1506 2320 divertere:
1520 2255 1670 2339 pluribus
1682 2257 1761 2320 farte

291 2342 352 2406 hae
364 2344 521 2426 agendum
535 2343 606 2420 erit,
619 2343 676 2406 ubi
687 2342 797 2407 datum
809 2342 907 2406 fuerit
918 2344 1024 2427 legere
1037 2343 1193 2421 libellum,
1206 2364 1302 2428 quem
1313 2342 1494 2426 nuperrime
1504 2344 1661 2426 prodiisse
1670 2345 1760 2410 audio
1830 2359 1831 2374 ¹

291 2431 325 2494 in
340 2431 452 2514 synodi
469 2432 689 2496 Dordraeenae
702 2431 947 2514 depressionem.

338 2605 420 2682 Quia
444 2607 621 2672 Concilium
649 2607 825 2672 Tridentis.
854 2629 981 2690 proram
998 2609 1168 2691 &puppim
1179 2607 1323 2690 Papismi
1334 2631 1419 2672 nunc
1431 2607 1518 2688 facit,
1533 2609 1619 2674 nihil
1635 2611 1762 2675 absurdi

210 2695 215 2704 '
292 2717 350 2761 nos
366 2697 589 2761 commissuros
602 2696 805 2772 arbitramur,
823 2696 849 2759 si
862 2696 980 2779 scripta
992 2697 1032 2760 ad
1043 2697 1123 2760 illud
1135 2697 1329 2780 pertinentia
1344 2697 1398 2761 hic
1409 2697 1595 2762 indicemus.

335 2782 362 2848 I.
393 2784 529 2849 Decreta
554 2783 687 2848 Concilii
699 2783 879 2847 Tridentini
892 2807 986 2866 saepe
998 2785 1093 2849 edita.
1106 2785 1169 2849 Sed
1181 2783 1334 2849 editiones
1347 2785 1549 2862 recentiores,
1564 2788 1672 2871 qualis
1685 2788 1764 2852 Ant·

292 2872 455 2956 werpiana
467 2873 552 2956 apud
563 2873 737 2937 lateranam
751 2872 924 2938 Meus-siuet
940 2874 1033 2937 1633.
1047 2874 1081 2936 in
1094 2876 1125 2938 8.
1138 2873 1249 2937 usibus
1262 2877 1442 2938 nostrorum
1454 2875 1561 2956 potius
1573 2876 1762 2940 inservient:

291 2961 415 3025 additas
438 2961 523 3024 enim
552 2961 672 3024 habeut
688 2961 916 3024 declarationes
933 2961 1160 3037 Cardinalium
1173 2962 1341 3026 citationes
1357 2962 1483 3028 Satealli
1493 2964 1517 3029 81
1528 2965 1629 3042 Lucii,
1642 2965 1763 3031 Recis-

291 3051 393 3113 aiaacs
416 3049 587 3134 Aupustiai
610 3049 777 3128 Baeterrae,
790 3050 964 3114 alditiones
976 3051 1174 3115 Baltlraearis
1189 3050 1341 3129 Andreae,
1355 3052 1458 3115 varias
1471 3051 1647 3116 decisiones
1659 3051 1762 3116 Rotae

291 3135 465 3214 Romanae,
479 3136 619 3201 Iudicem
635 3138 790 3201 librorum
806 3138 1053 3220 prohibitorum.

337 3224 378 3288 ΙΙ.
403 3227 576 3290 Innocenti
602 3227 744 3292 Geratilcti
766 3225 929 3290 Historiae
952 3227 1065 3291 relatio
1088 3224 1267 3291 &Nullitas
1279 3225 1413 3292 Consilii
1425 3225 1607 3292 Tridentini
1619 3253 1648 3294 a.
1666 3227 1762 3294 1556.

292 3312 395 3388 Quam
411 3313 593 3399 Ambergae
606 3314 714 3379 recudi
726 3314 848 3378 curavit
863 3315 967 3380 tonet.
986 3317 1130 3392 Ursinus,
1143 3337 1227 3378 anno
1241 3315 1337 3378 1615.
1354 3316 1440 3399 apud
1448 3315 1515 3381 toa.
1525 3317 1763 3402 Salmascldium
1830 3383 1831 3386 ,

290 3402 324 3465 in
349 3402 378 3465 8.
406 3402 528 3467 Eadem
554 3402 707 3468 historica
730 3402 843 3467 relatio
859 3403 881 3466 ta
897 3402 1041 3468 Nullitas
1057 3404 1097 3467 ab
1111 3403 1290 3469 latescentia
1303 3405 1452 3470 (lentileio
1465 3403 1588 3470 Gallice
1601 3405 1690 3470 edita
1701 3405 1764 3470 fnit
1830 3483 1831 3492 ἵ

291 3513 374 3554 anno
401 3491 496 3556 1586.
521 3493 544 3558 tr
567 3490 650 3576 Regi
673 3490 859 3556 Navarrena
883 3493 1017 3557 Hernica
1040 3493 1081 3557 II.
1106 3492 1518 3572 dedicata,tit.LeBureau
1530 3493 1576 3559 du
1591 3493 1764 3562 601111εά1
1829 3499 1831 3580 J

296 3579 449 3644 Trideate.
1829 3601 1831 3614 ¹

336 3665 395 3732 Ill.
419 3667 573 3751 Exceptio
588 3673 699 3733 contra
710 3667 888 3732 Concilium
901 3666 1124 3734 Tridentinum
1136 3669 1265 3733 nomine
1277 3667 1462 3754 Principum
1474 3661 1763 3736 Protestantinmd
1829 3659 1831 3722 f

290 3753 463 3841 Theologis
488 3759 511 3822 tt
534 3755 766 3822 iureconsultis
783 3779 893 3822 eorum
904 3757 945 3821 ad
957 3758 989 3822 id
1001 3757 1161 3840 deputatis
1174 3756 1361 3822 Germanice
1374 3759 1552 3842 conscripta
1569 3760 1612 3825 tit.
1626 3759 1764 3848 trottae
1830 3827 1831 3834 χ

290 3843 750 3932 suprannominatas.
767 3845 859 3908 1564.
874 3845 950 3909 int.
1830 3855 1831 3920 ,

336 3930 394 3996 IV.
420 3932 570 4012 Nomina,
583 3933 781 4019 cognomina,
794 3933 909 4016 patria,
921 3933 1093 4018 dignitates
1105 3935 1155 3999 tac.
1169 3933 1333 4000 illustriss.
1351 3933 1607 4002 &Reverendiss
1620 3959 1650 4020 p.
1746 3961 1763 4013 r,
1829 3941 1831 3962 ⁴

291 4019 346 4102 qui
369 4026 584 4086 convenerunt
606 4024 646 4086 ad
671 4021 789 4086 Concil.
813 4021 955 4088 Trident.
984 4021 1105 4098 Quibus
1136 4023 1650 4109 accesseruntorationesLegata¹
1746 4047 1762 4087 a
1829 4055 1831 4072 .

291 4105 431 4172 Concilio
443 4108 531 4173 Trid.
545 4111 676 4175 diversis
688 4111 885 4192 temporibus
898 4110 1038 4175 habitae.
1052 4110 1154 4175 Paris.
1168 4112 1263 4176 1663.
1279 4111 1313 4174 in
1326 4113 1356 4176 8.

335 4195 376 4260 V.
396 4198 500 4262 Caroli
516 4200 643 4263 Maliaci
653 4198 684 4263 J.
699 4197 732 4262 0.
746 4198 886 4262 Consilia
898 4200 960 4263 duo
976 4201 1003 4264 l.
1017 4198 1120 4282 Super
1131 4199 1216 4264 faeta
1229 4200 1361 4265 Caecilii
1374 4199 1555 4264 Tridentini
1567 4223 1650 4265 anno
1666 4239 1694 4265 r.
1746 4205 1764 4266 1.

291 4285 323 4348 2.
336 4281 438 4368 Super
450 4289 621 4350 commodis
633 4287 683 4351 vel
695 4286 900 4351 incommodis
912 4309 1012 4352 novae
1026 4293 1140 4366 sectae,
1154 4311 1210 4352 seu
1222 4288 1365 4354 factitiae
1377 4288 1543 4374 religionis
1551 4288 1572 4353 J
1574 4289 1694 4355 esnitnr
1746 4313 1763 4354 ι.

291 4369 379 4446 Quae
394 4373 534 4456 primum
546 4397 671 4454 excusa,
685 4379 741 4438 aut
753 4398 863 4440 recusa
876 4375 1007 4440 fuerunt
1019 4398 1101 4440 anno
1116 4377 1212 4440 1606.
1225 4377 1258 4440 in
1271 4377 1301 4442 8.

1746 4465 1762 4528 l.
