3722 4850
316 278 427 342 Tmen.
440 276 482 344 Η.
507 277 700 356 DsPaac1a.‚
714 277 888 356 Bassareu,
902 278 1059 344 Doronoo.
1072 279 1165 344 Ecca.
1190 247 1260 344 Car.
1272 279 1331 346 III.
1505 281 1543 345 71
1593 378 1595 380 ¹

92 469 269 541 strumenta,
295 462 394 528 habet
405 463 458 529 hic
473 467 589 528 textus.
603 463 701 528 Nulla
715 464 799 528 enirn
812 435 1053 547 cousequentia:
1068 464 1172 530 David
1187 471 1291 546 uerat,
1307 470 1330 534 tr
1347 467 1470 532 solebat
1485 468 1545 531 ali·
1662 455 1666 464 ¹

93 553 204 634 quando
231 552 336 616 Deum
363 553 491 617 laudare
515 551 667 617 adhibitis
691 552 928 618 instrumentis:
950 553 1200 638 ergohicetiam
1213 555 1413 638 subirtelligi
1429 557 1546 620 debent

92 641 302 706 histrumenta.
326 640 558 724 Consequentia
581 641 660 712 haec
683 641 797 706 nititur
819 641 882 706 ista
906 641 1077 725 hypothesi
1102 666 1158 708 seu
1176 645 1349 727 postulato:
1367 643 1467 709 Nulla
1482 645 1546 709 fuit

15 755 16 782 i
93 752 138 793 nec
160 752 229 794 esse
254 729 363 794 debuit
385 730 552 812 doxologia
575 730 707 794 Davidis
727 730 855 814 publica
867 734 922 794 aut
938 731 1074 814 privata,
1088 731 1156 796 sine
1167 731 1397 798 instrumentis.
1410 731 1473 797 Sed
1485 733 1545 798 hoc
1679 777 1683 786 ·

15 845 16 868 ι
92 819 267 904 neutiquam
279 818 476 902 probabitur.
495 819 606 895 Tertio,
618 817 712 895 Dato,
725 841 788 882 non
800 841 947 883 concesso
959 819 1011 884 hic
1024 823 1147 884 exserte
1158 823 1352 887 mentionem
1365 821 1463 886 fuisse
1476 822 1543 886 fac·

92 911 145 970 tarn
168 907 357 992 doxologice
380 929 435 990 per
458 906 688 982 iustrumenta3
713 910 736 973 b
759 908 796 972 de
821 906 948 972 Christo
965 929 1001 972 ac
1016 910 1134 992 populo
1147 911 1214 992 ejus
1227 910 1261 974 in
1272 909 1314 975 N.
1328 910 1366 975 T.
1391 909 1456 975 tale
1469 911 1546 996 quid

15 1063 16 1068 .
90 995 236 1078 praedici:
249 996 309 1060 hoc
322 999 429 1060 tamen
442 996 561 1080 tropice
573 996 790 1080 accipiendum
803 999 887 1060 esset
900 995 1067 1081 desumptis
1078 998 1265 1081 metaphort
1279 1003 1297 1064 e
1309 1000 1397 1064 cultu
1409 999 1476 1064 veri
1484 998 1545 1064 Dei

15 1077 16 1160 1
91 1084 117 1146 13
131 1083 168 1148 V.
181 1083 220 1148 T.
234 1085 290 1170 qui
300 1085 511 1168 metonymice
524 1087 546 1151 tr
558 1084 782 1168 synecdochice
794 1084 1017 1150 denominatur
1030 1085 1210 1168 aliquando,
1227 1089 1267 1152 ab
1282 1092 1355 1153 actu
1371 1088 1480 1173 aliquo
1492 1111 1543 1154 re-

15 1179 16 1204 *
91 1172 889 1256 1181631366163163131ὴ1116161131.1.11.1666366.
904 1175 1191 1240 20.21.23.u19.
1206 1175 1256 1240 18.
1272 1177 1322 1240 19.
1338 1177 1545 1242 altilium
1595 1251 1599 1260 ,

15 1311 16 1314 ,
92 1259 344 1327 &rrrruenmtorea
364 1262 659 1346 interpretationem
671 1264 752 1327 hano
766 1261 960 1327 vindicantes
974 1267 1083 1328 contra
1106 1263 1127 1328 J
1130 1265 1254 1330 udaeos.
1272 1263 1435 1340 Quomodo
1448 1266 1544 1332 etiam

91 1350 297 1434 metaphorice
310 1351 523 1416 instrumenta
539 1353 630 1436 Apoc.
647 1352 677 1416 5.
693 1354 716 1417 lc
732 1353 782 1414 11.
795 1351 860 1415 sint
876 1352 1075 1434 explicanda,
1088 1353 1173 1417 infra
1184 1353 1405 1418 indicabimus.
1418 1356 1543 1438 Except.

90 1441 115 1502 4.
137 1439 248 1504 Posset
270 1440 311 1504 ad
333 1438 545 1504 imitationem
568 1439 712 1518 Davidis,
728 1440 762 1504 in
773 1440 834 1504 hec
846 1443 902 1504 aut
914 1440 970 1504 ille
983 1441 1125 1506 Ecclesiae
1136 1440 1178 1506 N.
1192 1441 1242 1522 T,
1255 1443 1292 1506 de
1308 1465 1390 1508 novo
1403 1443 1545 1508 instituti

91 1525 211 1612 Organi,
237 1531 293 1593 aut
317 1528 448 1592 alterius
474 1528 679 1593 instrumenti
702 1551 788 1607 usus,
809 1528 903 1614 idque
916 1529 955 1592 ad
973 1529 1154 1595 excitandos
1171 1531 1325 1610 infirmos,
1338 1537 1394 1596 aut
1406 1531 1545 1596 similem

88 1616 217 1702 aliquem
230 1617 264 1680 in
275 1615 477 1701 finemllcap.
492 1617 612 1684 Primo.
630 1615 744 1696 David,
757 1619 780 1682 u
792 1614 908 1694 Musca,
921 1616 1053 1682 fuerunt
1065 1617 1255 1679 ’θεόπνευστοι
1268 1619 1480 1704 Prophetae&
1494 1621 1544 1685 in-

89 1704 232 1770 fallibiles
256 1704 424 1770 Doctores:
450 1709 484 1769 at
508 1706 587 1770 nulli
611 1705 691 1770 tales
708 1709 782 1770 sunt
798 1705 830 1768 in
843 1704 885 1770 N.
899 1705 948 1785 Τ.,
961 1711 1033 1789 post
1049 1729 1212 1772 excessum
1227 1707 1467 1793 Apostolorum.
1484 1708 1544 1774 Vi-

87 1793 173 1858 deant
196 1816 284 1879 ergo,
305 1793 360 1880 qui
371 1794 431 1858 hoo
443 1794 575 1873 faciunt,
589 1795 677 1879 cujus
690 1794 822 1878 spiritus
834 1793 908 1858 sint.
923 1795 1073 1874 86631313,
1086 1819 1179 1860 nemo
1192 1798 1311 1883 absque
1323 1798 1544 1863 3161113333-

88 1883 163 1961 ζηλίᾳ
181 1887 288 1968 potest
300 1884 482 1966 exemplum
490 1881 620 1948 Doridis
633 1905 717 1947 nunc
732 1883 862 1962 imitari,
876 1884 899 1948 dr
915 1883 1277 1961 36631113ἑπισάγματα
1294 1887 1333 1950 ad
1349 1887 1471 1952 cultum
1483 1885 1544 1950 Dei

16 1993 17 1996 ’
88 1971 219 2036 adferre:
249 1971 325 2058 quia
337 1993 408 2036 cum
421 1972 538 2036 nonsit
552 1971 732 2055 Templum,
750 1994 807 2036 nec
823 1972 996 2057 quidquam
1009 1974 1182 2057 analogum
1198 1971 1342 2058 Templo,
1356 1976 1446 2062 [pag.
1462 1975 1543 2060 569]

87 2082 142 2124 non
167 2065 275 2145 potest
297 2082 364 2124 esse
393 2061 497 2125 cultus
524 2060 583 2125 soli
607 2059 751 2145 Templo,
768 2061 862 2126 &soli
875 2061 978 2125 ordini
989 2059 1129 2126 Levitico
1142 2061 1266 2126 affixus.
1281 2063 1354 2148 Ipso
1371 2065 1455 2128 enim
1467 2067 1544 2147 typo

87 2149 216 2228 sublato,
239 2147 374 2233 Templo
397 2149 464 2214 scil.
490 2149 541 2234 (de
561 2171 623 2235 quo
640 2150 710 2214 vide
723 2149 816 2227 infra,
832 2149 887 2213 ubi
899 2151 937 2214 dc
954 2152 1102 2236 Templis)
1117 2151 1296 2234 sequitur&
1312 2153 1441 2237 propria
1457 2153 1544 2218 illius

86 2235 206 2324 Templi
228 2239 377 2322 adjuncta
397 2261 465 2302 esse
489 2239 630 2314 sublata;
654 2261 727 2302 cum
743 2259 805 2302 nou
822 2239 903 2302 entis
916 2240 1004 2302 nulla
1021 2241 1063 2304 sit
1076 2239 1210 2304 affectio
1224 2238 1315 2306 Haut
1327 2242 1422 2306 aliter
1437 2265 1474 2307 36
1484 2240 1507 2306 J
1510 2265 1544 2306 u·

87 2327 172 2392 daeos
196 2327 421 2406 convincimus,
445 2327 599 2392 sacrificia
623 2350 690 2391 esse
718 2326 855 2405 sublata,
877 2327 952 2412 quia
968 2327 1544 2412 Templum&altaredrsacerdotium

15 2495 17 2502 γ
85 2413 256 2480 Leviticum
268 2419 317 2481 est
328 2416 502 2491 sublatum,
516 2421 585 2480 tum
593 2417 675 2500 jure,
689 2419 758 2480 tum
771 2415 865 2495 facte,
880 2420 1033 2501 tanquam
1046 2421 1235 2502 argumento
1247 2419 1452 2486 irresistibili.
1470 2422 1542 2486 Ter-

15 2517 16 2520 ’
85 2505 130 2584 tio,
153 2505 180 2568 si
204 2505 236 2569 in
261 2505 365 2588 specio
389 2506 535 2588 exempla
557 2504 805 2569 &imitationem
817 2504 922 2569 cultus
934 2505 1053 2588 publici
1067 2506 1099 2569 iu
1112 2504 1153 2572 N.
1171 2505 1209 2571 T.
1222 2508 1313 2572 nobis
1326 2508 1543 2593 proponimus,

83 2615 141 2657 non
163 2593 341 2658 exeundum
365 2597 413 2657 est
430 2594 542 2658 saltem
556 2597 646 2658 extra
657 2593 750 2656 illum
762 2594 894 2672 cultum,
907 2595 962 2679 qui
975 2599 1030 2658 aut
1042 2595 1289 2679 particularibus
1302 2597 1443 2662 coetibus
1456 2599 1478 2663 tu
1491 2620 1544 2681 sy·

15 2733 16 2758 2
85 2683 216 2767 nagogis
240 2687 310 2746 erat
323 2683 480 2766 proprius,
493 2687 549 2746 aut
561 2683 600 2747 iis
613 2705 685 2746 cum
698 2681 832 2765 Templo
847 2684 1032 2748 communis.
1047 2683 1210 2759 Quomodo
1222 2688 1330 2750 autem
1343 2687 1366 2752 b
1379 2707 1543 2771 quousque

83 2771 152 2835 tahs
172 2772 278 2836 cultus
289 2770 382 2835 nobis
394 2771 578 2850 imitandus,
594 2771 628 2834 in
640 2771 744 2854 specie
761 2771 798 2835 de
812 2771 948 2855 singulis
965 2773 1031 2855 ejus
1045 2772 1179 2852 actibus,
1197 2773 1352 2855 partibus,
1364 2774 1476 2855 modis,
1490 2798 1542 2840 ca·

15 2885 16 2902 ³
83 2859 175 2938 sibus,
190 2860 275 2926 ultra
287 2859 526 2945 disquirendum
539 2862 633 2924 esset.

15 2939 17 2952 '
122 2947 161 3012 11.
190 2949 300 3032 utjeer.
314 2947 362 3012 lex
375 2949 543 3032 Apoccup.
558 2947 587 3012 5.
602 2949 632 3012 8.
645 2949 669 3013 u
686 2947 738 3013 14.
752 2950 782 3013 2.
796 2947 904 3013 Habet
915 2949 998 3014 hanc
1012 2947 1104 3016 hora.
1122 2951 1271 3034 dLupido
1286 2949 1494 3018 Conamerrtur.
1509 2954 1543 3018 in

15 3041 16 3096 ζ
83 3033 105 3099 1.
117 3035 189 3102 Gor.
206 3039 256 3101 ll.
266 3036 302 3102 Si
311 3037 344 3101 in
353 3037 440 3101 coelo
448 3037 853 3102 instrumentislaudabunt
865 3036 979 3118 Deum,
990 3038 1099 3123 quidni
1111 3039 1145 3102 in
1157 3037 1301 3104 Ecclesia
1308 3039 1368 3104 hoc
1376 3041 1442 3104 fiat.
1452 3042 1543 3125 Ilesp.

15 3135 17 3186 t
82 3126 201 3205 Primo,
224 3126 364 3210 intelligi
388 3125 453 3190 illic
473 3129 593 3190 statum
612 3125 774 3190 Ecclesiae
795 3127 828 3190 in
848 3127 952 3204 coelo;
973 3127 1104 3191 nonita
1129 3131 1214 3192 certo
1234 3131 1367 3193 constat.
1390 3129 1542 3208 Secunda

15 3263 17 3298 ,
80 3215 179 3280 multo
201 3214 306 3300 magis
324 3215 481 3279 incertum
501 3219 560 3292 est,
573 3213 641 3278 fore
654 3215 785 3279 incoelo
799 3220 963 3280 extensam
976 3215 1066 3279 illam
1078 3215 1233 3281 Musicam
1245 3217 1542 3298 instrumentalem,
1645 3289 1648 3296 ,

15 3317 17 3370 1
80 3307 114 3366 ut
124 3304 322 3370 contendite
337 3304 454 3387 Lepide
467 3304 501 3368 ia
513 3305 696 3390 ilpomlyyra
711 3305 740 3368 5.
754 3303 798 3368 Et
809 3304 830 3369 J
832 3304 935 3368 esnita
950 3304 1075 3372 Gabriel
1086 3306 1123 3371 de
1132 3305 1242 3371 Hence
1255 3307 1289 3370 in
1300 3308 1360 3372 aud
1369 3308 1542 3393 Ernpyreo-

15 3409 16 3422 ³
79 3393 160 3476 loqiri
170 3393 260 3460 Part.
272 3394 304 3458 2.
319 3393 382 3459 tit.
396 3393 425 3457 8.
440 3393 557 3457 euertit.
572 3393 624 3455 28.
637 3405 705 3458 sect.
722 3393 751 3456 4.
766 3393 821 3477 qui
834 3393 948 3476 probat
958 3394 1069 3458 beatos
1081 3398 1150 3458 tum
1160 3418 1198 3459 ex
1206 3395 1427 3459 instrumentis
1441 3395 1542 3462 Musi-

15 3487 17 3556 ᾗ
78 3481 131 3558 cis,
144 3485 216 3546 tum
230 3505 269 3546 ex
283 3481 497 3566 Pythagorico
510 3480 635 3544 orbium
645 3486 797 3546 concentu
807 3482 902 3564 (quod
911 3482 1068 3566 posterius
1078 3483 1139 3566 ipsi
1148 3483 1313 3567 probabile
1324 3484 1384 3566 est)
1395 3481 1542 3569 volupta-

15 3615 17 3652 ,
77 3571 139 3634 tem
165 3572 383 3654 percepturos.
408 3569 470 3645 uui
494 3570 576 3634 rrum
596 3569 661 3636 Lib.
676 3571 826 3636 Seuerou.
842 3573 893 3634 33.
909 3583 977 3636 sect.
992 3572 1021 3634 2.
1035 3571 1146 3636 multis
1159 3577 1337 3637 suorumtes
1351 3572 1503 3653 timoniis,
1520 3574 1543 3639 b

15 3667 17 3740 l
77 3659 256 3724 rationibus
275 3658 418 3723 adductis
437 3659 571 3742 probare
587 3659 758 3738 contendit,
778 3660 888 3724 beatos
907 3659 938 3722 in
954 3661 1050 3724 coelis
1064 3664 1188 3725 acturos
1202 3660 1343 3725 choreas.
1356 3659 1485 3740 Videat,
1501 3684 1540 3727 ne

76 3745 222 3812 homines
232 3770 271 3812 ex
285 3747 365 3824 cibo,
376 3749 464 3830 potu,
473 3751 592 3825 arouse,
602 3747 754 3826 convivio,
763 3748 795 3811 in
804 3746 917 3832 ltegno
925 3748 986 3814 Dei
995 3750 1144 3833 (quorum
1156 3749 1234 3813 alibi
1246 3749 1391 3814 meminit
1399 3747 1542 3834 Scriptu-

75 3837 315 3920 ralroluptates
323 3859 360 3900 36
369 3836 498 3902 delicias
508 3836 646 3920 corporis
656 3859 727 3901 cum
736 3835 962 3901 Muhammedo
970 3861 1028 3921 por
1037 3835 1170 3902 eandem
1182 3838 1442 3922 consequentiam
1453 3839 1540 3904 colli·

15 3875 17 3982 l
73 3929 162 4010 gant.
184 3927 285 3991 Tertio
298 3924 598 4008 invitisbautiquis,
609 3925 707 3990 &fere
716 3926 1101 3997 omnibnsrecentioribus
1114 3926 1352 4011 interpretibus,
1362 3927 1540 3993 113366133-

15 3999 17 4062 1
74 4035 140 4079 sam
154 4014 404 4097 explicationem
418 4013 564 4078 fabricat:
578 4018 614 4078 ut
626 4014 744 4079 ibidem
757 4015 885 4079 fatetur.
897 4015 1101 4098 Quur·to,ipse
1111 4016 1321 4100 adv.8.paulo
1328 4019 1401 4080 aute
1407 4017 1540 4082 dixerat:

15 4063 17 4158 l
74 4103 165 4180 :lbra
179 4103 777 4187 113666131ιὶ33633666339636133136,
791 4105 844 4168 sed
861 4105 985 4168 terarum
1001 4103 1163 4191 spiritudini
1178 4103 1256 4169 uin
1269 4105 1396 4171 visione.
1414 4107 1541 4188 Quinto,
1638 4125 1642 4132 ·

74 4215 133 4257 oon
146 4196 202 4257 est
213 4197 300 4258 certa
316 4193 551 4276 consequentia,
568 4194 587 4255 a
599 4192 724 4257 fictione
738 4192 929 4276 parabolica,
942 4197 998 4258 aut
1010 4185 1131 4257 visidne
1138 4193 1322 4277 symbolice,
1336 4194 1376 4257 ad
1385 4194 1485 4279 ipsius
1496 4195 1541 4260 rei
1581 4240 1583 4242 -

73 4303 165 4346 usum
176 4281 263 4366 apud
272 4281 422 4346 nos.Vide
438 4282 854 4348 CornraentutorcsudHoseu
870 4282 896 4344 l.
911 4302 939 4346 u.
954 4280 1060 4346 2.Nec
1070 4281 1141 4346 duci
1150 4285 1256 4366 potest
1268 4283 1458 4349 universalis
1467 4307 1542 4349 con·

70 4371 253 4461 sequentia,
267 4374 381 4440 aetatu
395 4369 557 4440 Ecclesiae
570 4370 602 4434 in
616 4369 720 4454 Coelo,
734 4371 774 4436 ad
786 4371 914 4438 modum
923 4374 1045 4438 certum
1054 4370 1158 4439 cultus
1172 4371 1376 4439 ecclesiastici
1390 4374 1422 4437 in
1435 4371 1539 4527 tespris.

1327 4479 1330 4484 ·
1373 4507 1377 4516 .
1480 4472 1542 4541 ato,
