3732 4840
183 365 203 394 v
303 289 347 355 84
513 219 1566 354 Piis.1.Dsosrncu0P0n1nEccnurst.
1641 238 1647 248 ·

303 443 441 539 talorum
453 474 544 538 nobis
555 473 744 550 obtrudunt3
763 475 853 559 cnjus
869 478 978 554 autem
993 475 1060 539 avis
1076 475 1193 539 indicio
1205 474 1264 540 hoc
1277 475 1423 540 habent?
1448 477 1477 540 2.
1503 477 1571 540 Aut
1583 475 1780 561 Scripturas

257 629 258 635 ,
303 563 436 647 phrasin
448 567 544 648 atque
554 563 733 642 historiam,
747 562 902 642 exsectis,
916 564 1035 648 phrasi,
1050 565 1286 644 consuetudine,
1300 568 1322 630 tr
1338 587 1398 628 usu
1410 565 1611 652 sequentium
1623 568 1777 632 saeculo·

302 675 371 717 rum
385 674 449 716 non
461 652 567 715 minus
579 651 754 735 periculose
771 673 867 735 quam
878 653 1003 717 indocte
1015 652 1185 736 explicant.
1203 651 1281 717 Vide
1297 653 1585 718 turturea-11.
1600 653 1646 718 Ex
1658 657 1775 739 aequi-

303 745 370 805 tate
394 743 417 806 dr
439 741 510 824 jure
533 741 683 818 naturali,
696 740 792 804 immo
809 741 963 806 &divinet
977 764 1039 824 quc
1051 741 1172 806 seilicet
1183 741 1327 806 Ecclesia
1339 746 1524 806 convertens
1537 742 1571 806 iu
1582 765 1774 808 conversam

276 865 289 884 ·
298 829 552 913 jurisdictionem
563 827 730 893 obtineret.
745 831 834 912 Resp.
848 826 936 894 Infra
952 830 985 893 in
998 829 1148 913 subjectis
1160 828 1384 908 Prdblematis,
1397 831 1520 914 aliquid
1532 832 1569 895 de
1586 831 1648 896 hoc
1657 832 1769 897 dicen·
1809 825 1821 850 ⁰

146 933 155 948 ·
269 941 285 962 ·
303 918 389 982 dum.
414 956 455 964 -
468 915 527 982 III.
541 917 591 981 Ex
601 918 672 1001 jure
685 917 910 982 Ecclesiastico
922 919 1052 1002 antiquo
1078 920 1166 1001 llesp.
1191 917 1372 984 Videndum
1385 925 1434 983 est
1446 941 1485 982 an
1498 919 1576 984 satis
1593 921 1772 1003 prudenter

99 4521 190 4552 A

304 1007 344 1070 ad
370 1006 551 1090 exemplum
563 1005 698 1070 Politiae
710 1027 747 1070 ac
761 1005 996 1071 Dominaticnis
1009 1007 1120 1086 civilis,
1134 1009 1232 1072 immo
1245 1008 1471 1074 &ethnicismi
1488 1008 1529 1094 (e.
1546 1009 1619 1072 illis.
1633 1009 1663 1072 8.
1677 1009 1773 1093 dist.)

305 1095 465 1160 Ecclesiae
478 1094 518 1158 ab
530 1093 671 1158 humanit
687 1095 948 1161 consuetudine&
964 1096 1086 1160 ratione
1102 1097 1166 1160 sint
1178 1098 1380 1161 constitutae.
1405 1098 1435 1160 2.
1460 1096 1569 1181 Longe
1583 1097 1647 1161 alia
1669 1097 1780 1163 forma

305 1183 422 1250 &ratio
438 1183 499 1246 fuit
511 1183 656 1262 istorum,
673 1182 876 1268 &papalium
889 1182 1185 1268 Metropolitarum3
1199 1185 1247 1249 uti
1259 1185 1388 1270 egregie
1400 1185 1550 1250 evincunt
1563 1186 1734 1267 Purlrerus,
1750 1191 1776 1253 ἃ

305 1273 404 1338 dator
433 1273 551 1337 Altaria
576 1273 766 1338 Dautusceai
790 1273 911 1358 (Dauid
938 1272 1151 1360 Caiderwocd)
1177 1277 1229 1338 loe.
1255 1277 1304 1338 cit.
1317 1273 1450 1352 ,Quibus
1467 1274 1549 1337 nihil
1562 1275 1777 1354 nunchabeo,
1805 1317 1813 1332 ·

306 1361 390 1444 qnod
402 1361 525 1440 addam,
539 1360 601 1424 nisi
613 1360 673 1426 hoc
685 1361 832 1425 unicum:
858 1383 895 1425 ex
908 1360 1086 1445 Capitulari
1098 1362 1247 1427 Ludovici
1260 1361 1327 1426 Pii:
1342 1385 1410 1446 cap.
1426 1363 1477 1426 10.
1496 1364 1610 1429 Nullus
1624 1365 1781 1448 Metropo-

275 1451 424 1514 'litauus
452 1451 623 1533 Episcopus
653 1450 767 1535 absque
787 1462 978 1515 caeterorum
1002 1452 1468 1535 oruuiuraceruprouiucietium
1481 1452 1777 1535 Episcoporumr'u-

305 1538 423 1602 sturetid
444 1539 635 1623 aliquorum,
662 1539 773 1604 audiat
798 1560 910 1603 suiuus
937 1560 1063 1604 eorum:
1085 1541 1161 1624 quia
1184 1541 1293 1605 irritae
1311 1551 1413 1616 estitit,
1431 1539 1712 1606 irrsrudtiruusaur
1735 1543 1776 1606 ia

305 1627 431 1713 Sprtotlo
449 1647 508 1710 pro
520 1628 600 1710 facto
612 1626 742 1691 dubium.
767 1628 827 1695 Nee
837 1628 1031 1712 reliquorum
1046 1630 1162 1713 uliquis
1175 1630 1412 1712 Episcoporura,
1425 1649 1558 1694 suarum
1569 1629 1778 1694 Sacerdotem

305 1737 416 1781 ert-usas
439 1715 550 1779 cudat
565 1715 680 1800 alisque
689 1717 867 1798 praeacutis
883 1715 1072 1783 Clericcruru
1084 1739 1227 1795 artorius,
1244 1720 1319 1803 quia
1333 1719 1425 1783 irrita
1438 1719 1497 1782 erit
1509 1719 1660 1782 sententia
1674 1719 1776 1802 Epis-

307 1806 384 1888 copi.
411 1805 475 1868 taisi
499 1805 675 1887 praesentiit
699 1806 925 1888 Episcoporuru
950 1808 1161 1893 confirmetur.
1186 1805 1295 1890 Longe
1319 1807 1384 1870 alia
1395 1829 1479 1870 nunc
1491 1806 1588 1871 facies
1605 1807 1780 1890 potestatis

309 1891 535 1958 hierarchicae.
629 1964 633 1973 Ι

354 1981 406 2045 10.
436 1981 676 2046 Patriarchules‘
687 1979 850 2047 Ecclesiae
865 1986 940 2047 sunt
953 1983 1004 2048 vel
1016 1983 1236 2067 particulares,
1248 1985 1299 2048 vel
1312 1983 1507 2050 universales
1524 2006 1580 2048 seu
1591 1985 1779 2048 oecumeni-

309 2091 373 2134 cae.
400 2072 475 2134 lllue
497 2075 571 2134 sunt
583 2069 744 2134 Ecclesiae
761 2069 893 2136 &Sedes
907 2071 1085 2136 Primatum
1097 2072 1130 2136 in
1147 2077 1273 2157 quisque
1285 2077 1393 2159 gente,
1409 2078 1466 2138 eut
1477 2072 1627 2155 Imperia,
1642 2077 1699 2137 aut
1711 2071 1782 2137 Re-

216 2221 227 2238 ,
309 2180 384 2244 gno.
408 2156 512 2223 Hodie
540 2158 716 2222 etiamnum
738 2159 771 2223 iu
788 2159 958 2238 Moscovia,
976 2163 999 2227 s
1014 2159 1153 2244 Imperio
1167 2161 1326 2226 Abassino
1338 2162 1419 2226 tales
1435 2166 1509 2226 sunt
1522 2161 1781 2226 SedesPatriar-

310 2247 428 2326 cheles,
442 2249 465 2312 a
477 2246 700 2312 Patriarehae:
715 2271 851 2330 quorum
862 2250 1019 2332 posterior
1030 2250 1173 2333 ipserum
1187 2251 1298 2335 lingue
1310 2254 1442 2314 vocatur
1452 2250 1588 2329 utouuu,
1602 2250 1622 2313 i.
1636 2272 1664 2313 e.
1680 2249 1782 2314 Pater

309 2339 426 2400 noster.
450 2334 488 2400 ln
513 2333 681 2400 Occidente
710 2341 863 2401 vocantur
886 2338 1054 2416 Priruates,
1079 2361 1105 2402 e.
1130 2359 1183 2421 gr,
1200 2337 1333 2415 Galliae,
1347 2337 1547 2417 Germaniae,
1564 2341 1628 2404 dte:
1643 2338 1689 2402 sie
1701 2361 1729 2402 e.
1744 2361 1780 2424 g.

310 2423 502 2488 Hermolaus
532 2423 690 2488 Barbarus
715 2423 777 2489 fuit
800 2424 987 2490 Patriareha
1014 2426 1264 2511 Aquilegiensis.
1289 2429 1369 2492 Istae
1391 2428 1424 2491 in
1451 2429 1526 2492 orbe
1539 2425 1685 2491 Romano
1698 2427 1783 2491 olim

310 2517 401 2577 erant
435 2511 590 2592 Romana,
623 2512 984 2597 constantinopolitana,
1021 2515 1247 2593 Alexandrina,
1271 2507 1482 2594 Antiocheae,
1510 2537 1683 2599 earumque
1711 2517 1783 2580 sive

309 2601 469 2686 appendix
497 2601 564 2665 sive
591 2601 779 2680 auctarium,
792 2601 1094 2687 Hierosolymitana.
1112 2603 1329 2670 Alexandrina
1340 2605 1401 2670 hoc
1413 2606 1528 2669 saltem
1540 2605 1638 2668 titulo
1651 2604 1783 2668 videtur

309 2690 393 2755 inter
421 2712 529 2755 omnes
557 2689 791 2755 patriarchales
808 2691 1047 2775 antiquissima:
1062 2692 1118 2757 ubi
1129 2692 1234 2774 primo
1248 2692 1436 2758 Patriareha
1448 2694 1590 2777 ipsorum
1602 2693 1783 2758 vocabatur

310 2780 405 2859 Atta,
430 2784 541 2863 postea
565 2783 584 2842 a
611 2783 754 2863 tempore
766 2777 933 2858 Heraclea,
950 2779 1131 2845 constitutis
1144 2802 1201 2863 per
1214 2783 1488 2865 praedecessorem
1503 2781 1706 2846 Demetrium
1718 2782 1782 2845 tri-

310 2869 381 2948 bus,
407 2870 429 2935 dt
452 2891 509 2952 per
532 2867 636 2950 ipsam
659 2868 775 2953 viginti
787 2867 956 2952 Episcopis
970 2870 1039 2954 (qui
1052 2872 1145 2934 antea
1161 2870 1193 2932 in
1209 2871 1359 2956 Aegypto
1372 2871 1454 2935 nulli
1468 2872 1572 2953 erant)
1584 2871 1688 2936 vocati
1702 2877 1783 2934 sunt

313 2959 403 3041 Papa
417 2956 515 3043 (qued
528 2956 652 3022 Arabes
665 2957 808 3020 scribunt
820 2957 933 3040 aute),
948 2957 980 3020 id
993 2963 1050 3037 est,
1065 2980 1152 3036 avus,
1169 2957 1230 3023 hcc
1243 2965 1300 3038 est,
1314 2964 1405 3043 pater
1417 2964 1564 3043 patrum:
1579 2960 1664 3042 quad
1679 2959 1782 3043 Epis·
1823 3019 1832 3034 ,

313 3046 385 3130 copi
408 3046 587 3110 dicerentur
611 3045 740 3121 Patres;
767 3048 790 3111 dr
813 3051 1041 3129 consequenter
1064 3044 1280 3127 Patriarehee,
1305 3048 1360 3132 qui
1373 3048 1540 3134 Episcopis
1553 3049 1602 3113 sui
1615 3048 1782 3114 districtus

319 3139 499 3217 praeerant,
523 3133 646 3198 dicendi
668 3134 861 3213 viderentur,
871 3147 976 3218 putres
986 3148 1126 3219 patr-utu.
1151 3133 1203 3200 Sic
1222 3138 1393 3223 Eutychiae
1405 3136 1591 3202 Patriareha
1608 3137 1699 3223 [pag.
1718 3138 1781 3226 98]

317 3223 553 3288 Alexandrinus
569 3223 604 3287 iu
617 3224 731 3288 delitui.
744 3223 839 3288 Aret.
855 3223 959 3290 suat.
977 3246 1060 3288 nunc
1073 3224 1165 3288 editis
1179 3237 1252 3290 totu.
1267 3228 1295 3289 l.
1306 3247 1339 3309 p.
1354 3227 1428 3289 334.
1443 3224 1504 3290 Sed
1517 3227 1554 3290 de
1566 3227 1617 3289 his
1629 3226 1782 3310 pluribus

310 3310 395 3376 infra
423 3314 511 3377 Part.
535 3313 564 3376 2.
577 3311 633 3376 ubi
646 3313 683 3377 de
695 3313 899 3377 Putriarchis.
916 3314 1117 3378 Oecumcuica
1130 3315 1264 3378 Ecclesia
1277 3314 1427 3379 instituta
1440 3315 1509 3382 scil.
1521 3338 1579 3398 per
1592 3315 1782 3397 explicitam
1843 3357 1852 3376 .

308 3402 331 3466 dt
354 3401 532 3465 ordinatam
548 3401 859 3485 correspondentiam
872 3423 908 3466 ac
919 3402 1237 3467 communicationem
1252 3426 1316 3468 una
1332 3407 1427 3487 atque
1443 3404 1544 3482 unita,
1559 3427 1599 3468 an
1611 3407 1683 3487 post
1697 3407 1782 3470 tern-

306 3511 385 3573 pore
412 3490 596 3573 apostolica,
609 3511 750 3574 unquam
765 3491 799 3554 in
812 3491 930 3555 mundo
942 3490 1111 3568 exstiterit,
1128 3495 1183 3555 aut
1196 3492 1393 3576 aliquamdiu
1412 3493 1599 3558 continuata
1610 3491 1721 3572 fuerit,
1734 3495 1784 3559 ita

305 3583 342 3643 ut
354 3580 468 3644 notitia
481 3580 547 3663 ejus
560 3579 712 3643 historica
725 3581 744 3642 a
755 3580 847 3644 nobis
859 3600 943 3644 nunc
955 3578 1067 3643 haberi
1077 3580 1195 3662 pessit;
1212 3603 1274 3644 non
1291 3584 1419 3646 tantum
1438 3581 1646 3647 vehementm
1657 3581 1783 3663 dubito,

306 3670 360 3732 sed
385 3669 452 3734 &in
469 3673 639 3751 negantem
651 3672 777 3750 partem
792 3673 879 3732 totus
891 3668 1019 3732 inclino.
1033 3667 1082 3732 lta
1096 3673 1132 3732 ut
1144 3667 1264 3733 frustra
1278 3670 1355 3733 talis
1369 3670 1482 3734 unitas
1499 3669 1701 3736 oecumenica
1713 3673 1783 3756 iac·

304 3760 400 3822 tetur.
414 3756 608 3840 Implicitam
620 3755 763 3821 amnium
775 3757 1023 3822 orthodoxarum
1035 3755 1251 3821 Ecclesiamm
1273 3759 1479 3842 omniumque
1490 3760 1631 3824 fidelimn
1639 3781 1783 3826 cammu-

307 3847 446 3924 aionem,
459 3868 585 3928 semper
596 3844 695 3909 fuisse
708 3847 730 3911 dr
743 3847 919 3910 etiamnum
931 3867 999 3910 esse
1011 3845 1079 3910 sine
1092 3845 1188 3909 dubio
1201 3847 1404 3928 statuendum
1413 3851 1479 3912 est:
1494 3850 1563 3914 &de
1576 3848 1784 3931 edaccipien-

308 3934 383 3998 dum
400 3957 467 4000 esse
486 3934 567 3998 illud
583 3935 768 4018 vulgatum:
785 3936 855 4001 aton
866 3936 953 4000 Deris
969 3935 1042 3998 huic
1053 3947 1143 4018 puter
1155 3950 1209 4010 est,
1224 3937 1274 4000 eui
1286 3957 1352 4000 ocu
1367 3938 1500 4001 Ecclesia
1513 3949 1622 4003 ruuter.
1645 3933 1785 4004 Studere

310 4023 394 4088 enim
407 4025 479 4106 quis
491 4026 598 4106 potest
611 4023 729 4087 unitati
743 4023 904 4088 Ecclesiae
917 4024 1116 4100 universalis,
1130 4024 1198 4090 &in
1210 4025 1332 4090 unitate
1341 4025 1409 4108 ejus
1418 4048 1557 4105 manere,
1570 4027 1625 4110 qui
1636 4027 1785 4109 persistit

309 4113 343 4176 in
352 4113 475 4176 unitate
492 4111 576 4190 fidei,
589 4113 612 4178 it
625 4134 697 4176 cum
710 4135 898 4197 quacunque
912 4114 979 4197 ejus
991 4116 1092 4195 parte,
1109 4112 1142 4176 in
1154 4136 1252 4197 quam
1265 4113 1386 4192 incidit,
1401 4119 1457 4178 aut
1466 4138 1538 4199 culp
1548 4121 1611 4200 qud
1616 4116 1711 4200 jungi
1722 4138 1784 4198 po-

224 4229 228 4234 ·
261 4225 269 4235 ·
306 4206 381 4280 test,
399 4200 585 4284 explicitam
602 4201 857 4266 communionem
870 4202 959 4266 colit:
978 4202 1124 4284 quamuis
1138 4203 1191 4266 vix
1207 4203 1297 4281 sciat,
1312 4225 1352 4267 an
1365 4225 1458 4289 quae,
1472 4205 1620 4289 &quales
1632 4205 1666 4269 in
1678 4203 1783 4270 tetius

302 4290 388 4354 orbs
404 4289 550 4374 partibus
571 4289 636 4353 sint
656 4289 826 4362 Ecclesiae,
842 4313 923 4374 quae
936 4291 1171 4355 oecumenicam
1185 4291 1399 4357 constituunt.
1425 4290 1473 4356 De
1487 4292 1781 4382 repraesentamine

309 4377 474 4445 Ecclesiae
486 4377 706 4444 oecumenicae
719 4401 781 4442 uno
794 4378 901 4461 aliquo
914 4383 1067 4462 ternpore,
1080 4384 1137 4444 aut
1149 4379 1210 4445 hoc
1221 4381 1317 4445 illave
1330 4381 1456 4446 saeculo
1471 4383 1507 4446 in
1517 4383 1593 4447 orbe
1602 4382 1782 4461 existentis,

1724 4471 1790 4535 hoc
