<?xml version="1.0" encoding="UTF-8"?>
<!DOCTYPE html PUBLIC "-//W3C//DTD XHTML 1.0 Transitional//EN"
    "http://www.w3.org/TR/xhtml1/DTD/xhtml1-transitional.dtd">
<html xmlns="http://www.w3.org/1999/xhtml" xml:lang="en" lang="en">
 <head>
  <title>
</title>
<meta http-equiv="Content-Type" content="text/html;charset=utf-8" />
  <meta name='ocr-system' content='tesseract 3.04.00' />
  <meta name='ocr-capabilities' content='ocr_page ocr_carea ocr_par ocr_line ocrx_word'/>
</head>
<body>
  <div class='ocr_page' id='page_1' title='image "./gisbertivoetiit00rutggoog_0643.png"; bbox 0 0 3752 4858; ppageno 0'>
   <div class='ocr_carea' id='block_1_1' title="bbox 267 307 1586 382">
    <p class='ocr_par' dir='ltr' id='par_1_1' title="bbox 267 307 1586 382">
     <span class='ocr_line' id='line_1_1' title="bbox 267 307 1586 382; baseline 0.006 -9"><span class='ocrx_word' id='word_1_1' title='bbox 267 307 378 378; x_wconf 80' lang='lat' dir='ltr'>Taren.</span> <span class='ocrx_word' id='word_1_2' title='bbox 392 309 434 375; x_wconf 89' lang='lat' dir='ltr'>II.</span> <span class='ocrx_word' id='word_1_3' title='bbox 448 308 535 376; x_wconf 87' lang='lat' dir='ltr'>Secr.</span> <span class='ocrx_word' id='word_1_4' title='bbox 547 307 606 374; x_wconf 88' lang='lat' dir='ltr'>Ill.</span> <span class='ocrx_word' id='word_1_5' title='bbox 619 308 668 374; x_wconf 82' lang='lat' dir='ltr'>Dr</span> <span class='ocrx_word' id='word_1_6' title='bbox 680 307 798 375; x_wconf 76' lang='lat' dir='ltr'>Coeum</span> <span class='ocrx_word' id='word_1_7' title='bbox 811 309 983 376; x_wconf 77' lang='lat' dir='ltr'>Deumrcan</span> <span class='ocrx_word' id='word_1_8' title='bbox 1001 309 1292 380; x_wconf 79' lang='lat' dir='ltr'>Anumrsrsrrrouu.</span> <span class='ocrx_word' id='word_1_9' title='bbox 1307 313 1378 380; x_wconf 78' lang='lat' dir='ltr'>Ore.</span> <span class='ocrx_word' id='word_1_10' title='bbox 1390 314 1451 382; x_wconf 91' lang='lat' dir='ltr'>Ill.</span> <span class='ocrx_word' id='word_1_11' title='bbox 1522 319 1586 382; x_wconf 84' lang='lat'>235</span> 
     </span>
    </p>
   </div>
   <div class='ocr_carea' id='block_1_2' title="bbox 120 497 1589 675">
    <p class='ocr_par' dir='ltr' id='par_1_2' title="bbox 120 497 1589 675">
     <span class='ocr_line' id='line_1_2' title="bbox 121 497 1589 583; baseline 0.003 -18"><span class='ocrx_word' id='word_1_12' title='bbox 121 500 236 566; x_wconf 89' lang='lat' dir='ltr'>clesiae</span> <span class='ocrx_word' id='word_1_13' title='bbox 261 499 497 583; x_wconf 78' lang='lat' dir='ltr'>praescribere?</span> <span class='ocrx_word' id='word_1_14' title='bbox 522 500 612 582; x_wconf 82' lang='lat' dir='ltr'>Reap.</span> <span class='ocrx_word' id='word_1_15' title='bbox 640 499 667 562; x_wconf 90' lang='lat' dir='ltr'>l.</span> <span class='ocrx_word' id='word_1_16' title='bbox 693 497 755 563; x_wconf 86' lang='lat' dir='ltr'>Sed</span> <span class='ocrx_word' id='word_1_17' title='bbox 774 498 833 562; x_wconf 72' lang='lat' dir='ltr'>hac</span> <span class='ocrx_word' id='word_1_18' title='bbox 851 497 973 562; x_wconf 88' lang='lat' dir='ltr'>ratione</span> <span class='ocrx_word' id='word_1_19' title='bbox 985 522 1043 563; x_wconf 91' lang='lat' dir='ltr'>nec</span> <span class='ocrx_word' id='word_1_20' title='bbox 1055 498 1232 566; x_wconf 78' lang='lat' dir='ltr'>Concilium</span> <span class='ocrx_word' id='word_1_21' title='bbox 1244 501 1445 580; x_wconf 87' lang='lat' dir='ltr'>Toletanum,</span> <span class='ocrx_word' id='word_1_22' title='bbox 1461 526 1518 568; x_wconf 91' lang='lat' dir='ltr'>nec</span> <span class='ocrx_word' id='word_1_23' title='bbox 1530 504 1551 568; x_wconf 88' lang='lat' dir='ltr'>J</span> <span class='ocrx_word' id='word_1_24' title='bbox 1553 528 1589 569; x_wconf 91' lang='lat' dir='ltr'>ns</span> 
     </span>
     <span class='ocr_line' id='line_1_3' title="bbox 120 587 1586 675; baseline 0.001 -21"><span class='ocrx_word' id='word_1_25' title='bbox 120 589 308 655; x_wconf 87' lang='lat' dir='ltr'>canonicum</span> <span class='ocrx_word' id='word_1_26' title='bbox 321 588 465 653; x_wconf 87' lang='lat' dir='ltr'>excusari</span> <span class='ocrx_word' id='word_1_27' title='bbox 481 591 595 670; x_wconf 88' lang='lat' dir='ltr'>potest.</span> <span class='ocrx_word' id='word_1_28' title='bbox 623 587 719 652; x_wconf 85' lang='lat' dir='ltr'>Aliud</span> <span class='ocrx_word' id='word_1_29' title='bbox 732 591 780 651; x_wconf 89' lang='lat' dir='ltr'>est</span> <span class='ocrx_word' id='word_1_30' title='bbox 796 587 997 651; x_wconf 75' lang='lat' dir='ltr'>conniventia</span> <span class='ocrx_word' id='word_1_31' title='bbox 1009 589 1117 672; x_wconf 89' lang='lat' dir='ltr'>aliqua</span> <span class='ocrx_word' id='word_1_32' title='bbox 1128 590 1161 654; x_wconf 91' lang='lat' dir='ltr'>in</span> <span class='ocrx_word' id='word_1_33' title='bbox 1173 591 1358 656; x_wconf 76' lang='lat' dir='ltr'>executione</span> <span class='ocrx_word' id='word_1_34' title='bbox 1370 593 1540 675; x_wconf 86' lang='lat' dir='ltr'>prudenter</span> <span class='ocrx_word' id='word_1_35' title='bbox 1553 594 1586 656; x_wconf 91' lang='lat' dir='ltr'>in</span> 
     </span>
    </p>
   </div>
   <div class='ocr_carea' id='block_1_3' title="bbox 11 676 1587 762">
    <p class='ocr_par' dir='ltr' id='par_1_3' title="bbox 11 676 1587 762">
     <span class='ocr_line' id='line_1_4' title="bbox 11 676 1587 762; baseline 0.005 -24"><span class='ocrx_word' id='word_1_36' title='bbox 11 683 12 738; x_wconf 82' lang='lat' dir='ltr'>l</span> <span class='ocrx_word' id='word_1_37' title='bbox 120 701 196 746; x_wconf 89' lang='lat' dir='ltr'>casu</span> <span class='ocrx_word' id='word_1_38' title='bbox 207 677 411 762; x_wconf 85' lang='lat' dir='ltr'>particularis</span> <span class='ocrx_word' id='word_1_39' title='bbox 426 677 635 756; x_wconf 71' lang='lat' dir='ltr'>necessitatis,</span> <span class='ocrx_word' id='word_1_40' title='bbox 649 681 705 741; x_wconf 89' lang='lat' dir='ltr'>aut</span> <span class='ocrx_word' id='word_1_41' title='bbox 717 676 792 740; x_wconf 89' lang='lat' dir='ltr'>dum</span> <span class='ocrx_word' id='word_1_42' title='bbox 804 698 866 740; x_wconf 92' lang='lat' dir='ltr'>non</span> <span class='ocrx_word' id='word_1_43' title='bbox 881 677 926 740; x_wconf 88' lang='lat' dir='ltr'>ita</span> <span class='ocrx_word' id='word_1_44' title='bbox 938 677 1041 760; x_wconf 88' lang='lat' dir='ltr'>liquet</span> <span class='ocrx_word' id='word_1_45' title='bbox 1053 683 1109 742; x_wconf 91' lang='lat' dir='ltr'>aut</span> <span class='ocrx_word' id='word_1_46' title='bbox 1125 680 1284 744; x_wconf 87' lang='lat' dir='ltr'>notorium</span> <span class='ocrx_word' id='word_1_47' title='bbox 1297 684 1356 758; x_wconf 90' lang='lat' dir='ltr'>est,</span> <span class='ocrx_word' id='word_1_48' title='bbox 1369 681 1451 745; x_wconf 89' lang='lat' dir='ltr'>circa</span> <span class='ocrx_word' id='word_1_49' title='bbox 1468 683 1587 746; x_wconf 73' lang='lat' dir='ltr'>tactum</span> 
     </span>
    </p>
   </div>
   <div class='ocr_carea' id='block_1_4' title="bbox 121 765 1589 1031">
    <p class='ocr_par' dir='ltr' id='par_1_4' title="bbox 121 765 1589 1031">
     <span class='ocr_line' id='line_1_5' title="bbox 121 765 1589 853; baseline 0.002 -21"><span class='ocrx_word' id='word_1_50' title='bbox 121 767 315 853; x_wconf 81' lang='lat' dir='ltr'>particulare</span> <span class='ocrx_word' id='word_1_51' title='bbox 339 766 501 831; x_wconf 86' lang='lat' dir='ltr'>adhibita:</span> <span class='ocrx_word' id='word_1_52' title='bbox 526 765 549 830; x_wconf 76' lang='lat' dir='ltr'>dr</span> <span class='ocrx_word' id='word_1_53' title='bbox 565 766 652 830; x_wconf 89' lang='lat' dir='ltr'>aliud</span> <span class='ocrx_word' id='word_1_54' title='bbox 664 765 809 829; x_wconf 89' lang='lat' dir='ltr'>ordinata</span> <span class='ocrx_word' id='word_1_55' title='bbox 821 765 844 830; x_wconf 73' lang='lat' dir='ltr'>h</span> <span class='ocrx_word' id='word_1_56' title='bbox 857 765 982 848; x_wconf 77' lang='lat' dir='ltr'>legibus</span> <span class='ocrx_word' id='word_1_57' title='bbox 998 767 1119 832; x_wconf 88' lang='lat' dir='ltr'>sancita</span> <span class='ocrx_word' id='word_1_58' title='bbox 1131 769 1299 852; x_wconf 87' lang='lat' dir='ltr'>permissio</span> <span class='ocrx_word' id='word_1_59' title='bbox 1313 793 1368 833; x_wconf 90' lang='lat' dir='ltr'>seu</span> <span class='ocrx_word' id='word_1_60' title='bbox 1381 770 1589 848; x_wconf 86' lang='lat' dir='ltr'>tolerantiae;</span> 
     </span>
     <span class='ocr_line' id='line_1_6' title="bbox 121 854 1589 944; baseline 0.001 -23"><span class='ocrx_word' id='word_1_61' title='bbox 121 879 204 942; x_wconf 90' lang='lat' dir='ltr'>quae</span> <span class='ocrx_word' id='word_1_62' title='bbox 217 856 346 920; x_wconf 89' lang='lat' dir='ltr'>tandem</span> <span class='ocrx_word' id='word_1_63' title='bbox 359 857 547 938; x_wconf 88' lang='lat' dir='ltr'>plerumque</span> <span class='ocrx_word' id='word_1_64' title='bbox 560 855 675 918; x_wconf 87' lang='lat' dir='ltr'>desinit</span> <span class='ocrx_word' id='word_1_65' title='bbox 687 855 720 918; x_wconf 89' lang='lat' dir='ltr'>in</span> <span class='ocrx_word' id='word_1_66' title='bbox 733 854 1004 938; x_wconf 85' lang='lat' dir='ltr'>approbationem.</span> <span class='ocrx_word' id='word_1_67' title='bbox 1032 859 1119 940; x_wconf 76' lang='lat' dir='ltr'>desp.</span> <span class='ocrx_word' id='word_1_68' title='bbox 1138 858 1168 921; x_wconf 84' lang='grc'>2.</span> <span class='ocrx_word' id='word_1_69' title='bbox 1193 856 1342 942; x_wconf 84' lang='lat' dir='ltr'>Negatur</span> <span class='ocrx_word' id='word_1_70' title='bbox 1353 860 1589 944; x_wconf 82' lang='lat' dir='ltr'>consequentia,</span> 
     </span>
     <span class='ocr_line' id='line_1_7' title="bbox 121 944 1588 1031; baseline 0.001 -21"><span class='ocrx_word' id='word_1_71' title='bbox 121 967 205 1031; x_wconf 91' lang='lat' dir='ltr'>quae</span> <span class='ocrx_word' id='word_1_72' title='bbox 219 945 334 1008; x_wconf 89' lang='lat' dir='ltr'>nititur</span> <span class='ocrx_word' id='word_1_73' title='bbox 345 944 407 1008; x_wconf 73' lang='lat' dir='ltr'>ista</span> <span class='ocrx_word' id='word_1_74' title='bbox 423 944 505 1008; x_wconf 78' lang='lat' dir='ltr'>false</span> <span class='ocrx_word' id='word_1_75' title='bbox 520 944 707 1027; x_wconf 82' lang='lat' dir='ltr'>hypothesi:</span> <span class='ocrx_word' id='word_1_76' title='bbox 723 944 886 1029; x_wconf 81' lang='lat' dir='ltr'>Quidquid</span> <span class='ocrx_word' id='word_1_77' title='bbox 901 945 1052 1028; x_wconf 66' lang='lat' dir='ltr'>apparebat</span> <span class='ocrx_word' id='word_1_78' title='bbox 1065 957 1120 1010; x_wconf 83' lang='lat' dir='ltr'>aul</span> <span class='ocrx_word' id='word_1_79' title='bbox 1133 944 1239 1010; x_wconf 75' lang='lat' dir='ltr'>tolerer</span> <span class='ocrx_word' id='word_1_80' title='bbox 1255 949 1365 1030; x_wconf 78' lang='lat' dir='ltr'>politia</span> <span class='ocrx_word' id='word_1_81' title='bbox 1378 949 1409 1012; x_wconf 86' lang='lat' dir='ltr'>iu</span> <span class='ocrx_word' id='word_1_82' title='bbox 1428 950 1488 1014; x_wconf 81' lang='lat' dir='ltr'>suci</span> <span class='ocrx_word' id='word_1_83' title='bbox 1500 970 1588 1012; x_wconf 87' lang='lat' dir='ltr'>com-</span> 
     </span>
    </p>
   </div>
   <div class='ocr_carea' id='block_1_5' title="bbox 10 1031 1728 1210">
    <p class='ocr_par' dir='ltr' id='par_1_5' title="bbox 10 1023 1728 1210">
     <span class='ocr_line' id='line_1_8' title="bbox 122 1031 1728 1120; baseline 0.002 -19.804"><span class='ocrx_word' id='word_1_84' title='bbox 122 1035 279 1101; x_wconf 79' lang='lat' dir='ltr'>muuilalc</span> <span class='ocrx_word' id='word_1_85' title='bbox 303 1031 334 1099; x_wconf 79' lang='lat' dir='ltr'>a</span> <span class='ocrx_word' id='word_1_86' title='bbox 357 1033 515 1120; x_wconf 76' lang='lat' dir='ltr'>syra-timi,</span> <span class='ocrx_word' id='word_1_87' title='bbox 528 1033 607 1096; x_wconf 90' lang='lat' dir='ltr'>illud</span> <span class='ocrx_word' id='word_1_88' title='bbox 619 1033 739 1118; x_wconf 78' lang='lat' dir='ltr'>pariter</span> <span class='ocrx_word' id='word_1_89' title='bbox 750 1033 902 1117; x_wconf 81' lang='lat' dir='ltr'>approbat</span> <span class='ocrx_word' id='word_1_90' title='bbox 914 1046 971 1098; x_wconf 80' lang='lat' dir='ltr'>aru</span> <span class='ocrx_word' id='word_1_91' title='bbox 987 1036 1116 1100; x_wconf 75' lang='lat' dir='ltr'>reluere</span> <span class='ocrx_word' id='word_1_92' title='bbox 1127 1035 1210 1100; x_wconf 86' lang='lat' dir='ltr'>detcl</span> <span class='ocrx_word' id='word_1_93' title='bbox 1222 1039 1329 1102; x_wconf 86' lang='lat' dir='ltr'>sallem</span> <span class='ocrx_word' id='word_1_94' title='bbox 1342 1049 1445 1119; x_wconf 78' lang='lat' dir='ltr'>polest,</span> <span class='ocrx_word' id='word_1_95' title='bbox 1462 1039 1592 1103; x_wconf 79' lang='lat' dir='ltr'>Ecclesia</span> <span class='ocrx_word' id='word_1_96' title='bbox 1725 1053 1728 1064; x_wconf 93' lang='grc'>·</span> 
     </span>
     <span class='ocr_line' id='line_1_9' title="bbox 10 1120 1591 1210; baseline 0.004 -28"><span class='ocrx_word' id='word_1_97' title='bbox 10 1125 12 1182; x_wconf 77' lang='lat' dir='ltr'>l</span> <span class='ocrx_word' id='word_1_98' title='bbox 121 1127 157 1188; x_wconf 83' lang='lat' dir='ltr'>ia</span> <span class='ocrx_word' id='word_1_99' title='bbox 171 1125 232 1190; x_wconf 74' lang='lat' dir='ltr'>auci</span> <span class='ocrx_word' id='word_1_100' title='bbox 248 1124 476 1188; x_wconf 80' lang='lat' dir='ltr'>commuuione.</span> <span class='ocrx_word' id='word_1_101' title='bbox 501 1120 605 1206; x_wconf 82' lang='lat' dir='ltr'>Supra</span> <span class='ocrx_word' id='word_1_102' title='bbox 620 1121 688 1188; x_wconf 87' lang='lat' dir='ltr'>Lib.</span> <span class='ocrx_word' id='word_1_103' title='bbox 705 1122 734 1186; x_wconf 87' lang='lat' dir='ltr'>l.</span> <span class='ocrx_word' id='word_1_104' title='bbox 750 1125 842 1186; x_wconf 89' lang='lat' dir='ltr'>tract.</span> <span class='ocrx_word' id='word_1_105' title='bbox 857 1123 887 1186; x_wconf 84' lang='lat'>2.</span> <span class='ocrx_word' id='word_1_106' title='bbox 904 1121 975 1186; x_wconf 78' lang='lat' dir='ltr'>fuse</span> <span class='ocrx_word' id='word_1_107' title='bbox 987 1128 1150 1188; x_wconf 88' lang='lat' dir='ltr'>ostensum</span> <span class='ocrx_word' id='word_1_108' title='bbox 1163 1128 1221 1200; x_wconf 85' lang='lat' dir='ltr'>est,</span> <span class='ocrx_word' id='word_1_109' title='bbox 1236 1124 1384 1210; x_wconf 79' lang='lat' dir='ltr'>Regnum</span> <span class='ocrx_word' id='word_1_110' title='bbox 1397 1125 1516 1190; x_wconf 77' lang='lat' dir='ltr'>Christi</span> <span class='ocrx_word' id='word_1_111' title='bbox 1527 1149 1591 1190; x_wconf 90' lang='lat' dir='ltr'>non</span> 
     </span>
    </p>
   </div>
   <div class='ocr_carea' id='block_1_6' title="bbox 118 1209 1589 1387">
    <p class='ocr_par' dir='ltr' id='par_1_6' title="bbox 118 1209 1589 1387">
     <span class='ocr_line' id='line_1_10' title="bbox 122 1209 1589 1298; baseline 0 -20"><span class='ocrx_word' id='word_1_112' title='bbox 122 1235 192 1278; x_wconf 87' lang='lat' dir='ltr'>esse</span> <span class='ocrx_word' id='word_1_113' title='bbox 216 1213 255 1277; x_wconf 91' lang='lat' dir='ltr'>de</span> <span class='ocrx_word' id='word_1_114' title='bbox 277 1211 338 1276; x_wconf 92' lang='lat' dir='ltr'>hoc</span> <span class='ocrx_word' id='word_1_115' title='bbox 350 1212 484 1288; x_wconf 79' lang='lat' dir='ltr'>mund03</span> <span class='ocrx_word' id='word_1_116' title='bbox 499 1233 534 1276; x_wconf 90' lang='lat' dir='ltr'>ao</span> <span class='ocrx_word' id='word_1_117' title='bbox 546 1211 676 1295; x_wconf 91' lang='lat' dir='ltr'>proinde</span> <span class='ocrx_word' id='word_1_118' title='bbox 689 1233 760 1276; x_wconf 90' lang='lat' dir='ltr'>cum</span> <span class='ocrx_word' id='word_1_119' title='bbox 773 1209 887 1295; x_wconf 82' lang='lat' dir='ltr'>Regno</span> <span class='ocrx_word' id='word_1_120' title='bbox 902 1212 1062 1277; x_wconf 89' lang='lat' dir='ltr'>mundano</span> <span class='ocrx_word' id='word_1_121' title='bbox 1074 1235 1137 1276; x_wconf 92' lang='lat' dir='ltr'>non</span> <span class='ocrx_word' id='word_1_122' title='bbox 1149 1214 1416 1293; x_wconf 84' lang='lat' dir='ltr'>confundendum,</span> <span class='ocrx_word' id='word_1_123' title='bbox 1430 1238 1486 1278; x_wconf 93' lang='lat' dir='ltr'>nec</span> <span class='ocrx_word' id='word_1_124' title='bbox 1498 1219 1589 1298; x_wconf 89' lang='lat' dir='ltr'>pote-</span> 
     </span>
     <span class='ocr_line' id='line_1_11' title="bbox 118 1300 1585 1387; baseline 0 -20"><span class='ocrx_word' id='word_1_125' title='bbox 118 1305 238 1368; x_wconf 84' lang='lat' dir='ltr'>statem</span> <span class='ocrx_word' id='word_1_126' title='bbox 262 1322 298 1365; x_wconf 85' lang='lat' dir='ltr'>ac</span> <span class='ocrx_word' id='word_1_127' title='bbox 321 1301 468 1385; x_wconf 87' lang='lat' dir='ltr'>politiam</span> <span class='ocrx_word' id='word_1_128' title='bbox 490 1300 588 1378; x_wconf 91' lang='lat' dir='ltr'>illius,</span> <span class='ocrx_word' id='word_1_129' title='bbox 613 1301 653 1366; x_wconf 89' lang='lat' dir='ltr'>ad</span> <span class='ocrx_word' id='word_1_130' title='bbox 672 1300 836 1364; x_wconf 89' lang='lat' dir='ltr'>modulum</span> <span class='ocrx_word' id='word_1_131' title='bbox 848 1300 941 1365; x_wconf 87' lang='lat' dir='ltr'>istius</span> <span class='ocrx_word' id='word_1_132' title='bbox 958 1301 1195 1366; x_wconf 88' lang='lat' dir='ltr'>efformandam.</span> <span class='ocrx_word' id='word_1_133' title='bbox 1221 1301 1309 1378; x_wconf 84' lang='lat' dir='ltr'>Quae</span> <span class='ocrx_word' id='word_1_134' title='bbox 1321 1303 1374 1367; x_wconf 90' lang='lat' dir='ltr'>hio</span> <span class='ocrx_word' id='word_1_135' title='bbox 1390 1325 1451 1367; x_wconf 92' lang='lat' dir='ltr'>non</span> <span class='ocrx_word' id='word_1_136' title='bbox 1464 1308 1585 1387; x_wconf 86' lang='lat' dir='ltr'>repeto.</span> 
     </span>
    </p>
   </div>
   <div class='ocr_carea' id='block_1_7' title="bbox 10 1389 1588 1566">
    <p class='ocr_par' dir='ltr' id='par_1_7' title="bbox 10 1389 1588 1566">
     <span class='ocr_line' id='line_1_12' title="bbox 10 1389 1585 1476; baseline 0 -20"><span class='ocrx_word' id='word_1_137' title='bbox 10 1423 12 1470; x_wconf 61' lang='lat' dir='ltr'>q</span> <span class='ocrx_word' id='word_1_138' title='bbox 119 1390 262 1456; x_wconf 80' lang='lat' dir='ltr'>Tantum</span> <span class='ocrx_word' id='word_1_139' title='bbox 274 1390 353 1454; x_wconf 89' lang='lat' dir='ltr'>illud</span> <span class='ocrx_word' id='word_1_140' title='bbox 367 1413 404 1454; x_wconf 87' lang='lat' dir='ltr'>ex</span> <span class='ocrx_word' id='word_1_141' title='bbox 421 1390 567 1474; x_wconf 82' lang='lat' dir='ltr'>catalogo</span> <span class='ocrx_word' id='word_1_142' title='bbox 580 1393 781 1474; x_wconf 87' lang='lat' dir='ltr'>peccatorum</span> <span class='ocrx_word' id='word_1_143' title='bbox 795 1389 1060 1471; x_wconf 68' lang='lat' dir='ltr'>&amp;scandalorum</span> <span class='ocrx_word' id='word_1_144' title='bbox 1078 1414 1159 1475; x_wconf 89' lang='lat' dir='ltr'>quae</span> <span class='ocrx_word' id='word_1_145' title='bbox 1173 1392 1311 1476; x_wconf 84' lang='lat' dir='ltr'>exempli</span> <span class='ocrx_word' id='word_1_146' title='bbox 1327 1397 1421 1456; x_wconf 77' lang='lat' dir='ltr'>causa</span> <span class='ocrx_word' id='word_1_147' title='bbox 1433 1392 1467 1455; x_wconf 89' lang='lat' dir='ltr'>in</span> <span class='ocrx_word' id='word_1_148' title='bbox 1480 1394 1585 1458; x_wconf 75' lang='lat' dir='ltr'>bilitr-</span> 
     </span>
     <span class='ocr_line' id='line_1_13' title="bbox 10 1477 1588 1566; baseline -0.001 -20"><span class='ocrx_word' id='word_1_149' title='bbox 10 1477 12 1554; x_wconf 61' lang='lat' dir='ltr'>J&#39;</span> <span class='ocrx_word' id='word_1_150' title='bbox 117 1481 171 1566; x_wconf 72' lang='lat' dir='ltr'>qia</span> <span class='ocrx_word' id='word_1_151' title='bbox 196 1480 362 1558; x_wconf 76' lang='lat' dir='ltr'>Palatina,</span> <span class='ocrx_word' id='word_1_152' title='bbox 388 1479 526 1564; x_wconf 80' lang='lat' dir='ltr'>Bclpiccl,</span> <span class='ocrx_word' id='word_1_153' title='bbox 553 1479 672 1545; x_wconf 76' lang='lat' dir='ltr'>Gallica</span> <span class='ocrx_word' id='word_1_154' title='bbox 694 1483 914 1556; x_wconf 88' lang='lat' dir='ltr'>recensentur,</span> <span class='ocrx_word' id='word_1_155' title='bbox 939 1480 1062 1564; x_wconf 90' lang='lat' dir='ltr'>aliquos</span> <span class='ocrx_word' id='word_1_156' title='bbox 1087 1480 1154 1544; x_wconf 90' lang='lat' dir='ltr'>illio</span> <span class='ocrx_word' id='word_1_157' title='bbox 1178 1481 1588 1546; x_wconf 79' lang='lat' dir='ltr'>iucommunioneexelusos</span> 
     </span>
    </p>
   </div>
   <div class='ocr_carea' id='block_1_8' title="bbox 119 1567 1664 3968">
    <p class='ocr_par' dir='ltr' id='par_1_8' title="bbox 119 1567 1664 3968">
     <span class='ocr_line' id='line_1_14' title="bbox 119 1567 1591 1651; baseline -0.001 -17"><span class='ocrx_word' id='word_1_158' title='bbox 119 1568 312 1646; x_wconf 89' lang='lat' dir='ltr'>denuntiari,</span> <span class='ocrx_word' id='word_1_159' title='bbox 336 1568 390 1651; x_wconf 89' lang='lat' dir='ltr'>qui</span> <span class='ocrx_word' id='word_1_160' title='bbox 407 1568 441 1631; x_wconf 90' lang='lat' dir='ltr'>in</span> <span class='ocrx_word' id='word_1_161' title='bbox 461 1567 558 1632; x_wconf 86' lang='lat' dir='ltr'>variis</span> <span class='ocrx_word' id='word_1_162' title='bbox 578 1567 700 1651; x_wconf 86' lang='lat' dir='ltr'>politiis</span> <span class='ocrx_word' id='word_1_163' title='bbox 713 1569 735 1634; x_wconf 78' lang='lat' dir='ltr'>tr</span> <span class='ocrx_word' id='word_1_164' title='bbox 748 1569 1041 1646; x_wconf 87' lang='lat' dir='ltr'>communitatibus,</span> <span class='ocrx_word' id='word_1_165' title='bbox 1056 1569 1152 1633; x_wconf 88' lang='lat' dir='ltr'>etiam</span> <span class='ocrx_word' id='word_1_166' title='bbox 1165 1569 1367 1646; x_wconf 82' lang='lat' dir='ltr'>Christianis,</span> <span class='ocrx_word' id='word_1_167' title='bbox 1382 1571 1479 1635; x_wconf 90' lang='lat' dir='ltr'>immo</span> <span class='ocrx_word' id='word_1_168' title='bbox 1492 1571 1514 1634; x_wconf 81' lang='lat' dir='ltr'>tr</span> <span class='ocrx_word' id='word_1_169' title='bbox 1527 1569 1591 1633; x_wconf 88' lang='lat' dir='ltr'>Re·</span> 
     </span>
     <span class='ocr_line' id='line_1_15' title="bbox 120 1655 1587 1741; baseline -0.001 -17"><span class='ocrx_word' id='word_1_170' title='bbox 120 1657 270 1724; x_wconf 83' lang='lat' dir='ltr'>formatis</span> <span class='ocrx_word' id='word_1_171' title='bbox 284 1657 403 1741; x_wconf 82' lang='lat' dir='ltr'>absque</span> <span class='ocrx_word' id='word_1_172' title='bbox 416 1656 523 1740; x_wconf 71' lang='lat' dir='ltr'>aliqud</span> <span class='ocrx_word' id='word_1_173' title='bbox 535 1657 682 1722; x_wconf 73' lang='lat' dir='ltr'>molestia</span> <span class='ocrx_word' id='word_1_174' title='bbox 693 1655 805 1720; x_wconf 87' lang='lat' dir='ltr'>vivunt</span> <span class='ocrx_word' id='word_1_175' title='bbox 817 1659 1029 1722; x_wconf 69' lang='lat' dir='ltr'>diversantur:</span> <span class='ocrx_word' id='word_1_176' title='bbox 1043 1657 1160 1733; x_wconf 82' lang='lat' dir='ltr'>Quales</span> <span class='ocrx_word' id='word_1_177' title='bbox 1169 1658 1370 1738; x_wconf 76' lang='lat' dir='ltr'>idololatrae,</span> <span class='ocrx_word' id='word_1_178' title='bbox 1381 1657 1587 1736; x_wconf 85' lang='lat' dir='ltr'>Scortatores,</span> 
     </span>
     <span class='ocr_line' id='line_1_16' title="bbox 120 1744 1590 1832; baseline -0.002 -19"><span class='ocrx_word' id='word_1_179' title='bbox 120 1747 338 1831; x_wconf 77' lang='lat' dir='ltr'>stupratores,</span> <span class='ocrx_word' id='word_1_180' title='bbox 354 1745 588 1824; x_wconf 83' lang='lat' dir='ltr'>Foenerateres,</span> <span class='ocrx_word' id='word_1_181' title='bbox 604 1744 1103 1826; x_wconf 59' lang='lat' dir='ltr'>Aleatores,Flbriosi.Aternio.</span> <span class='ocrx_word' id='word_1_182' title='bbox 1111 1749 1199 1832; x_wconf 85' lang='lat' dir='ltr'>Ilesp.</span> <span class='ocrx_word' id='word_1_183' title='bbox 1211 1749 1240 1812; x_wconf 89' lang='lat'>3.</span> <span class='ocrx_word' id='word_1_184' title='bbox 1251 1747 1330 1812; x_wconf 79' lang='lat' dir='ltr'>Qum</span> <span class='ocrx_word' id='word_1_185' title='bbox 1339 1747 1372 1810; x_wconf 90' lang='lat' dir='ltr'>in</span> <span class='ocrx_word' id='word_1_186' title='bbox 1380 1746 1518 1830; x_wconf 89' lang='lat' dir='ltr'>Imperio</span> <span class='ocrx_word' id='word_1_187' title='bbox 1523 1748 1590 1830; x_wconf 88' lang='lat' dir='ltr'>jam</span> 
     </span>
     <span class='ocr_line' id='line_1_17' title="bbox 121 1834 1588 1920; baseline -0.001 -19"><span class='ocrx_word' id='word_1_188' title='bbox 121 1835 370 1902; x_wconf 75' lang='lat' dir='ltr'>christianizato</span> <span class='ocrx_word' id='word_1_189' title='bbox 384 1835 444 1920; x_wconf 88' lang='lat' dir='ltr'>(ita</span> <span class='ocrx_word' id='word_1_190' title='bbox 453 1834 578 1918; x_wconf 87' lang='lat' dir='ltr'>loquar)</span> <span class='ocrx_word' id='word_1_191' title='bbox 588 1835 704 1903; x_wconf 88' lang='lat' dir='ltr'>Nouell.</span> <span class='ocrx_word' id='word_1_192' title='bbox 715 1834 767 1900; x_wconf 85' lang='lat'>89.</span> <span class='ocrx_word' id='word_1_193' title='bbox 781 1835 993 1918; x_wconf 83' lang='lat' dir='ltr'>&amp;specialiter</span> <span class='ocrx_word' id='word_1_194' title='bbox 1008 1836 1042 1898; x_wconf 94' lang='lat' dir='ltr'>in</span> <span class='ocrx_word' id='word_1_195' title='bbox 1054 1834 1211 1900; x_wconf 87' lang='lat' dir='ltr'>Orientali</span> <span class='ocrx_word' id='word_1_196' title='bbox 1223 1836 1361 1920; x_wconf 76' lang='lat' dir='ltr'>Imperio</span> <span class='ocrx_word' id='word_1_197' title='bbox 1374 1836 1456 1900; x_wconf 88' lang='lat' dir='ltr'>circa</span> <span class='ocrx_word' id='word_1_198' title='bbox 1469 1858 1588 1901; x_wconf 91' lang='lat' dir='ltr'>annum</span> 
     </span>
     <span class='ocr_line' id='line_1_18' title="bbox 121 1925 1589 2010; baseline 0 -20"><span class='ocrx_word' id='word_1_199' title='bbox 121 1927 198 1991; x_wconf 83' lang='grc'><strong>867.</strong></span> <span class='ocrx_word' id='word_1_200' title='bbox 226 1925 288 2010; x_wconf 91' lang='lat' dir='ltr'>(uti</span> <span class='ocrx_word' id='word_1_201' title='bbox 311 1927 400 2008; x_wconf 88' lang='lat' dir='ltr'>patet</span> <span class='ocrx_word' id='word_1_202' title='bbox 423 1945 461 1988; x_wconf 87' lang='lat' dir='ltr'>ex</span> <span class='ocrx_word' id='word_1_203' title='bbox 487 1925 619 1992; x_wconf 82' lang='lat' dir='ltr'>Nouellia</span> <span class='ocrx_word' id='word_1_204' title='bbox 643 1926 873 2008; x_wconf 79' lang='lat' dir='ltr'>Irnpcroloruui</span> <span class='ocrx_word' id='word_1_205' title='bbox 893 1925 928 1988; x_wconf 89' lang='lat' dir='ltr'>iu</span> <span class='ocrx_word' id='word_1_206' title='bbox 940 1926 1015 1990; x_wconf 77' lang='lat' dir='ltr'>lure</span> <span class='ocrx_word' id='word_1_207' title='bbox 1028 1926 1181 1991; x_wconf 80' lang='lat' dir='ltr'>Orientali</span> <span class='ocrx_word' id='word_1_208' title='bbox 1193 1925 1243 1990; x_wconf 85' lang='lat' dir='ltr'>lib.</span> <span class='ocrx_word' id='word_1_209' title='bbox 1261 1928 1292 1988; x_wconf 89' lang='grc'>2.</span> <span class='ocrx_word' id='word_1_210' title='bbox 1306 1949 1336 2010; x_wconf 92' lang='lat' dir='ltr'>p.</span> <span class='ocrx_word' id='word_1_211' title='bbox 1350 1926 1402 1989; x_wconf 88' lang='grc'>87.</span> <span class='ocrx_word' id='word_1_212' title='bbox 1415 1925 1508 1989; x_wconf 89' lang='lat' dir='ltr'>modo</span> <span class='ocrx_word' id='word_1_213' title='bbox 1524 1927 1589 2010; x_wconf 81' lang='lat' dir='ltr'>cil.)</span> 
     </span>
     <span class='ocr_line' id='line_1_19' title="bbox 123 2012 1587 2098; baseline -0.001 -18"><span class='ocrx_word' id='word_1_214' title='bbox 123 2015 231 2080; x_wconf 87' lang='lat' dir='ltr'>omnis</span> <span class='ocrx_word' id='word_1_215' title='bbox 252 2012 480 2078; x_wconf 88' lang='lat' dir='ltr'>concubinatus</span> <span class='ocrx_word' id='word_1_216' title='bbox 500 2013 680 2097; x_wconf 89' lang='lat' dir='ltr'>prohibitus</span> <span class='ocrx_word' id='word_1_217' title='bbox 700 2013 759 2084; x_wconf 82' lang='lat' dir='ltr'>sit;</span> <span class='ocrx_word' id='word_1_218' title='bbox 776 2035 833 2077; x_wconf 89' lang='lat' dir='ltr'>nec</span> <span class='ocrx_word' id='word_1_219' title='bbox 846 2013 951 2077; x_wconf 87' lang='lat' dir='ltr'>minus</span> <span class='ocrx_word' id='word_1_220' title='bbox 964 2012 997 2076; x_wconf 90' lang='lat' dir='ltr'>in</span> <span class='ocrx_word' id='word_1_221' title='bbox 1008 2012 1148 2096; x_wconf 90' lang='lat' dir='ltr'>Imperio</span> <span class='ocrx_word' id='word_1_222' title='bbox 1161 2012 1355 2078; x_wconf 89' lang='lat' dir='ltr'>Occidentali</span> <span class='ocrx_word' id='word_1_223' title='bbox 1367 2037 1424 2098; x_wconf 90' lang='lat' dir='ltr'>per</span> <span class='ocrx_word' id='word_1_224' title='bbox 1437 2013 1458 2077; x_wconf 88' lang='lat' dir='ltr'>J</span> <span class='ocrx_word' id='word_1_225' title='bbox 1461 2037 1518 2078; x_wconf 90' lang='lat' dir='ltr'>ura</span> <span class='ocrx_word' id='word_1_226' title='bbox 1529 2037 1587 2078; x_wconf 91' lang='lat' dir='ltr'>no·</span> 
     </span>
     <span class='ocr_line' id='line_1_20' title="bbox 125 2101 1590 2186; baseline 0.001 -19"><span class='ocrx_word' id='word_1_227' title='bbox 125 2103 269 2180; x_wconf 76' lang='lat' dir='ltr'>sissima,</span> <span class='ocrx_word' id='word_1_228' title='bbox 283 2103 380 2166; x_wconf 89' lang='lat' dir='ltr'>immo</span> <span class='ocrx_word' id='word_1_229' title='bbox 397 2101 493 2166; x_wconf 89' lang='lat' dir='ltr'>etiam</span> <span class='ocrx_word' id='word_1_230' title='bbox 511 2124 567 2186; x_wconf 90' lang='lat' dir='ltr'>per</span> <span class='ocrx_word' id='word_1_231' title='bbox 578 2102 659 2167; x_wconf 86' lang='lat' dir='ltr'>Jura</span> <span class='ocrx_word' id='word_1_232' title='bbox 671 2101 838 2166; x_wconf 87' lang='lat' dir='ltr'>canonica:</span> <span class='ocrx_word' id='word_1_233' title='bbox 852 2101 1027 2166; x_wconf 83' lang='lat' dir='ltr'>fatentibus</span> <span class='ocrx_word' id='word_1_234' title='bbox 1039 2102 1060 2166; x_wconf 86' lang='lat' dir='ltr'>J</span> <span class='ocrx_word' id='word_1_235' title='bbox 1063 2103 1272 2168; x_wconf 86' lang='lat' dir='ltr'>ureconsultis</span> <span class='ocrx_word' id='word_1_236' title='bbox 1285 2103 1460 2168; x_wconf 84' lang='lat' dir='ltr'>Pontificiis</span> <span class='ocrx_word' id='word_1_237' title='bbox 1480 2104 1590 2170; x_wconf 85' lang='lat' dir='ltr'>Tholo-</span> 
     </span>
     <span class='ocr_line' id='line_1_21' title="bbox 124 2190 1592 2278; baseline -0.002 -20"><span class='ocrx_word' id='word_1_238' title='bbox 124 2213 205 2258; x_wconf 84' lang='lat' dir='ltr'>aaao</span> <span class='ocrx_word' id='word_1_239' title='bbox 219 2190 283 2257; x_wconf 88' lang='lat' dir='ltr'>Lib.</span> <span class='ocrx_word' id='word_1_240' title='bbox 299 2190 350 2255; x_wconf 87' lang='lat'>10.</span> <span class='ocrx_word' id='word_1_241' title='bbox 363 2212 430 2276; x_wconf 84' lang='lat' dir='ltr'>cap.</span> <span class='ocrx_word' id='word_1_242' title='bbox 446 2191 476 2254; x_wconf 91' lang='lat' dir='ltr'>l.</span> <span class='ocrx_word' id='word_1_243' title='bbox 489 2192 516 2274; x_wconf 63' lang='grc' dir='ltr'>ξ.</span> <span class='ocrx_word' id='word_1_244' title='bbox 532 2191 583 2255; x_wconf 92' lang='grc'>15.</span> <span class='ocrx_word' id='word_1_245' title='bbox 599 2191 661 2270; x_wconf 72' lang='lat' dir='ltr'>le,</span> <span class='ocrx_word' id='word_1_246' title='bbox 675 2190 781 2255; x_wconf 86' lang='lat' dir='ltr'>citatis</span> <span class='ocrx_word' id='word_1_247' title='bbox 793 2190 838 2254; x_wconf 91' lang='lat' dir='ltr'>ibi</span> <span class='ocrx_word' id='word_1_248' title='bbox 854 2191 1011 2256; x_wconf 84' lang='lat' dir='ltr'>llluwcbie</span> <span class='ocrx_word' id='word_1_249' title='bbox 1028 2191 1095 2259; x_wconf 84' lang='lat' dir='ltr'>Cos.</span> <span class='ocrx_word' id='word_1_250' title='bbox 1114 2193 1187 2255; x_wconf 85' lang='grc'><strong>418.</strong></span> <span class='ocrx_word' id='word_1_251' title='bbox 1201 2194 1229 2276; x_wconf 60' lang='grc' dir='ltr'>ἕ.</span> <span class='ocrx_word' id='word_1_252' title='bbox 1246 2193 1296 2256; x_wconf 88' lang='grc'>13.</span> <span class='ocrx_word' id='word_1_253' title='bbox 1312 2190 1435 2278; x_wconf 71' lang='lat' dir='ltr'>tlseqq.</span> <span class='ocrx_word' id='word_1_254' title='bbox 1449 2195 1592 2258; x_wconf 84' lang='lat' dir='ltr'>Palecolo</span> 
     </span>
     <span class='ocr_line' id='line_1_22' title="bbox 125 2279 1593 2366; baseline -0.003 -18"><span class='ocrx_word' id='word_1_255' title='bbox 125 2283 163 2348; x_wconf 86' lang='lat' dir='ltr'>de</span> <span class='ocrx_word' id='word_1_256' title='bbox 189 2281 281 2349; x_wconf 78' lang='lat' dir='ltr'>Nolle.</span> <span class='ocrx_word' id='word_1_257' title='bbox 305 2279 336 2345; x_wconf 76' lang='lat' dir='ltr'>u·</span> <span class='ocrx_word' id='word_1_258' title='bbox 354 2280 450 2364; x_wconf 85' lang='lat' dir='ltr'>Spur.</span> <span class='ocrx_word' id='word_1_259' title='bbox 467 2301 535 2364; x_wconf 82' lang='lat' dir='ltr'>cup.</span> <span class='ocrx_word' id='word_1_260' title='bbox 553 2281 623 2346; x_wconf 85' lang='lat'>12.:</span> <span class='ocrx_word' id='word_1_261' title='bbox 639 2279 749 2344; x_wconf 89' lang='lat' dir='ltr'>mirari</span> <span class='ocrx_word' id='word_1_262' title='bbox 762 2280 859 2357; x_wconf 88' lang='lat' dir='ltr'>subit,</span> <span class='ocrx_word' id='word_1_263' title='bbox 872 2284 935 2366; x_wconf 70' lang='lat' dir='ltr'>quii</span> <span class='ocrx_word' id='word_1_264' title='bbox 951 2281 1136 2364; x_wconf 89' lang='lat' dir='ltr'>disciplinae</span> <span class='ocrx_word' id='word_1_265' title='bbox 1149 2281 1309 2346; x_wconf 82' lang='lat' dir='ltr'>laxatione</span> <span class='ocrx_word' id='word_1_266' title='bbox 1321 2281 1524 2346; x_wconf 88' lang='lat' dir='ltr'>scandalosus</span> <span class='ocrx_word' id='word_1_267' title='bbox 1537 2282 1593 2344; x_wconf 90' lang='lat' dir='ltr'>ille</span> 
     </span>
     <span class='ocr_line' id='line_1_23' title="bbox 128 2368 1592 2455; baseline -0.002 -20"><span class='ocrx_word' id='word_1_268' title='bbox 128 2393 230 2436; x_wconf 88' lang='lat' dir='ltr'>canon</span> <span class='ocrx_word' id='word_1_269' title='bbox 244 2370 285 2448; x_wconf 85' lang='lat' dir='ltr'>(is</span> <span class='ocrx_word' id='word_1_270' title='bbox 298 2368 365 2453; x_wconf 92' lang='lat' dir='ltr'>qui)</span> <span class='ocrx_word' id='word_1_271' title='bbox 377 2368 499 2433; x_wconf 90' lang='lat' dir='ltr'>tamdiu</span> <span class='ocrx_word' id='word_1_272' title='bbox 511 2368 544 2433; x_wconf 92' lang='lat' dir='ltr'>in</span> <span class='ocrx_word' id='word_1_273' title='bbox 557 2370 631 2436; x_wconf 80' lang='lat' dir='ltr'>Jurc</span> <span class='ocrx_word' id='word_1_274' title='bbox 648 2369 812 2446; x_wconf 74' lang='lat' dir='ltr'>Qruouico,</span> <span class='ocrx_word' id='word_1_275' title='bbox 827 2373 893 2432; x_wconf 80' lang='lat' dir='ltr'>tani</span> <span class='ocrx_word' id='word_1_276' title='bbox 905 2370 1001 2453; x_wconf 87' lang='lat' dir='ltr'>priori</span> <span class='ocrx_word' id='word_1_277' title='bbox 1017 2371 1107 2455; x_wconf 84' lang='lat' dir='ltr'>[pag.</span> <span class='ocrx_word' id='word_1_278' title='bbox 1121 2369 1201 2455; x_wconf 79' lang='lat'>776]</span> <span class='ocrx_word' id='word_1_279' title='bbox 1216 2372 1412 2449; x_wconf 69' lang='lat' dir='ltr'>loculatum</span> <span class='ocrx_word' id='word_1_280' title='bbox 1425 2370 1592 2454; x_wconf 86' lang='lat' dir='ltr'>posteriori</span> 
     </span>
     <span class='ocr_line' id='line_1_24' title="bbox 127 2457 1594 2543; baseline -0.003 -16"><span class='ocrx_word' id='word_1_281' title='bbox 127 2460 275 2528; x_wconf 66' lang='lat' dir='ltr'>&amp;almiri</span> <span class='ocrx_word' id='word_1_282' title='bbox 296 2457 450 2522; x_wconf 89' lang='lat' dir='ltr'>toleratus</span> <span class='ocrx_word' id='word_1_283' title='bbox 463 2457 522 2522; x_wconf 90' lang='lat' dir='ltr'>sit:</span> <span class='ocrx_word' id='word_1_284' title='bbox 536 2459 559 2523; x_wconf 78' lang='lat' dir='ltr'>tr</span> <span class='ocrx_word' id='word_1_285' title='bbox 571 2459 709 2543; x_wconf 89' lang='lat' dir='ltr'>quidem,</span> <span class='ocrx_word' id='word_1_286' title='bbox 723 2459 807 2542; x_wconf 91' lang='lat' dir='ltr'>quod</span> <span class='ocrx_word' id='word_1_287' title='bbox 818 2459 921 2542; x_wconf 77' lang='lat' dir='ltr'>magis</span> <span class='ocrx_word' id='word_1_288' title='bbox 934 2459 1124 2538; x_wconf 87' lang='lat' dir='ltr'>mirandum,</span> <span class='ocrx_word' id='word_1_289' title='bbox 1139 2481 1211 2523; x_wconf 91' lang='lat' dir='ltr'>cum</span> <span class='ocrx_word' id='word_1_290' title='bbox 1223 2459 1282 2522; x_wconf 91' lang='lat' dir='ltr'>tali</span> <span class='ocrx_word' id='word_1_291' title='bbox 1295 2459 1437 2524; x_wconf 75' lang='lat' dir='ltr'>rubrica:</span> <span class='ocrx_word' id='word_1_292' title='bbox 1454 2461 1517 2542; x_wconf 87' lang='lat' dir='ltr'>Qui</span> <span class='ocrx_word' id='word_1_293' title='bbox 1528 2480 1594 2524; x_wconf 89' lang='lat' dir='ltr'>uou</span> 
     </span>
     <span class='ocr_line' id='line_1_25' title="bbox 123 2546 1592 2631; baseline -0.003 -17"><span class='ocrx_word' id='word_1_294' title='bbox 123 2549 215 2614; x_wconf 82' lang='lat' dir='ltr'>babel</span> <span class='ocrx_word' id='word_1_295' title='bbox 232 2550 363 2614; x_wconf 81' lang='lat' dir='ltr'>llaorem</span> <span class='ocrx_word' id='word_1_296' title='bbox 377 2549 440 2612; x_wconf 89' lang='lat' dir='ltr'>loco</span> <span class='ocrx_word' id='word_1_297' title='bbox 452 2547 537 2614; x_wconf 84' lang='lat' dir='ltr'>illius</span> <span class='ocrx_word' id='word_1_298' title='bbox 551 2546 766 2615; x_wconf 85' lang='lat' dir='ltr'>Concubiuam</span> <span class='ocrx_word' id='word_1_299' title='bbox 778 2547 862 2612; x_wconf 81' lang='lat' dir='ltr'>debet</span> <span class='ocrx_word' id='word_1_300' title='bbox 873 2547 992 2612; x_wconf 77' lang='lat' dir='ltr'>belem.</span> <span class='ocrx_word' id='word_1_301' title='bbox 1006 2546 1058 2612; x_wconf 86' lang='lat' dir='ltr'>Sic</span> <span class='ocrx_word' id='word_1_302' title='bbox 1071 2548 1154 2612; x_wconf 88' lang='lat' dir='ltr'>enim</span> <span class='ocrx_word' id='word_1_303' title='bbox 1166 2548 1287 2631; x_wconf 87' lang='lat' dir='ltr'>habent</span> <span class='ocrx_word' id='word_1_304' title='bbox 1299 2548 1453 2612; x_wconf 88' lang='lat' dir='ltr'>editiones</span> <span class='ocrx_word' id='word_1_305' title='bbox 1465 2549 1592 2613; x_wconf 88' lang='lat' dir='ltr'>Decreti</span> 
     </span>
     <span class='ocr_line' id='line_1_26' title="bbox 123 2635 1593 2721; baseline -0.002 -18"><span class='ocrx_word' id='word_1_306' title='bbox 123 2639 156 2703; x_wconf 92' lang='lat' dir='ltr'>in</span> <span class='ocrx_word' id='word_1_307' title='bbox 174 2638 205 2701; x_wconf 87' lang='grc'>4.</span> <span class='ocrx_word' id='word_1_308' title='bbox 226 2635 410 2720; x_wconf 83' lang='lat' dir='ltr'>&amp;Corporis</span> <span class='ocrx_word' id='word_1_309' title='bbox 426 2635 575 2701; x_wconf 72' lang='lat' dir='ltr'>canonici</span> <span class='ocrx_word' id='word_1_310' title='bbox 589 2636 721 2721; x_wconf 82' lang='lat' dir='ltr'>glossati</span> <span class='ocrx_word' id='word_1_311' title='bbox 734 2658 816 2700; x_wconf 91' lang='lat' dir='ltr'>anno</span> <span class='ocrx_word' id='word_1_312' title='bbox 835 2636 929 2700; x_wconf 84' lang='lat'>1507.</span> <span class='ocrx_word' id='word_1_313' title='bbox 944 2635 1101 2720; x_wconf 82' lang='lat' dir='ltr'>Lugduni,</span> <span class='ocrx_word' id='word_1_314' title='bbox 1119 2639 1237 2702; x_wconf 73' lang='lat' dir='ltr'>hanno</span> <span class='ocrx_word' id='word_1_315' title='bbox 1256 2637 1351 2700; x_wconf 87' lang='grc'><strong>1611.</strong></span> <span class='ocrx_word' id='word_1_316' title='bbox 1369 2636 1525 2714; x_wconf 79' lang='lat' dir='ltr'>Basileae.</span> <span class='ocrx_word' id='word_1_317' title='bbox 1550 2637 1593 2700; x_wconf 84' lang='lat' dir='ltr'>Et</span> 
     </span>
     <span class='ocr_line' id='line_1_27' title="bbox 122 2724 1591 2812; baseline -0.003 -20"><span class='ocrx_word' id='word_1_318' title='bbox 122 2725 275 2812; x_wconf 60' lang='lat' dir='ltr'>com&#39;tate.</span> <span class='ocrx_word' id='word_1_319' title='bbox 300 2727 363 2810; x_wconf 70' lang='lat' dir='ltr'>qua</span> <span class='ocrx_word' id='word_1_320' title='bbox 386 2748 457 2789; x_wconf 89' lang='lat' dir='ltr'>cum</span> <span class='ocrx_word' id='word_1_321' title='bbox 482 2726 700 2790; x_wconf 90' lang='lat' dir='ltr'>aedificatione</span> <span class='ocrx_word' id='word_1_322' title='bbox 716 2724 795 2789; x_wconf 89' lang='lat' dir='ltr'>haec</span> <span class='ocrx_word' id='word_1_323' title='bbox 811 2725 857 2788; x_wconf 88' lang='lat' dir='ltr'>ita</span> <span class='ocrx_word' id='word_1_324' title='bbox 869 2725 961 2804; x_wconf 88' lang='lat' dir='ltr'>lecta,</span> <span class='ocrx_word' id='word_1_325' title='bbox 979 2725 1097 2804; x_wconf 88' lang='lat' dir='ltr'>audita,</span> <span class='ocrx_word' id='word_1_326' title='bbox 1111 2725 1261 2806; x_wconf 75' lang='lat' dir='ltr'>allegato,</span> <span class='ocrx_word' id='word_1_327' title='bbox 1275 2727 1297 2791; x_wconf 75' lang='lat' dir='ltr'>lc</span> <span class='ocrx_word' id='word_1_328' title='bbox 1310 2725 1480 2790; x_wconf 89' lang='lat' dir='ltr'>memoriae</span> <span class='ocrx_word' id='word_1_329' title='bbox 1493 2726 1591 2788; x_wconf 86' lang='lat' dir='ltr'>infixa</span> 
     </span>
     <span class='ocr_line' id='line_1_28' title="bbox 123 2812 1590 2899; baseline -0.002 -19"><span class='ocrx_word' id='word_1_330' title='bbox 123 2815 246 2880; x_wconf 83' lang='lat' dir='ltr'>suerint</span> <span class='ocrx_word' id='word_1_331' title='bbox 266 2818 285 2878; x_wconf 76' lang='lat' dir='ltr'>a</span> <span class='ocrx_word' id='word_1_332' title='bbox 304 2813 390 2898; x_wconf 68' lang='lat' dir='ltr'>lyris,</span> <span class='ocrx_word' id='word_1_333' title='bbox 414 2817 433 2876; x_wconf 80' lang='lat' dir='ltr'>a</span> <span class='ocrx_word' id='word_1_334' title='bbox 448 2814 629 2891; x_wconf 86' lang='lat' dir='ltr'>licentiatis,</span> <span class='ocrx_word' id='word_1_335' title='bbox 642 2815 665 2879; x_wconf 75' lang='lat' dir='ltr'>le</span> <span class='ocrx_word' id='word_1_336' title='bbox 681 2812 848 2899; x_wconf 80' lang='lat' dir='ltr'>Magistris</span> <span class='ocrx_word' id='word_1_337' title='bbox 863 2813 884 2878; x_wconf 88' lang='lat' dir='ltr'>J</span> <span class='ocrx_word' id='word_1_338' title='bbox 887 2815 952 2878; x_wconf 91' lang='lat' dir='ltr'>uris</span> <span class='ocrx_word' id='word_1_339' title='bbox 965 2814 1131 2899; x_wconf 89' lang='lat' dir='ltr'>utriusque</span> <span class='ocrx_word' id='word_1_340' title='bbox 1144 2815 1174 2876; x_wconf 89' lang='lat' dir='ltr'>in</span> <span class='ocrx_word' id='word_1_341' title='bbox 1189 2813 1311 2878; x_wconf 85' lang='lat' dir='ltr'>Scholia</span> <span class='ocrx_word' id='word_1_342' title='bbox 1325 2814 1544 2892; x_wconf 87' lang='lat' dir='ltr'>Decretorum,</span> <span class='ocrx_word' id='word_1_343' title='bbox 1557 2813 1590 2877; x_wconf 94' lang='lat' dir='ltr'>in</span> 
     </span>
     <span class='ocr_line' id='line_1_29' title="bbox 122 2901 1591 2986; baseline -0.004 -16"><span class='ocrx_word' id='word_1_344' title='bbox 122 2903 250 2970; x_wconf 86' lang='lat' dir='ltr'>Scholis</span> <span class='ocrx_word' id='word_1_345' title='bbox 274 2901 487 2986; x_wconf 75' lang='lat' dir='ltr'>TheologiciS,</span> <span class='ocrx_word' id='word_1_346' title='bbox 511 2903 543 2966; x_wconf 91' lang='lat' dir='ltr'>in</span> <span class='ocrx_word' id='word_1_347' title='bbox 568 2903 664 2968; x_wconf 89' lang='lat' dir='ltr'>curiis</span> <span class='ocrx_word' id='word_1_348' title='bbox 677 2902 892 2966; x_wconf 89' lang='lat' dir='ltr'>saecularibus</span> <span class='ocrx_word' id='word_1_349' title='bbox 905 2907 927 2968; x_wconf 80' lang='lat' dir='ltr'>lu</span> <span class='ocrx_word' id='word_1_350' title='bbox 941 2903 1181 2986; x_wconf 86' lang='lat' dir='ltr'>episcopalibus.</span> <span class='ocrx_word' id='word_1_351' title='bbox 1207 2901 1335 2967; x_wconf 76' lang='lat' dir='ltr'>Norunt</span> <span class='ocrx_word' id='word_1_352' title='bbox 1350 2902 1398 2965; x_wconf 92' lang='lat' dir='ltr'>illi</span> <span class='ocrx_word' id='word_1_353' title='bbox 1412 2903 1591 2966; x_wconf 85' lang='lat' dir='ltr'>Abassinae</span> 
     </span>
     <span class='ocr_line' id='line_1_30' title="bbox 123 2991 1664 3079; baseline -0.003 -21"><span class='ocrx_word' id='word_1_354' title='bbox 123 2993 233 3079; x_wconf 81' lang='lat' dir='ltr'>gentis</span> <span class='ocrx_word' id='word_1_355' title='bbox 250 3013 372 3056; x_wconf 88' lang='lat' dir='ltr'>errores</span> <span class='ocrx_word' id='word_1_356' title='bbox 391 3013 568 3071; x_wconf 86' lang='lat' dir='ltr'>numerare,</span> <span class='ocrx_word' id='word_1_357' title='bbox 590 2994 613 3059; x_wconf 75' lang='lat' dir='ltr'>b</span> <span class='ocrx_word' id='word_1_358' title='bbox 632 2991 716 3055; x_wconf 89' lang='lat' dir='ltr'>inter</span> <span class='ocrx_word' id='word_1_359' title='bbox 733 3015 794 3069; x_wconf 91' lang='lat' dir='ltr'>eos,</span> <span class='ocrx_word' id='word_1_360' title='bbox 809 2992 892 3073; x_wconf 92' lang='lat' dir='ltr'>quod</span> <span class='ocrx_word' id='word_1_361' title='bbox 903 2995 1009 3076; x_wconf 84' lang='lat' dir='ltr'>plures</span> <span class='ocrx_word' id='word_1_362' title='bbox 1022 2993 1119 3057; x_wconf 83' lang='lat' dir='ltr'>simul</span> <span class='ocrx_word' id='word_1_363' title='bbox 1131 2991 1241 3054; x_wconf 82' lang='lat' dir='ltr'>habeut</span> <span class='ocrx_word' id='word_1_364' title='bbox 1260 2993 1386 3068; x_wconf 77' lang='lat' dir='ltr'>Userca,</span> <span class='ocrx_word' id='word_1_365' title='bbox 1399 2991 1430 3056; x_wconf 82' lang='lat' dir='ltr'>a·</span> <span class='ocrx_word' id='word_1_366' title='bbox 1445 3013 1507 3070; x_wconf 82' lang='lat' dir='ltr'>cus,</span> <span class='ocrx_word' id='word_1_367' title='bbox 1520 3012 1593 3056; x_wconf 84' lang='lat' dir='ltr'>cum</span> <span class='ocrx_word' id='word_1_368' title='bbox 1659 3017 1664 3026; x_wconf 95' lang='lat'><strong>·</strong></span> 
     </span>
     <span class='ocr_line' id='line_1_31' title="bbox 122 3079 1590 3166; baseline -0.004 -17"><span class='ocrx_word' id='word_1_369' title='bbox 122 3083 215 3158; x_wconf 80' lang='lat' dir='ltr'>later,</span> <span class='ocrx_word' id='word_1_370' title='bbox 237 3080 406 3165; x_wconf 76' lang='lat' dir='ltr'>repudiant</span> <span class='ocrx_word' id='word_1_371' title='bbox 423 3079 521 3166; x_wconf 88' lang='lat' dir='ltr'>(apud</span> <span class='ocrx_word' id='word_1_372' title='bbox 537 3081 660 3146; x_wconf 76' lang='lat' dir='ltr'>dcitur.</span> <span class='ocrx_word' id='word_1_373' title='bbox 676 3081 831 3146; x_wconf 71' lang='lat' dir='ltr'>Minaeum</span> <span class='ocrx_word' id='word_1_374' title='bbox 845 3081 908 3145; x_wconf 86' lang='lat' dir='ltr'>Lib.</span> <span class='ocrx_word' id='word_1_375' title='bbox 923 3082 952 3143; x_wconf 84' lang='lat'>4.</span> <span class='ocrx_word' id='word_1_376' title='bbox 966 3081 1004 3145; x_wconf 88' lang='lat' dir='ltr'>de</span> <span class='ocrx_word' id='word_1_377' title='bbox 1017 3079 1109 3147; x_wconf 87' lang='lat' dir='ltr'>Polil.</span> <span class='ocrx_word' id='word_1_378' title='bbox 1122 3081 1281 3144; x_wconf 81' lang='lat' dir='ltr'>ecclesiast.</span> <span class='ocrx_word' id='word_1_379' title='bbox 1297 3101 1352 3145; x_wconf 81' lang='lat' dir='ltr'>seu</span> <span class='ocrx_word' id='word_1_380' title='bbox 1364 3081 1400 3144; x_wconf 90' lang='lat' dir='ltr'>de</span> <span class='ocrx_word' id='word_1_381' title='bbox 1415 3091 1500 3144; x_wconf 70' lang='lat' dir='ltr'>allilia</span> <span class='ocrx_word' id='word_1_382' title='bbox 1514 3081 1590 3143; x_wconf 85' lang='lat' dir='ltr'>reli-</span> 
     </span>
     <span class='ocr_line' id='line_1_32' title="bbox 121 3168 1593 3258; baseline -0.004 -21"><span class='ocrx_word' id='word_1_383' title='bbox 121 3172 228 3258; x_wconf 79' lang='lat' dir='ltr'>piouis</span> <span class='ocrx_word' id='word_1_384' title='bbox 239 3191 296 3254; x_wconf 78' lang='lat' dir='ltr'>per</span> <span class='ocrx_word' id='word_1_385' title='bbox 307 3171 480 3254; x_wconf 77' lang='lat' dir='ltr'>Europam,</span> <span class='ocrx_word' id='word_1_386' title='bbox 493 3171 543 3235; x_wconf 81' lang='lat' dir='ltr'>ae.</span> <span class='ocrx_word' id='word_1_387' title='bbox 556 3191 623 3254; x_wconf 82' lang='lat' dir='ltr'>cup.</span> <span class='ocrx_word' id='word_1_388' title='bbox 639 3169 701 3253; x_wconf 82' lang='lat'>5.):</span> <span class='ocrx_word' id='word_1_389' title='bbox 715 3169 769 3234; x_wconf 91' lang='lat' dir='ltr'>sed</span> <span class='ocrx_word' id='word_1_390' title='bbox 785 3169 845 3233; x_wconf 92' lang='lat' dir='ltr'>hoc</span> <span class='ocrx_word' id='word_1_391' title='bbox 860 3170 898 3233; x_wconf 91' lang='lat' dir='ltr'>de</span> <span class='ocrx_word' id='word_1_392' title='bbox 911 3169 1014 3249; x_wconf 86' lang='lat' dir='ltr'>tactis,</span> <span class='ocrx_word' id='word_1_393' title='bbox 1029 3169 1098 3234; x_wconf 79' lang='lat' dir='ltr'>&amp;de</span> <span class='ocrx_word' id='word_1_394' title='bbox 1107 3168 1316 3248; x_wconf 70' lang='lat' dir='ltr'>conniventia,</span> <span class='ocrx_word' id='word_1_395' title='bbox 1326 3169 1593 3234; x_wconf 88' lang='lat' dir='ltr'>autadsummum</span> 
     </span>
     <span class='ocr_line' id='line_1_33' title="bbox 122 3256 1593 3342; baseline -0.004 -16"><span class='ocrx_word' id='word_1_396' title='bbox 122 3259 322 3326; x_wconf 88' lang='lat' dir='ltr'>deordinata</span> <span class='ocrx_word' id='word_1_397' title='bbox 333 3257 506 3322; x_wconf 76' lang='lat' dir='ltr'>tolerantia</span> <span class='ocrx_word' id='word_1_398' title='bbox 522 3258 734 3324; x_wconf 75' lang='lat' dir='ltr'>ecclesiastica</span> <span class='ocrx_word' id='word_1_399' title='bbox 746 3258 1000 3342; x_wconf 85' lang='lat' dir='ltr'>intelligendum.</span> <span class='ocrx_word' id='word_1_400' title='bbox 1026 3259 1077 3321; x_wconf 85' lang='lat' dir='ltr'>An</span> <span class='ocrx_word' id='word_1_401' title='bbox 1094 3281 1157 3322; x_wconf 92' lang='lat' dir='ltr'>non</span> <span class='ocrx_word' id='word_1_402' title='bbox 1173 3256 1336 3321; x_wconf 89' lang='lat' dir='ltr'>Romanae</span> <span class='ocrx_word' id='word_1_403' title='bbox 1349 3257 1509 3321; x_wconf 83' lang='lat' dir='ltr'>Ecclesiae</span> <span class='ocrx_word' id='word_1_404' title='bbox 1522 3257 1593 3340; x_wconf 88' lang='lat' dir='ltr'>pari</span> 
     </span>
     <span class='ocr_line' id='line_1_34' title="bbox 120 3346 1593 3436; baseline -0.004 -22"><span class='ocrx_word' id='word_1_405' title='bbox 120 3352 195 3436; x_wconf 86' lang='lat' dir='ltr'>jure</span> <span class='ocrx_word' id='word_1_406' title='bbox 219 3346 448 3413; x_wconf 87' lang='lat' dir='ltr'>concubinatus</span> <span class='ocrx_word' id='word_1_407' title='bbox 471 3346 605 3432; x_wconf 80' lang='lat' dir='ltr'>impingi</span> <span class='ocrx_word' id='word_1_408' title='bbox 628 3351 745 3432; x_wconf 91' lang='lat' dir='ltr'>posset.</span> <span class='ocrx_word' id='word_1_409' title='bbox 770 3346 922 3422; x_wconf 84' lang='lat' dir='ltr'>Quamvis</span> <span class='ocrx_word' id='word_1_410' title='bbox 946 3347 1031 3410; x_wconf 89' lang='lat' dir='ltr'>enim</span> <span class='ocrx_word' id='word_1_411' title='bbox 1055 3347 1198 3424; x_wconf 88' lang='lat' dir='ltr'>rubrum,</span> <span class='ocrx_word' id='word_1_412' title='bbox 1219 3369 1275 3431; x_wconf 89' lang='lat' dir='ltr'>per</span> <span class='ocrx_word' id='word_1_413' title='bbox 1286 3346 1390 3410; x_wconf 90' lang='lat' dir='ltr'>nescio</span> <span class='ocrx_word' id='word_1_414' title='bbox 1403 3368 1508 3431; x_wconf 89' lang='lat' dir='ltr'>quem,</span> <span class='ocrx_word' id='word_1_415' title='bbox 1521 3350 1593 3428; x_wconf 89' lang='lat' dir='ltr'>post</span> 
     </span>
     <span class='ocr_line' id='line_1_35' title="bbox 124 3433 1593 3523; baseline -0.005 -19"><span class='ocrx_word' id='word_1_416' title='bbox 124 3445 274 3522; x_wconf 89' lang='lat' dir='ltr'>tempora</span> <span class='ocrx_word' id='word_1_417' title='bbox 289 3435 533 3512; x_wconf 83' lang='lat' dir='ltr'>reformationis„</span> <span class='ocrx_word' id='word_1_418' title='bbox 546 3438 578 3501; x_wconf 91' lang='lat' dir='ltr'>in</span> <span class='ocrx_word' id='word_1_419' title='bbox 593 3437 701 3523; x_wconf 75' lang='lat' dir='ltr'>aliqua</span> <span class='ocrx_word' id='word_1_420' title='bbox 714 3436 813 3500; x_wconf 90' lang='lat' dir='ltr'>autin</span> <span class='ocrx_word' id='word_1_421' title='bbox 828 3436 989 3522; x_wconf 88' lang='lat' dir='ltr'>aliquibus</span> <span class='ocrx_word' id='word_1_422' title='bbox 1001 3436 1263 3520; x_wconf 88' lang='lat' dir='ltr'>impressionibus</span> <span class='ocrx_word' id='word_1_423' title='bbox 1276 3439 1435 3500; x_wconf 89' lang='lat' dir='ltr'>mutatum</span> <span class='ocrx_word' id='word_1_424' title='bbox 1448 3433 1500 3513; x_wconf 86' lang='lat' dir='ltr'>sit,</span> <span class='ocrx_word' id='word_1_425' title='bbox 1517 3435 1593 3498; x_wconf 90' lang='lat' dir='ltr'>sub-</span> 
     </span>
     <span class='ocr_line' id='line_1_36' title="bbox 125 3521 1659 3609; baseline -0.005 -16"><span class='ocrx_word' id='word_1_426' title='bbox 125 3527 295 3594; x_wconf 85' lang='lat' dir='ltr'>stitutione</span> <span class='ocrx_word' id='word_1_427' title='bbox 319 3529 371 3583; x_wconf 74' lang='grc' dir='ltr'>τοῦ</span> <span class='ocrx_word' id='word_1_428' title='bbox 387 3537 486 3609; x_wconf 80' lang='lat' dir='ltr'>polest</span> <span class='ocrx_word' id='word_1_429' title='bbox 508 3526 541 3590; x_wconf 91' lang='lat' dir='ltr'>in</span> <span class='ocrx_word' id='word_1_430' title='bbox 564 3527 669 3591; x_wconf 88' lang='lat' dir='ltr'>locum</span> <span class='ocrx_word' id='word_1_431' title='bbox 682 3529 733 3584; x_wconf 74' lang='grc' dir='ltr'>τοῦ</span> <span class='ocrx_word' id='word_1_432' title='bbox 748 3525 843 3603; x_wconf 79' lang='lat' dir='ltr'>debet,</span> <span class='ocrx_word' id='word_1_433' title='bbox 860 3527 977 3592; x_wconf 77' lang='lat' dir='ltr'>&amp;anno</span> <span class='ocrx_word' id='word_1_434' title='bbox 990 3525 1116 3590; x_wconf 90' lang='lat' dir='ltr'>demum</span> <span class='ocrx_word' id='word_1_435' title='bbox 1131 3525 1226 3589; x_wconf 87' lang='lat'>1580.</span> <span class='ocrx_word' id='word_1_436' title='bbox 1244 3547 1301 3608; x_wconf 90' lang='lat' dir='ltr'>per</span> <span class='ocrx_word' id='word_1_437' title='bbox 1312 3528 1503 3588; x_wconf 88' lang='lat' dir='ltr'>correctores</span> <span class='ocrx_word' id='word_1_438' title='bbox 1517 3521 1595 3587; x_wconf 85' lang='lat' dir='ltr'>Gre·</span> <span class='ocrx_word' id='word_1_439' title='bbox 1646 3561 1659 3607; x_wconf 84' lang='lat'>·.</span> 
     </span>
     <span class='ocr_line' id='line_1_37' title="bbox 124 3613 1594 3702; baseline -0.005 -20"><span class='ocrx_word' id='word_1_440' title='bbox 124 3615 211 3702; x_wconf 87' lang='lat' dir='ltr'>gorii</span> <span class='ocrx_word' id='word_1_441' title='bbox 236 3613 327 3680; x_wconf 90' lang='lat' dir='ltr'>XIIl.</span> <span class='ocrx_word' id='word_1_442' title='bbox 352 3615 436 3678; x_wconf 90' lang='lat' dir='ltr'>huno</span> <span class='ocrx_word' id='word_1_443' title='bbox 452 3614 484 3679; x_wconf 91' lang='lat' dir='ltr'>in</span> <span class='ocrx_word' id='word_1_444' title='bbox 498 3615 627 3679; x_wconf 89' lang='lat' dir='ltr'>modum</span> <span class='ocrx_word' id='word_1_445' title='bbox 639 3613 868 3698; x_wconf 87' lang='lat' dir='ltr'>interpolatum</span> <span class='ocrx_word' id='word_1_446' title='bbox 881 3614 940 3692; x_wconf 89' lang='lat' dir='ltr'>sit;</span> <span class='ocrx_word' id='word_1_447' title='bbox 956 3616 1018 3697; x_wconf 84' lang='lat' dir='ltr'>Qui</span> <span class='ocrx_word' id='word_1_448' title='bbox 1033 3635 1099 3680; x_wconf 90' lang='lat' dir='ltr'>uou</span> <span class='ocrx_word' id='word_1_449' title='bbox 1114 3614 1201 3680; x_wconf 84' lang='lat' dir='ltr'>babel</span> <span class='ocrx_word' id='word_1_450' title='bbox 1223 3615 1365 3691; x_wconf 80' lang='lat' dir='ltr'>Ucorcru,</span> <span class='ocrx_word' id='word_1_451' title='bbox 1382 3613 1435 3678; x_wconf 84' lang='lat' dir='ltr'>scd</span> <span class='ocrx_word' id='word_1_452' title='bbox 1449 3613 1511 3676; x_wconf 88' lang='lat' dir='ltr'>loeo</span> <span class='ocrx_word' id='word_1_453' title='bbox 1527 3614 1594 3696; x_wconf 71' lang='lat' dir='ltr'>rp&#39;rrs</span> 
     </span>
     <span class='ocr_line' id='line_1_38' title="bbox 128 3701 1594 3789; baseline -0.008 -15"><span class='ocrx_word' id='word_1_454' title='bbox 128 3703 358 3783; x_wconf 80' lang='lat' dir='ltr'>Coucrrbiuum,</span> <span class='ocrx_word' id='word_1_455' title='bbox 382 3705 402 3768; x_wconf 84' lang='lat' dir='ltr'>ct</span> <span class='ocrx_word' id='word_1_456' title='bbox 424 3705 644 3770; x_wconf 76' lang='lat' dir='ltr'>couimuaieuc</span> <span class='ocrx_word' id='word_1_457' title='bbox 658 3725 725 3770; x_wconf 88' lang='lat' dir='ltr'>ueu</span> <span class='ocrx_word' id='word_1_458' title='bbox 736 3705 916 3788; x_wconf 82' lang='lat' dir='ltr'>repellitur:</span> <span class='ocrx_word' id='word_1_459' title='bbox 932 3726 1096 3789; x_wconf 88' lang='lat' dir='ltr'>nunquam</span> <span class='ocrx_word' id='word_1_460' title='bbox 1109 3708 1215 3767; x_wconf 88' lang='lat' dir='ltr'>tamen</span> <span class='ocrx_word' id='word_1_461' title='bbox 1227 3703 1311 3770; x_wconf 75' lang='lat' dir='ltr'>male</span> <span class='ocrx_word' id='word_1_462' title='bbox 1324 3724 1449 3780; x_wconf 86' lang='lat' dir='ltr'>sonans,</span> <span class='ocrx_word' id='word_1_463' title='bbox 1463 3701 1594 3764; x_wconf 89' lang='lat' dir='ltr'>scanda-</span> 
     </span>
     <span class='ocr_line' id='line_1_39' title="bbox 124 3789 1595 3878; baseline -0.003 -20"><span class='ocrx_word' id='word_1_464' title='bbox 124 3795 244 3872; x_wconf 87' lang='lat' dir='ltr'>lesnm,</span> <span class='ocrx_word' id='word_1_465' title='bbox 267 3793 481 3876; x_wconf 86' lang='lat' dir='ltr'>periculosum</span> <span class='ocrx_word' id='word_1_466' title='bbox 505 3793 643 3878; x_wconf 82' lang='lat' dir='ltr'>nigrum,</span> <span class='ocrx_word' id='word_1_467' title='bbox 667 3793 760 3878; x_wconf 81' lang='lat' dir='ltr'>nigro</span> <span class='ocrx_word' id='word_1_468' title='bbox 783 3793 873 3857; x_wconf 91' lang='lat' dir='ltr'>theta</span> <span class='ocrx_word' id='word_1_469' title='bbox 897 3794 1081 3872; x_wconf 90' lang='lat' dir='ltr'>notandum,</span> <span class='ocrx_word' id='word_1_470' title='bbox 1110 3794 1186 3858; x_wconf 86' lang='lat' dir='ltr'>Cau.</span> <span class='ocrx_word' id='word_1_471' title='bbox 1216 3792 1245 3855; x_wconf 89' lang='grc'>4.</span> <span class='ocrx_word' id='word_1_472' title='bbox 1264 3792 1291 3856; x_wconf 89' lang='lat' dir='ltr'>is</span> <span class='ocrx_word' id='word_1_473' title='bbox 1307 3791 1362 3876; x_wconf 85' lang='lat' dir='ltr'>qui</span> <span class='ocrx_word' id='word_1_474' title='bbox 1378 3793 1400 3856; x_wconf 79' lang='lat' dir='ltr'>tr</span> <span class='ocrx_word' id='word_1_475' title='bbox 1416 3813 1440 3854; x_wconf 92' lang='lat' dir='ltr'>c.</span> <span class='ocrx_word' id='word_1_476' title='bbox 1455 3789 1485 3853; x_wconf 84' lang='lat'>5.</span> <span class='ocrx_word' id='word_1_477' title='bbox 1500 3790 1595 3854; x_wconf 87' lang='lat' dir='ltr'>Chri-</span> 
     </span>
     <span class='ocr_line' id='line_1_40' title="bbox 125 3877 1596 3968; baseline -0.006 -18"><span class='ocrx_word' id='word_1_478' title='bbox 125 3885 243 3961; x_wconf 77' lang='lat' dir='ltr'>stiano,</span> <span class='ocrx_word' id='word_1_479' title='bbox 266 3904 365 3968; x_wconf 89' lang='lat' dir='ltr'>usque</span> <span class='ocrx_word' id='word_1_480' title='bbox 378 3883 411 3946; x_wconf 90' lang='lat' dir='ltr'>in</span> <span class='ocrx_word' id='word_1_481' title='bbox 423 3881 508 3946; x_wconf 88' lang='lat' dir='ltr'>huno</span> <span class='ocrx_word' id='word_1_482' title='bbox 520 3882 604 3947; x_wconf 91' lang='lat' dir='ltr'>diem</span> <span class='ocrx_word' id='word_1_483' title='bbox 617 3903 742 3946; x_wconf 86' lang='lat' dir='ltr'>erasum</span> <span class='ocrx_word' id='word_1_484' title='bbox 754 3881 835 3946; x_wconf 87' lang='lat' dir='ltr'>fuit:</span> <span class='ocrx_word' id='word_1_485' title='bbox 848 3905 905 3946; x_wconf 87' lang='lat' dir='ltr'>nec</span> <span class='ocrx_word' id='word_1_486' title='bbox 918 3881 1038 3965; x_wconf 78' lang='lat' dir='ltr'>(lorpes</span> <span class='ocrx_word' id='word_1_487' title='bbox 1052 3881 1244 3946; x_wconf 80' lang='lat' dir='ltr'>canonicum</span> <span class='ocrx_word' id='word_1_488' title='bbox 1257 3880 1318 3944; x_wconf 87' lang='lat' dir='ltr'>hac</span> <span class='ocrx_word' id='word_1_489' title='bbox 1330 3879 1444 3943; x_wconf 89' lang='lat' dir='ltr'>saltem</span> <span class='ocrx_word' id='word_1_490' title='bbox 1460 3877 1492 3941; x_wconf 90' lang='lat' dir='ltr'>in</span> <span class='ocrx_word' id='word_1_491' title='bbox 1506 3883 1596 3962; x_wconf 89' lang='lat' dir='ltr'>parte</span> 
     </span>
    </p>
   </div>
   <div class='ocr_carea' id='block_1_9' title="bbox 124 3966 1697 4056">
    <p class='ocr_par' dir='ltr' id='par_1_9' title="bbox 124 3966 1697 4056">
     <span class='ocr_line' id='line_1_41' title="bbox 124 3966 1697 4056; baseline -0.004 -18"><span class='ocrx_word' id='word_1_492' title='bbox 124 3971 340 4048; x_wconf 82' lang='lat' dir='ltr'>ernendelum,</span> <span class='ocrx_word' id='word_1_493' title='bbox 361 3972 443 4037; x_wconf 78' lang='lat' dir='ltr'>cretis</span> <span class='ocrx_word' id='word_1_494' title='bbox 455 3972 659 4049; x_wconf 74' lang='lat' dir='ltr'>illustratum,</span> <span class='ocrx_word' id='word_1_495' title='bbox 675 3970 810 4056; x_wconf 60' lang='lat' dir='ltr'>&amp;jussu</span> <span class='ocrx_word' id='word_1_496' title='bbox 829 3971 971 4056; x_wconf 78' lang='lat' dir='ltr'>Greporii</span> <span class='ocrx_word' id='word_1_497' title='bbox 986 3971 1035 4033; x_wconf 86' lang='lat'>13.</span> <span class='ocrx_word' id='word_1_498' title='bbox 1052 3971 1170 4036; x_wconf 81' lang='lat' dir='ltr'>editum</span> <span class='ocrx_word' id='word_1_499' title='bbox 1182 3981 1234 4034; x_wconf 82' lang='lat' dir='ltr'>cal.</span> <span class='ocrx_word' id='word_1_500' title='bbox 1258 3966 1294 4033; x_wconf 89' lang='lat' dir='ltr'>Si</span> <span class='ocrx_word' id='word_1_501' title='bbox 1305 3969 1370 4032; x_wconf 88' lang='lat' dir='ltr'>tale</span> <span class='ocrx_word' id='word_1_502' title='bbox 1384 3971 1432 4032; x_wconf 87' lang='lat' dir='ltr'>est</span> <span class='ocrx_word' id='word_1_503' title='bbox 1448 3967 1597 4032; x_wconf 87' lang='lat' dir='ltr'>emenda·</span> <span class='ocrx_word' id='word_1_504' title='bbox 1693 3993 1697 4001; x_wconf 92' lang='lat'>·</span> 
     </span>
    </p>
   </div>
   <div class='ocr_carea' id='block_1_10' title="bbox 126 4059 1597 4413">
    <p class='ocr_par' dir='ltr' id='par_1_10' title="bbox 126 4059 1234 4146">
     <span class='ocr_line' id='line_1_42' title="bbox 126 4059 1234 4146; baseline -0.004 -19"><span class='ocrx_word' id='word_1_505' title='bbox 126 4067 212 4140; x_wconf 89' lang='lat' dir='ltr'>tum,</span> <span class='ocrx_word' id='word_1_506' title='bbox 227 4059 321 4146; x_wconf 90' lang='lat' dir='ltr'>quale</span> <span class='ocrx_word' id='word_1_507' title='bbox 333 4063 439 4145; x_wconf 85' lang='lat' dir='ltr'>putas,</span> <span class='ocrx_word' id='word_1_508' title='bbox 455 4082 555 4144; x_wconf 87' lang='lat' dir='ltr'>usqne</span> <span class='ocrx_word' id='word_1_509' title='bbox 569 4061 602 4125; x_wconf 91' lang='lat' dir='ltr'>in</span> <span class='ocrx_word' id='word_1_510' title='bbox 616 4061 717 4124; x_wconf 92' lang='lat' dir='ltr'>ullum</span> <span class='ocrx_word' id='word_1_511' title='bbox 732 4060 827 4138; x_wconf 92' lang='lat' dir='ltr'>diem,</span> <span class='ocrx_word' id='word_1_512' title='bbox 840 4060 938 4124; x_wconf 89' lang='lat' dir='ltr'>fuisse</span> <span class='ocrx_word' id='word_1_513' title='bbox 954 4059 1234 4124; x_wconf 67' lang='lat' dir='ltr'>inemendatum?</span> 
     </span>
    </p>

    <p class='ocr_par' dir='ltr' id='par_1_11' title="bbox 127 4145 1597 4413">
     <span class='ocr_line' id='line_1_43' title="bbox 174 4145 1597 4234; baseline -0.004 -20"><span class='ocrx_word' id='word_1_514' title='bbox 174 4151 207 4215; x_wconf 84' lang='lat'>4.</span> <span class='ocrx_word' id='word_1_515' title='bbox 226 4149 337 4234; x_wconf 73' lang='lat' dir='ltr'>objeci.</span> <span class='ocrx_word' id='word_1_516' title='bbox 361 4147 450 4214; x_wconf 81' lang='lat' dir='ltr'>siin</span> <span class='ocrx_word' id='word_1_517' title='bbox 473 4149 594 4233; x_wconf 88' lang='lat' dir='ltr'>politiis</span> <span class='ocrx_word' id='word_1_518' title='bbox 618 4148 765 4214; x_wconf 83' lang='lat' dir='ltr'>Ethnicis</span> <span class='ocrx_word' id='word_1_519' title='bbox 789 4151 845 4213; x_wconf 90' lang='lat' dir='ltr'>aut</span> <span class='ocrx_word' id='word_1_520' title='bbox 867 4147 1143 4226; x_wconf 87' lang='lat' dir='ltr'>Mahummedicis,</span> <span class='ocrx_word' id='word_1_521' title='bbox 1167 4169 1260 4212; x_wconf 88' lang='lat' dir='ltr'>nemo</span> <span class='ocrx_word' id='word_1_522' title='bbox 1278 4146 1311 4209; x_wconf 94' lang='lat' dir='ltr'>in</span> <span class='ocrx_word' id='word_1_523' title='bbox 1329 4145 1597 4210; x_wconf 82' lang='lat' dir='ltr'>Concubinarium</span> 
     </span>
     <span class='ocr_line' id='line_1_44' title="bbox 127 4234 1596 4322; baseline -0.005 -18"><span class='ocrx_word' id='word_1_524' title='bbox 127 4239 288 4304; x_wconf 89' lang='lat' dir='ltr'>actionem</span> <span class='ocrx_word' id='word_1_525' title='bbox 304 4238 472 4304; x_wconf 85' lang='lat' dir='ltr'>instituere</span> <span class='ocrx_word' id='word_1_526' title='bbox 483 4235 600 4322; x_wconf 82' lang='lat' dir='ltr'>potest,</span> <span class='ocrx_word' id='word_1_527' title='bbox 612 4237 707 4302; x_wconf 83' lang='lat' dir='ltr'>antei</span> <span class='ocrx_word' id='word_1_528' title='bbox 722 4237 915 4315; x_wconf 90' lang='lat' dir='ltr'>inst&#39;tueret,</span> <span class='ocrx_word' id='word_1_529' title='bbox 929 4235 1090 4321; x_wconf 88' lang='lat' dir='ltr'>injudicio</span> <span class='ocrx_word' id='word_1_530' title='bbox 1103 4237 1236 4320; x_wconf 85' lang='lat' dir='ltr'>alicujus</span> <span class='ocrx_word' id='word_1_531' title='bbox 1248 4234 1355 4300; x_wconf 91' lang='lat' dir='ltr'>delicti</span> <span class='ocrx_word' id='word_1_532' title='bbox 1372 4235 1506 4300; x_wconf 82' lang='lat' dir='ltr'>eundern</span> <span class='ocrx_word' id='word_1_533' title='bbox 1520 4255 1596 4298; x_wconf 90' lang='lat' dir='ltr'>cou-</span> 
     </span>
     <span class='ocr_line' id='line_1_45' title="bbox 129 4322 1596 4413; baseline -0.005 -20"><span class='ocrx_word' id='word_1_534' title='bbox 129 4328 256 4394; x_wconf 87' lang='lat' dir='ltr'>vinoere</span> <span class='ocrx_word' id='word_1_535' title='bbox 267 4349 275 4391; x_wconf 73' lang='grc' dir='ltr'><em>τ</em></span> <span class='ocrx_word' id='word_1_536' title='bbox 285 4327 396 4413; x_wconf 91' lang='lat' dir='ltr'>utique</span> <span class='ocrx_word' id='word_1_537' title='bbox 405 4349 469 4392; x_wconf 92' lang='lat' dir='ltr'>non</span> <span class='ocrx_word' id='word_1_538' title='bbox 480 4327 605 4392; x_wconf 84' lang='lat' dir='ltr'>videtur</span> <span class='ocrx_word' id='word_1_539' title='bbox 622 4327 872 4392; x_wconf 72' lang='lat' dir='ltr'>acommunione</span> <span class='ocrx_word' id='word_1_540' title='bbox 885 4327 1048 4391; x_wconf 90' lang='lat' dir='ltr'>arcendus.</span> <span class='ocrx_word' id='word_1_541' title='bbox 1072 4324 1155 4401; x_wconf 83' lang='lat' dir='ltr'>Quid</span> <span class='ocrx_word' id='word_1_542' title='bbox 1171 4325 1198 4389; x_wconf 90' lang='lat' dir='ltr'>si</span> <span class='ocrx_word' id='word_1_543' title='bbox 1210 4327 1358 4408; x_wconf 90' lang='lat' dir='ltr'>provocet</span> <span class='ocrx_word' id='word_1_544' title='bbox 1370 4325 1409 4388; x_wconf 90' lang='lat' dir='ltr'>ad</span> <span class='ocrx_word' id='word_1_545' title='bbox 1422 4322 1596 4408; x_wconf 78' lang='lat' dir='ltr'>Magistra·</span> 
     </span>
    </p>
   </div>
   <div class='ocr_carea' id='block_1_11' title="bbox 128 4410 1599 4562">
    <p class='ocr_par' dir='ltr' id='par_1_12' title="bbox 128 4410 1599 4562">
     <span class='ocr_line' id='line_1_46' title="bbox 128 4410 1598 4511; baseline -0.005 -29"><span class='ocrx_word' id='word_1_546' title='bbox 128 4421 200 4482; x_wconf 88' lang='lat' dir='ltr'>tum</span> <span class='ocrx_word' id='word_1_547' title='bbox 214 4416 357 4503; x_wconf 89' lang='lat' dir='ltr'>aliquem</span> <span class='ocrx_word' id='word_1_548' title='bbox 368 4415 596 4497; x_wconf 80' lang='lat' dir='ltr'>Christianum,</span> <span class='ocrx_word' id='word_1_549' title='bbox 608 4416 631 4481; x_wconf 76' lang='lat' dir='ltr'>t</span> <span class='ocrx_word' id='word_1_550' title='bbox 644 4415 864 4481; x_wconf 72' lang='lat' dir='ltr'>concionatori</span> <span class='ocrx_word' id='word_1_551' title='bbox 875 4415 999 4502; x_wconf 89' lang='lat' dir='ltr'>totique</span> <span class='ocrx_word' id='word_1_552' title='bbox 1012 4414 1204 4480; x_wconf 80' lang='lat' dir='ltr'>Consistorio</span> <span class='ocrx_word' id='word_1_553' title='bbox 1217 4413 1289 4479; x_wconf 88' lang='lat' dir='ltr'>istic</span> <span class='ocrx_word' id='word_1_554' title='bbox 1301 4413 1385 4478; x_wconf 90' lang='lat' dir='ltr'>diem</span> <span class='ocrx_word' id='word_1_555' title='bbox 1398 4413 1508 4476; x_wconf 83' lang='lat' dir='ltr'>dicat?</span> <span class='ocrx_word' id='word_1_556' title='bbox 1522 4410 1598 4511; x_wconf 81' lang='lat' dir='ltr'>quid</span> 
     </span>
     <span class='ocr_line' id='line_1_47' title="bbox 751 4521 1599 4562; baseline -0.006 5"><span class='ocrx_word' id='word_1_557' title='bbox 751 4533 756 4540; x_wconf 96' lang='lat'><strong>·</strong></span> <span class='ocrx_word' id='word_1_558' title='bbox 1572 4521 1599 4562; x_wconf 83' lang='lat' dir='ltr'>sr</span> 
     </span>
    </p>
   </div>
   <div class='ocr_carea' id='block_1_12' title="bbox 0 0 1895 4858">
    <p class='ocr_par' dir='ltr' id='par_1_13' title="bbox 0 0 1895 4858">
     <span class='ocr_line' id='line_1_48' title="bbox 0 0 1895 4858; baseline 0 0"><span class='ocrx_word' id='word_1_559' title='bbox 0 0 1895 4858; x_wconf 95' lang='lat' dir='ltr'> </span> 
     </span>
    </p>
   </div>
  </div>
 </body>
</html>
