3668 4856
260 317 375 384 Tener.
399 314 460 383 III.
483 315 532 381 Da
556 315 764 382 Oouvaurrsus
788 338 824 380 nr
847 313 994 382 Ooasasr.
1019 315 1145 382 Eccuas.
1170 316 1242 383 Ore.
1267 317 1310 382 V.
1346 285 1351 292 Ι
1455 319 1517 382 285

68 509 117 589 (er.
128 524 175 590 gr.
188 503 241 568 hic
252 504 286 568 in
297 502 413 588 Belgio
425 502 547 584 nostro)
563 525 645 587 quae
657 503 704 568 rei
716 502 929 568 substantiam
945 505 1002 566 aut
1014 502 1151 586 speciem
1163 524 1227 568 nou
1243 502 1369 568 variant
1381 527 1389 579 ;
1406 502 1525 586 judicet

68 593 131 677 ipse,
142 615 205 676 quo
220 592 357 657 candore
369 593 392 656 te
405 597 468 676 qut
479 591 552 670 fide,
565 593 710 678 regimen
723 593 783 657 hoc
794 591 1003 676 popularibus
1016 593 1082 656 suis
1095 592 1286 657 dissuadeat.

106 685 150 760 ,2.
171 684 294 766 Eroept.
320 681 429 746 Primo
446 680 573 746 saeculo
585 681 746 747 Ecclesiae
760 680 923 745 habebant
935 684 1126 764 potestatem
1139 682 1173 744 iu
1185 681 1297 765 seipsis
1310 680 1449 766 eligendi
1462 682 1525 746 mi·

72 773 200 850 ,nistros
225 770 389 854 rejiciendi
401 769 588 848 haereticos,
602 770 895 836 excommunicandi
910 773 1124 854 peecatores''.
1137 772 1228 854 Resp.
1241 769 1399 855 Regimen
1412 770 1522 834 classi-

67 881 126 924 cum
147 867 210 944 qua
232 859 310 938 tale,
333 881 397 924 non
414 857 519 923 aufert
540 859 630 922 illam
643 863 844 943 potestatem.
870 857 905 923 si
917 858 1035 922 alicubi
1047 857 1219 938 Ecclesiae,
1232 881 1329 942 penes
1341 881 1421 942 quas
1432 859 1524 945 viget

67 947 116 1013 hoc
134 949 288 1035 regimen,
301 947 611 1032 correspondentiam
624 949 766 1032 aliquam
778 970 851 1013 cum
863 948 962 1012 classe
975 948 1146 1012 observant
1157 949 1240 1013 circa
1252 947 1450 1012 vocationem
1462 949 1522 1014 mi·

67 1039 235 1116 nistromm,
259 1037 283 1102 a
303 1037 386 1102 circa
399 1037 773 1114 excommunicationem,¹
790 1036 823 1101 id
838 1059 901 1101 non
914 1041 962 1101 est
975 1059 1014 1100 ex
1025 1040 1141 1100 natura
1154 1039 1176 1102 d
1188 1037 1220 1100 m'
1238 1037 1332 1120 hujus
1343 1036 1521 1122 regiminis.

69 1124 214 1211 Explicita
230 1127 308 1191 talis
320 1149 393 1190 cum
405 1126 505 1190 classe
517 1126 762 1191 communicatio
775 1131 811 1191 ut
822 1129 928 1210 potest
941 1124 1052 1190 abesse
1064 1130 1120 1190 aut
1128 1128 1248 1204 adesse,
1257 1128 1303 1190 sic
1312 1129 1445 1210 possunt
1454 1149 1524 1191 eam

68 1215 213 1281 Ecclesiae
231 1217 270 1282 de
283 1214 444 1280 communi
457 1235 610 1280 consensu
623 1237 681 1299 pro
693 1215 842 1280 libertate
855 1219 913 1280 sua
925 1215 1083 1294 omittere,
1097 1219 1154 1278 aut
1165 1214 1295 1293 tollere;
1312 1219 1368 1278 aut
1381 1216 1526 1300 exemplo

67 1313 233 1370 rosnarum
257 1304 428 1368 admittere
451 1303 475 1368 dr
497 1304 652 1384 stabilire,
676 1303 769 1368 modo
793 1305 880 1369 locus
904 1303 947 1367 sit
966 1304 1189 1387 supplamento
1201 1304 1234 1368 in
1247 1325 1322 1369 casu
1337 1302 1524 1383 defectus&

66 1389 252 1470 separas
268 1393 303 1457 in
318 1415 395 1457 casu
411 1391 514 1457 malae
527 1393 821 1472 administrationis
835 1395 858 1459 tr
867 1392 987 1477 judicio
998 1392 1032 1456 in
1046 1414 1119 1457 casu
1133 1392 1376 1476 provocationis.
1401 1391 1463 1457 Sed
1475 1416 1526 1457 re-

67 1489 145 1566 gast
156 1483 246 1566 quis:
275 1481 381 1557 Quare
394 1503 448 1546 vos
460 1481 493 1546 in
508 1480 621 1567 Belgio
632 1504 697 1546 nou
709 1482 880 1546 omittitis?
893 1479 1143 1566 Respondemus,
1159 1505 1217 1546 nos
1234 1482 1352 1546 habere
1368 1483 1524 1547 constitu-

68 1569 182 1651 tionem,
207 1571 233 1636 dr
255 1592 457 1636 communem
477 1571 612 1654 praxim,
629 1575 723 1655 aqua
739 1575 829 1635 extra
842 1592 949 1635 casum
964 1571 1163 1635 necessitatis
1179 1570 1325 1656 singulae
1338 1571 1447 1635 decore
1460 1593 1525 1636 non

67 1661 212 1736 nomana
238 1682 321 1744 quae
333 1664 441 1724 tamen
453 1659 494 1723 ab
507 1659 656 1724 omnibus
668 1660 787 1725 mutari
799 1663 919 1744 potest:
933 1660 988 1724 sed
999 1660 1155 1724 rationem
1168 1682 1224 1724 cur
1239 1663 1363 1724 mutare
1375 1659 1524 1740 debeant,

66 1749 190 1814 nondum
205 1749 362 1814 videmus.
374 1747 507 1812 Interim
519 1748 601 1812 aliae
614 1749 775 1813 Ecclesiae
787 1753 896 1814 nostra
907 1748 1060 1832 praxiaut
1069 1749 1294 1813 constitutione
1302 1771 1366 1813 non
1374 1753 1525 1814 tenentur
1657 1769 1658 1773 ’

66 1859 114 1902 nec
124 1838 392 1922 praejudicantur,
406 1838 551 1922 quamvis
557 1839 731 1903 'classicum
745 1841 801 1902 aut
813 1839 997 1922 synodicum
1009 1837 1153 1922 regimen
1166 1838 1330 1902 nobiscum
1343 1839 1523 1903 observent.

66 1923 119 1990 Sed
128 1928 163 1992 de
175 1927 373 2012 antiquitate
387 1927 596 1992 consulendae
608 1927 839 2012 disputationes
853 1925 1090 2011 Theologorum
1102 1927 1140 1990 de
1153 1928 1291 2010 synodis,
1303 1928 1326 1991 tr
1339 1949 1420 2010 quae
1428 1951 1526 2012 supra

66 2035 122 2099 erp.
143 2017 284 2100 mered.
309 2015 535 2080 indicarimus:
560 2015 751 2082 nominatim
770 2015 978 2081 conferendus
990 2015 1170 2092 Pastorem
1182 2016 1304 2100 aliquid
1317 2018 1414 2080 etiam
1425 2017 1525 2082 habet

67 2102 262 2171 Didoclavius
278 2106 313 2170 in
325 2104 432 2168 Alteri
443 2104 641 2170 Damasceno
653 2127 677 2170 c.
692 2105 722 2168 8.
735 2127 769 2190 p.
782 2106 856 2169 476.
870 2107 893 2169 ir
907 2104 981 2168 477.
1011 2104 1103 2191 [pag.
1120 2105 1200 2191 166]

103 2195 128 2278 ᾗ.
141 2193 172 2262 5.
194 2193 254 2260 IV.
268 2194 400 2280 Argum.
417 2191 553 2272 ,Omnes
564 2193 757 2259 reformatae
769 2193 930 2258 Ecclesiae
946 2193 1007 2258 hoc
1019 2193 1174 2278 regimine
1187 2197 1354 2258 utuntur”.
1497 2233 1503 2242 ι

107 2285 245 2368 ‚Eroept
270 2282 398 2348 Sufficit
420 2282 448 2346 si
467 2283 609 2348 dicamus
621 2306 693 2348 cum
706 2281 834 2348 Christo
846 2287 865 2347 a
876 2283 1032 2368 principio
1043 2305 1106 2347 non
1119 2282 1182 2346 fuit
1197 2283 1252 2362 sic,
1264 2286 1337 2350 &03²
1351 2286 1441 2367 serp.
1455 2281 1523 2348 Nos

66 2377 283 2456 argumentum
309 2375 329 2436 a
355 2372 582 2437 consuetudine
608 2372 815 2438 &autoritate
831 2373 972 2438 humana
988 2394 1051 2436 non
1064 2392 1233 2456 urgemus:
1246 2395 1304 2438 nec
1316 2377 1395 2456 puto
1411 2394 1524 2457 quem-

66 2481 151 2542 quam
166 2467 350 2528 nostrorum
362 2482 398 2525 eo
410 2483 503 2525 usum
514 2485 521 2538 ;
534 2461 597 2526 nisi
612 2462 668 2546 qui
678 2461 815 2526 voluerit
828 2463 932 2526 solum
943 2483 1131 2526 consensum
1144 2461 1292 2526 indicare.

106 2548 142 2614 V.
165 2552 301 2638 Argum.
331 2548 527 2634 ,Principale
540 2551 677 2616 sumitur
688 2553 707 2615 a
720 2550 859 2615 ratione:
873 2553 896 2616 s
911 2550 964 2614 hic
977 2550 1137 2635 Papistae,
1151 2549 1304 2631 Praelati,
1318 2553 1340 2618 b
1352 2550 1525 2636 Presbyte-

71 2638 173 2714 ,riales
197 2639 392 2724 conjunctim
414 2639 506 2704 nobis
533 2640 689 2720 occinunt,
706 2640 860 2723 plurimas
877 2638 1076 2704 confusiones
1089 2641 1112 2705 b
1125 2639 1348 2724 dissipationes
1363 2640 1525 2705 Ecclesia-

69 2749 149 2800 „mm
174 2729 250 2793 inde
276 2729 423 2808 oriturae,
447 2728 476 2793 si
495 2729 631 2812 populus
647 2728 765 2793 habeat
777 2729 959 2793 libertatem
976 2751 1057 2807 earn,
1074 2747 1170 2812 quam
1182 2751 1239 2794 nos
1251 2729 1281 2792 ei
1294 2730 1525 2795 vindicamus.’'

68 2815 146 2902 terp.
168 2817 246 2884 Non
273 2816 380 2902 tangit
401 2816 462 2882 hoc
488 2822 688 2901 praesentem
707 2817 966 2896 controversiam,
980 2818 1034 2882 sed
1046 2818 1143 2881 aliam
1154 2819 1324 2902 quandam,
1336 2819 1375 2882 de
1388 2818 1526 2903 collegio

67 2907 196 2988 synedrii
222 2929 279 2971 seu
306 2905 498 2990 presbytcrii
516 2907 550 2971 in
562 2913 688 2993 quaque
704 2907 890 2991 particulari
906 2905 1066 2984 Ecclesi83
1081 2929 1144 2970 non
1160 2912 1208 2972 est
1223 2908 1332 2993 itaque
1345 2907 1429 2992 quod
1445 2907 1525 2972 illud

67 2991 112 3058 iric
132 2995 339 3060 vindicemus.
367 2994 518 3070 Quamvis
541 2997 722 3060 conveniret
741 2996 893 3060 internos
906 2997 929 3062 d
942 2999 1241 3060 autoremnostrum
1253 2996 1291 3060 de
1304 2995 1454 3081 synedrii‚
1468 3000 1526 3059 aut

67 3083 170 3166 plebis,
188 3085 257 3149 sive
270 3084 439 3164 communi,
452 3083 518 3148 sive
531 3085 632 3150 divisa
645 3084 810 3171 utriusque
822 3084 1067 3169 gubernatione:
1081 3085 1439 3149 maneretnihilominus
1450 3106 1525 3148 con·

67 3175 213 3238 novenis
238 3175 277 3238 de
300 3173 533 3238 combinatione
557 3173 772 3238 Ecclesiarnm
796 3174 828 3238 in
848 3173 1003 3237 classibus
1015 3176 1038 3240 tr
1050 3174 1187 3258 synodis.
1210 3173 1246 3237 Si
1258 3174 1329 3260 quis
1342 3174 1525 3258 apologiam

67 3263 225 3347 regiminis
246 3262 348 3327 nostri
363 3262 591 3327 consistorialis
603 3261 747 3348 requirit,
760 3263 787 3327 is
800 3263 893 3327 adeat
905 3262 1083 3329 Pandarum.
1095 3263 1147 3328 lib.
1164 3265 1195 3328 3.
1207 3284 1273 3348 cap.
1289 3263 1318 3327 7.
1331 3265 1354 3329 tr
1367 3263 1397 3326 8.
1410 3263 1434 3327 tn
1446 3262 1525 3327 Con·

68 3347 271 3418 firmationem
298 3351 483 3435 disciplinae
505 3353 616 3418 Ecctes.
642 3353 750 3418 Gallie.
774 3353 814 3416 ab
838 3355 911 3418 Aac.
930 3352 1339 3437 Zudeel(quamrisnomen
1352 3373 1445 3416 suum
1457 3372 1525 3415 non

67 3441 229 3523 exprimat)
254 3439 414 3505 communi
439 3463 549 3507 earum
572 3441 699 3505 nomine
722 3441 826 3505 editae
849 3444 959 3506 contra
982 3439 1142 3518 Morelles‚
1167 3440 1288 3506 Gallice
1305 3441 1335 3505 in
1351 3442 1380 3507 8.
1393 3440 1527 3525 Aliquid

67 3527 154 3596 etism
166 3531 203 3594 in
219 3529 358 3594 transitu
372 3551 468 3614 supra
478 3542 562 3613 pura.
576 3533 607 3595 2.
621 3529 671 3595 lib.
687 3532 719 3595 2.

672 3715 835 3780 Carus
870 3712 910 3780 V.

204 3905 264 3970 ‚rie
286 3901 480 3984 moblernato
502 3900 545 3966 ad
568 3902 803 3986 replicationem
826 3902 990 3988 regiminis
1012 3901 1181 3968 classiariis
1206 3901 1238 3968 a·
1260 3903 1421 3990 synodalis

579 3991 725 4076 facientia
748 3991 1008 4056 ‹letaminonnuz

164 4156 421 4261 ..n-Explicemus
446 4177 529 4220 nunc
540 4153 739 4238 problemata
755 4155 778 4219 dr
791 4176 881 4219 casus
897 4154 936 4218 de
947 4153 1242 4238 correspondentiae
1258 4155 1353 4239 hujus
1366 4157 1527 4236 naturis&

69 4267 92 4328 μ
164 4271 262 4402 ”utilit
276 4339 329 4400 An
341 4332 484 4398 Ecclesia
495 4332 688 4417 parochialis
702 4333 811 4397 ordine
823 4336 956 4396 naturae
969 4333 1151 4417 generantis
1164 4335 1331 4416 praecedat
1343 4335 1490 4412 classenm
1504 4337 1528 4404 d

68 4426 92 4490 E
172 4425 369 4506 mustitutio,
393 4445 429 4488 ac
444 4421 604 4502 formatio,
618 4422 801 4506 explicitam
813 4421 1131 4502 confoederationem,
1143 4421 1388 4505 institutionem,
1401 4424 1528 4577 ἂθῇῗζὶΙ
