3722 4850
298 281 465 357 Tusculi.
489 286 538 355 De
550 283 685 370 Peneia,
697 236 871 369 Berenice,
884 283 1036 358 Doroaoa.
1049 282 1139 355 Ecca.
1164 285 1234 356 Car.
1248 279 1308 356 ΠΙ.
1500 285 1542 356 67

87 499 248 560 eorumque
261 477 522 556 consecrationes,
536 478 674 558 suffitus,
688 501 805 559 cereae,
819 483 923 544 vestes
937 479 1157 559 sacerdotales,
1174 477 1325 562 mysticas
1337 477 1543 544 &theatrales

88 566 272 630 ceremonias
286 567 317 629 in
330 567 543 631 celebratione
556 567 671 632 missae
685 569 725 634 810
738 589 905 652 perperam
917 568 992 632 hinc
1004 568 1156 632 deducere
1169 568 1282 632 solent.
1312 566 1389 632 Vide
1413 568 1542 634 Dieron-t

87 667 135 719 cera
156 656 191 718 in
205 656 372 732 ltutiouoli,
385 656 451 719 iob.
466 655 569 740 Steph.
584 657 779 736 Duronium,
795 659 985 736 Gonnnlunc,
999 657 1202 741 &Inceptum
1223 657 1426 722 Viceconcilcnc
1438 658 1476 726 de
1489 659 1543 722 lii-

88 743 158 808 ribus
170 745 423 810 ecclesiasticae
446 745 503 808 ins
528 747 721 810 Graecanicum
734 746 852 828 passim
865 747 936 809 coll.
949 768 1021 810 cum
1037 746 1161 810 Vivioni
1173 746 1330 812 Rationali
1340 747 1428 811 luris
1442 747 1543 811 Ceno·

87 833 147 897 irin.
173 831 220 897 Ut
244 835 418 916 1111ρο111011
447 834 633 911 Tre-iterarem,
657 834 680 898 81
705 835 1017 900 1311000111111101111110
1030 839 1244 918 praeteream
1258 839 1544 918 praetereaomnes

87 921 158 1000 illos,
183 921 239 1004 qui
262 921 410 986 Coloniae
434 921 509 986 editi
535 944 617 986 anno
632 923 739 1000 1568,
751 927 862 1006 postea
874 923 1018 986 fecerunt
1030 927 1152 986 tomum
1164 922 1383 987 Bibliothecae
1398 924 1542 988 Petrum.

87 1007 223 1094 Denique
246 1010 417 1094 Scriptores
429 1012 602 1094 tituryiros
615 1015 633 1074 a
645 1011 776 1075 Claudio
788 1013 826 1074 de
838 1010 992 1090 Sainetes,
1005 1013 1028 1077 80
1041 1011 1216 1075 Cassandro
1228 1012 1339 1075 editos.
1353 1011 1452 1076 Porro
1466 1013 1542 1076 niti-

87 1103 129 1161 tur
151 1099 231 1162 haec
254 1099 430 1162 communis
453 1099 643 1164 Nostrorum
657 1101 807 1183 exeepti0,
821 1101 989 1164 axiomatis
1002 1101 1034 1163 in
1049 1099 1226 1184 Theologia
1238 1100 1437 1179 indubitatis,
1451 1102 1489 1165 de
1504 1101 1543 1165 li·

87 1186 200 1250 bertate
224 1186 415 1266 Christiane,
440 1188 478 1252 de
490 1189 670 1252 discrimine
685 1187 726 1253 V.
740 1191 763 1254 81
775 1188 817 1252 N.
831 1188 868 1252 Τ.
886 1190 923 1252 de
936 1189 1108 1253 abolitione
1121 1189 1202 1273 legis
1214 1190 1449 1253 eerernonialis:
1463 1212 1542 1273 qua·

87 1297 147 1338 rum
159 1277 444 1340 demonstrationes
457 1279 479 1342 81
492 1277 646 1341 vindiciae
658 1299 714 1340 suo
727 1277 795 1341 loeo
807 1277 1014 1360 quaerendae.
1029 1277 1146 1341 Contra
1158 1277 1240 1340 113110
1252 1277 1477 1360 peremtoriam
1490 1300 1541 1342 re-

87 1365 277 1446 sponsionem
302 1365 464 1448 excipiunt
488 1366 659 1430 adversarii
684 1367 713 1430 l.
738 1368 859 1449 Except.
889 1365 1274 1443 ,CeremoniaeJudaicae
1287 1365 1456 1430 aliaesunt
1468 1389 1540 1449 pro-

89 1454 185 1534 ,priae
209 1453 409 1517 Testamenti
432 1454 557 1529 veteris,
575 1477 657 1537 quae
673 1477 723 1518 res
735 1455 860 1518 futuras
873 1455 1113 1536 significatarum
1126 1455 1208 1518 aliae
1220 1476 1402 1518 communes
1417 1456 1542 1538 utrique

90 1545 308 1618 ,hstameuto3
330 1565 411 1624 quae
423 1565 485 1606 uon
499 1543 538 1605 ad
551 1543 775 1628 significandas
788 1566 837 1606 res
853 1543 989 1622 lirturas,
1003 1544 1057 1606 sed
1069 1544 1107 1606 ad
1121 1542 1223 1606 Deum
1238 1543 1425 1625 simpliciter
1437 1545 1543 1608 colen-

89 1630 172 1704 ,dum
185 1630 395 1709 referebatur,
410 1635 445 1694 ut
457 1631 582 1695 flectere
594 1653 699 1716 genua
712 1632 751 1695 ad
763 1633 950 1710 orationem,
962 1633 1094 1712 tundere
1108 1635 1229 1714 pectus,
1242 1632 1343 1696 colere
1355 1631 1454 1696 festos
1467 1633 1543 1713 dice,
1630 1697 1632 1702 ,

90 1719 148 1794 ,bc
174 1719 301 1783 Priores
325 1724 463 1784 fatemur
485 1719 676 1784 Christianis
699 1721 829 1784 minime
846 1721 1023 1798 convenire,
1041 1720 1229 1804 posteriores
1242 1724 1349 1784 autem
1362 1743 1423 1784 non
1437 1721 1543 1785 minus

89 1809 140 1882 ,ad
159 1807 180 1871 J
182 1809 300 1872 udaeos
325 1809 484 1892 pertinere
500 1809 727 1873 contendimus.
742 1808 846 1891 Hujus
859 1809 985 1892 generis
997 1831 1065 1872 esse
1078 1807 1202 1872 Musica
1214 1809 1434 1888 instrumenta,
1448 1810 1543 1873 intel-

90 1895 156 1980 ,ligi
182 1901 287 1980 potest
312 1919 349 1960 ex
361 1935 363 1940 ,
375 1920 422 1974 ee,
436 1897 521 1980 quod
534 1896 672 1960 Hebraei
685 1898 724 1960 iis
736 1920 799 1960 non
813 1898 985 1961 utebantur
1000 1897 1040 1960 ad
1053 1897 1241 1980 mysterium
1254 1897 1383 1980 aliquod
1396 1897 1543 1962 futurum

88 1983 354 2069 ,51111111103111111111ἱ
378 1986 432 2049 secl
450 1986 489 2048 ad
502 1985 683 2049 excitandos
695 1987 817 2049 animos
834 1986 976 2050 infirmos
989 1985 1029 2049 ad
1041 1986 1150 2049 laudes
1161 1983 1233 2065 Dei,
1247 1989 1270 2052 81
1286 1986 1424 2050 taedium
1439 2009 1542 2050 remo·

89 2074 236 2146 ,rendum
261 2075 344 2157 quem
369 2075 460 2159 [pag.
486 2075 567 2160 564]
592 2097 629 2138 ex
642 2075 824 2157 prolixitate
837 2073 1037 2138 Psalmorum
1051 2079 1146 2157 atque
1159 2074 1351 2158 hymnorum
1363 2075 1440 2138 oriri
1452 2075 1544 2153 solet,

89 2183 184 2244 ,quae
194 2163 276 2226 ratio
285 2162 388 2226 locum
398 2163 496 2226 habet
509 2163 604 2226 etiam
617 2163 648 2226 in
661 2163 805 2228 Ecclesia
817 2162 859 2227 N.
872 2161 910 2227 T.
924 2164 995 2228 810.”
1008 2161 1061 2226 Sic
1074 2165 1222 2231 Beltarrn.
1235 2185 1259 2226 c.
1277 2163 1327 2227 lo.
1340 2163 1459 2246 excipit
1470 2185 1544 2227 eon-

84 2253 129 2312 tra
154 2249 328 2334 Martyrem
351 2251 383 2314 in
414 2253 440 2314 l.
454 2251 596 2315 Corinth.
613 2253 663 2314 ll.
677 2251 798 2314 Similis
811 2251 1022 2315 distinctionis
1035 2252 1232 2334 cataplasma
1244 2251 1384 2334 applicat
1397 2253 1497 2336 Rapit.
1514 2256 1546 2318 la

89 2340 196 2414 Torre‚·
219 2341 309 2422 cujus
335 2340 431 2403 verba
443 2363 538 2423 supra
551 2340 763 2404 exhibuimus
779 2342 869 2405 Corae.
883 2342 904 2404 ὰ
916 2341 1033 2423 Lepide
1045 2342 1079 2404 in
1092 2341 1190 2404 Eeoct.
1208 2341 1257 2404 15.
1270 2340 1459 2425 perstringit
1471 2341 1545 2405 Cal-

84 2427 186 2490 rinum
211 2429 295 2509 quod
317 2426 457 2513 Organa,
471 2433 632 2512 tympana,
647 2429 773 2512 aliaque
786 2430 998 2492 iustrumenta
1011 2429 1095 2491 inter
1107 2429 1227 2513 legales
1243 2426 1283 2492 V.
1298 2428 1336 2492 T.
1348 2429 1543 2493 ceremonias

85 2537 136 2596 per
159 2516 323 2580 Christum
336 2517 472 2580 abolitas
485 2519 724 2600 mumupaverit.
741 2519 829 2600 licen.
844 2517 966 2596 Primo,
980 2517 1096 2580 directe
1109 2517 1295 2580 contradicit
1312 2515 1455 2596 Thorace,
1468 2518 1545 2582 Dic-

83 2610 113 2664 te
136 2606 270 2682 luscino,
285 2607 468 2688 Arcynseino,
483 2607 653 2684 1101110110,
668 2606 759 2669 modo
771 2608 820 2671 cic.
830 2628 842 2679 ;
853 2606 909 2688 qm
921 2605 1064 2688 mysterii
1077 2605 1178 2668 futuri
1191 2605 1456 2690 significationem
1469 2605 1542 2669 Mu-

16 2765 17 2770 ,
82 2692 161 2756 sicae
189 2692 229 2756 V.
243 2692 280 2757 T.
295 2697 418 2758 exserte
432 2695 623 2759 adscribunt.
638 2695 767 2772 Deinde,
780 2695 872 2757 cietur
888 2717 949 2758 non
963 2693 1061 2757 fuisse
1075 2698 1187 2778 typum
1200 2695 1343 2778 mysterii
1356 2694 1468 2772 futuri,
1483 2717 1541 2777 po-

82 2787 162 2844 terat
184 2787 293 2846 tamon
318 2805 385 2846 esse
413 2783 620 2847 nihilominus
644 2783 808 2846 mutabilis
833 2784 1089 2849 &oeconomicus
1102 2784 1215 2862 cultus,
1230 2783 1277 2845 illi
1290 2783 1408 2865 populo
1422 2784 1542 2846 carnali

81 2872 283 2950 peculiariter
296 2872 547 2934 accommodatus
558 2896 566 2946 3
579 2871 626 2934 uti
639 2874 722 2935 recte
735 2872 825 2936 docet
842 2874 977 2937 Thomas
993 2874 1047 2936 loc.
1064 2872 1123 2947 eit,
1137 2870 1192 2954 qui
1208 2894 1270 2935 non
1286 2871 1380 2934 debet
1395 2870 1457 2934 dici
1473 2873 1543 2954 pari

16 2967 17 2970 ’
76 2957 146 3038 jure
170 2959 330 3042 pertinere
354 2961 393 3023 ad
416 2961 569 3043 populum
593 2959 792 3042 spiritualem
808 2959 850 3024 N.
864 2959 900 3024 T.
915 2960 1023 3023 Habet
1035 2959 1088 3023 Vr.
1102 2958 1122 3022 J
1125 2959 1219 3023 unius
1231 2959 1263 3022 in
1276 2959 1375 3022 Enod.
1391 2959 1442 3021 15.
1458 2959 1480 3022 81
1495 2958 1545 3024 Ps.

81 3047 131 3108 33.
145 3049 177 3111 2.
189 3047 384 3111 necessarias
397 3049 624 3126 distinctiones,
638 3049 691 3110 sed
705 3050 802 3133 vulgo
815 3072 877 3112 non
890 3049 968 3112 satis
980 3050 1181 3112 observatas:
1199 3047 1415 3133 Quaecunque,
1429 3047 1545 3131 inquit,

81 3155 127 3198 ree
149 3137 280 3219 srrtrrras
301 3138 643 3224 yrenesiynincurrerunt,
666 3158 701 3201 eo
712 3150 781 3220 pose
795 3139 1054 3220 cornplernenturn
1066 3139 1101 3200 in
1118 3135 1240 3203 Christo
1252 3156 1409 3219 uercrpare
1424 3148 1466 3200 esc
1478 3137 1545 3200 inr-

77 3225 181 3306 pium..
206 3227 294 3306 Quae
313 3226 398 3290 illine
420 3227 566 3290 Ecclesiae
577 3226 707 3308 fecer-unt
721 3228 853 3310 proprio
868 3225 899 3290 a·
909 3226 1097 3308 sinyrclariu,
1110 3226 1217 3290 codem
1233 3247 1319 3290 acerne
1332 3245 1487 3308 rcsrrrpnre
1503 3237 1544 3289 esc

79 3313 260 3378 riclicrdnrn.
273 3313 785 3400 1111101001(1110011901010011110
800 3327 886 3392 310111,
899 3316 963 3378 eliu
974 3315 1017 3378 cut
1025 3316 1071 3378 rei
1077 3315 1547 3401 {acerreaepraeeiynifiectionern

76 3403 311 3483 pertinuerunt,
335 3403 398 3469 alia
422 3405 621 3488 sinynlarecn,
630 3404 715 3467 iilius
729 3404 876 3472 Ecclesiae
887 3404 1064 3483 totumue-t
1077 3404 1344 3490 siqnificulionem.
1358 3401 1440 3465 Vide
1456 3402 1546 3466 simi·

78 3489 139 3553 lem
154 3487 222 3554 fer'e
236 3492 484 3555 ceremoniarum
498 3515 553 3555 seu
570 3492 824 3555 observationum
838 3491 877 3556 V.
892 3491 929 3555 T.
943 3492 1179 3556 distinctionem
1193 3492 1278 3575 apud
1290 3492 1449 3557 Poiannnr
1464 3491 1547 3575 Syn-

74 3590 175 3664 luyrn.
200 3580 251 3644 lib.
270 3581 300 3643 e.
317 3602 341 3643 r.
362 3581 401 3642 10
418 3581 477 3643 snb
493 3580 598 3642 linem..
617 3579 705 3642 Adde
722 3580 771 3658 iis,
788 3603 869 3662 quae
884 3583 935 3644 Fr.
952 3582 1068 3645 lecerius
1081 3581 1157 3644 dicit
1169 3580 1364 3665 singularem
1379 3579 1471 3642 istius
1485 3579 1546 3643 Ec·

75 3668 195 3732 0103130
219 3668 485 3753 significationem
509 3667 676 3732 habuisse:
694 3668 755 3732 llla
767 3669 947 3752 significata
959 3669 1058 3732 fuisse
1071 3669 1266 3752 praesentia:
1281 3669 1439 3731 internam
1453 3667 1546 3730 affec·

73 3756 201 3820 tionem
213 3757 236 3822 81
249 3761 368 3820 statum
382 3755 580 3839 spiritualem
594 3757 686 3820 istius
701 3758 829 3840 populi3
845 3758 893 3822 vel
910 3759 993 3840 quod
1006 3759 1044 3822 ad
1053 3757 1313 3840 justificationem
1327 3755 1385 3820 sub
1398 3755 1545 3820 cautione

75 3847 124 3908 rel
136 3846 226 3927 quod
240 3845 279 3909 nd
292 3845 583 3924 sanctificationem,
598 3845 646 3908 vel
660 3847 743 3928 quod
755 3845 795 3908 ad
807 3846 989 3910 inchoatam
1001 3846 1268 3929 glorificationem
1277 3845 1311 3907 in
1322 3845 1383 3908 hac
1393 3848 1466 3908 vitri.
1484 3847 1546 3910 Ea·

71 3946 150 4018 cept.
179 3935 212 3996 2.
240 3933 358 4010 ,Nulla
381 3934 464 3998 ratio
487 3933 574 3998 reddi
598 3938 703 4017 potest
726 3957 781 3998 cur
805 3939 916 3999 cantus
929 3957 992 4017 quo
1004 3934 1177 3998 utebantur
1189 3934 1339 4012 Hebraei,
1352 3933 1375 3997 81
1388 3954 1450 4016 quo
1463 3955 1546 3997 nunc

75 4025 239 4098 ,utuntur
251 4021 348 4086 etiam
361 4021 544 4102 Lutherani,
553 4025 621 4086 ¹non
631 4023 673 4086 sit
688 4023 864 4087 ceremonia
875 4024 1003 4108 proprie
1015 4022 1037 4086 J
1038 4023 1159 4101 udaica,
1172 4025 1194 4088 81
1207 4045 1302 4085 sonus
1315 4020 1436 4105 Organi
1448 4021 1547 4085 alicu-

75 4116 146 4192 ,jus
173 4110 219 4173 sit
241 4111 418 4174 ceremonia
441 4111 462 4175 J
465 4111 635 4175 udaeorum
649 4112 787 4194 propria,
800 4117 895 4195 atque
912 4112 982 4175 ideo
994 4111 1163 4175 interdicta
1174 4110 1396 4175 Christianis.'’
1410 4111 1500 4195 Ileep.
1517 4111 1548 4174 l.

70 4199 253 4264 Rationem
277 4199 386 4263 debuit
413 4200 529 4264 vidisse
552 4199 694 4264 Ecclesia
721 4201 863 4283 antiqua,
880 4203 903 4266 81
926 4200 1124 4278 intermedia,
1141 4222 1241 4282 usque
1253 4199 1293 4262 ad
1305 4203 1449 4282 tempora
1461 4198 1549 4263 Tho-

16 4321 17 4324 *
69 4311 144 4354 mae
161 4287 339 4370 Aquinatis
352 4291 407 4351 aut
419 4291 545 4371 praeter
556 4295 702 4373 propter,
716 4291 799 4372 quod
811 4294 939 4353 cantum
956 4289 1129 4364 admiserit,
1146 4288 1359 4352 instrumenta
1372 4311 1434 4352 uon
1447 4288 1549 4352 admi-

69 4380 172 4454 serit;
202 4377 224 4440 81
249 4376 409 4459 putaverit
432 4377 500 4441 sine
524 4376 593 4441 istis
613 4379 742 4460 pietatis
759 4378 910 4442 exercitia
921 4379 1049 4461 publice
1065 4400 1098 4442 se
1112 4377 1189 4441 satis
1202 4376 1394 4460 implevisse,
1408 4377 1476 4441 sine
1489 4376 1547 4439 illo

1474 4465 1548 4526 verb
1612 4487 1615 4492 ·
