3668 4856
318 298 382 360 328
620 299 701 362 Pras
724 297 782 364 ΠΙ.
807 298 855 363 Da
879 299 1031 366 Rnornrns
1054 299 1145 364 Ecca.
1169 323 1199 364 ιιι
1223 322 1346 365 causan.
1371 299 1436 365 Lra.
1459 298 1485 364 l.

319 485 342 547 t
355 483 517 547 moraliter
528 483 640 560 bonae,
656 483 754 548 immo
766 486 789 550 t
801 485 940 568 optimae
953 484 1070 550 abusus
1084 487 1131 548 est
1143 484 1255 548 malua.
1270 482 1317 547 De
1330 482 1390 548 hoc
1402 505 1488 548 more
1502 487 1524 550 tr
1537 484 1646 548 ordine
1658 487 1768 567 recepto

318 569 539 637 Ecclesiastice
555 574 577 638 dr
602 573 653 636 via
664 573 754 658 regia
767 574 925 658 agendum
941 578 1034 653 esset,
1048 573 1203 658 siquidem
1216 572 1276 636 hoc
1292 571 1505 638 necessarium
1517 573 1672 651 videatur,
1692 573 1768 637 &de-

318 660 475 744 prehenso
498 660 697 726 catecheseos
718 662 943 747 &synodorum
954 666 1144 740 nostrarum,
1160 661 1403 727 immobtotius
1415 661 1652 726 Christianismi
1666 683 1768 739 errore,

318 749 357 814 de
379 749 462 815 seria
489 751 512 816 dr
538 750 592 834 pia
615 750 777 835 palinodia
800 773 836 815 ac
865 751 1089 817 reformatione
1113 751 1328 836 cogitandum.
1348 749 1535 816 Methodum
1548 750 1767 834 subrepticianr,

318 836 537 923 obrepticiam,
562 840 755 914 insidiosam,
769 840 991 923 deceptoriam,
1005 843 1028 906 ta
1040 841 1171 900 ἄτακτον
1183 838 1480 905 Remcnstrantium
1495 861 1606 904 omnes
1619 839 1769 904 orthodoxi

320 927 343 993 b
356 926 491 1005 εἶπαξίας
506 934 650 993 amantes
662 929 776 993 meritb
789 929 1020 1012 improbarunt.
1038 929 1089 993 Ab
1106 929 1163 993 illa
1179 951 1255 1014 ergo
1267 928 1452 1014 longissime
1464 928 1662 1014 fugiendum.

364 1017 394 1078 2.
420 1017 521 1082 Cencl.
543 1017 591 1081 De
607 1017 873 1082 substantialibus
890 1018 1054 1103 regiminis
1069 1017 1170 1082 nostri
1183 1017 1408 1096 Ecclesiastici,
1425 1017 1508 1082 idem
1521 1019 1700 1082 statuimus.
1712 1014 1770 1080 lle·

321 1127 382 1188 que
410 1105 494 1170 enim
515 1127 541 1170 e.
555 1127 603 1192 gr.
617 1105 654 1170 de
666 1107 775 1171 ordine
791 1107 961 1186 seniorum,
975 1108 1013 1171 de
1025 1107 1181 1192 regimine
1197 1106 1430 1191 presbyteriali,
1444 1106 1481 1171 de
1493 1106 1715 1172 Ecclesiastico
1725 1123 1771 1169 ro-

321 1195 445 1259 catione
457 1194 685 1272 ministrorum,
695 1196 733 1260 de
742 1196 908 1279 disciplina
914 1195 1138 1260 Ecclesiastico
1147 1197 1277 1279 ejusque
1290 1195 1413 1260 actibus
1425 1198 1448 1262 b
1460 1195 1612 1280 gradibus
1625 1195 1772 1280 suspensi·

320 1305 381 1347 one
403 1285 427 1349 h
450 1284 781 1364 excommunicatione,
798 1285 831 1347 in
855 1284 982 1362 scholis,
1005 1285 1170 1369 synedriis,
1195 1283 1349 1348 classibus
1361 1283 1771 1367 juxtaErastialiorumqne

320 1371 500 1456 opinionem
526 1373 788 1452 contendendum,
816 1376 872 1438 aut
898 1374 1005 1457 praxis
1021 1375 1089 1457 ejus
1105 1373 1350 1438 sufflaminanda
1362 1373 1462 1437 autin
1474 1372 1620 1452 ἀπραξίαν
1631 1374 1772 1438 transfor-

320 1460 452 1526 manda:
477 1461 552 1544 quia
574 1461 634 1526 hac
657 1461 779 1526 ratione
791 1483 854 1526 non
870 1466 996 1527 tanturn
1008 1463 1042 1526 in
1058 1463 1223 1548 synodales
1236 1484 1381 1538 canonae,
1395 1463 1448 1526 sed
1461 1463 1484 1528 fr
1496 1462 1530 1525 in
1544 1461 1707 1548 liturgiam
1723 1483 1772 1526 no·

320 1553 430 1628 stram,
454 1549 668 1615 &catechesin
685 1551 747 1629 (cui
758 1573 866 1616 omnes
883 1552 1031 1630 ministri,
1044 1555 1267 1636 proponentes,
1283 1551 1433 1630 seniores,
1445 1549 1649 1635 professores,
1661 1550 1772 1616 schola·

321 1661 392 1702 rum
405 1639 620 1704 moderatores
632 1639 849 1725 subscribunt)
862 1640 979 1705 directe
992 1641 1173 1706 incurritur.

366 1729 396 1796 3.
424 1725 525 1794 Cobet.
542 1727 590 1793 De
611 1729 782 1792 canonibus
800 1728 823 1794 dr
846 1730 926 1794 actis
944 1729 1149 1814 synodalibus
1165 1752 1247 1813 quae
1260 1729 1298 1793 de
1310 1729 1635 1794 circumstantialibnr
1647 1731 1670 1796 t
1681 1733 1773 1792 muta·

320 1816 440 1881 bilibus
453 1817 618 1902 regiminis
630 1816 856 1895 Ecclesiastici,
869 1823 924 1882 ant
936 1819 974 1883 de
987 1817 1168 1902 adiaphoris
1181 1817 1371 1902 quibusdam
1383 1817 1565 1897 decernunt,
1583 1819 1676 1905 longe
1691 1818 1774 1882 aliter

317 1905 522 1990 judicandum
534 1909 598 1970 est:
612 1927 668 1970 nec
685 1906 860 1972 executio&
873 1908 1045 1991 applicatio
1058 1929 1167 1976 eorum
1180 1907 1219 1972 ad
1231 1909 1393 1990 quaelibet
1404 1906 1499 1982 facta,
1512 1909 1652 1993 negotia,
1664 1929 1774 1984 musas,

320 1994 563 2078 particularium
589 1995 815 2073 Ecclesiarum,
830 1995 1059 2075 ministrorum,
1072 1995 1213 2060 fidelium
1229 2001 1295 2060 tarn
1308 1997 1411 2080 rigide
1423 1997 1575 2082 urgenda,
1588 1997 1678 2081 quasi
1689 1997 1719 2060 in
1731 1996 1774 2058 in·

321 2082 473 2147 divisibili
495 2088 612 2166 puncto
636 2084 742 2149 omnia
770 2083 827 2148 illa
849 2085 953 2168 posita
979 2089 1094 2162 essent,
1106 2089 1163 2149 aut
1175 2085 1207 2148 in
1223 2083 1401 2170 Republica
1412 2083 1556 2150 Platonis
1568 2105 1774 2150 versaremur:

321 2172 437 2235 nedum
460 2175 497 2235 ut
512 2177 641 2257 propter
652 2173 743 2252 ritus,
760 2177 815 2236 aut
830 2172 1048 2254 formalitatis,
1065 2178 1121 2239 aut
1133 2173 1252 2238 ordinis
1264 2175 1452 2256 punctulum
1463 2173 1524 2238 hoc
1536 2174 1587 2238 vel
1599 2175 1675 2239 illud
1687 2172 1776 2238 omis-

322 2282 403 2340 sum,
431 2263 486 2324 aut
508 2261 602 2324 aliter
614 2265 720 2326 actum
732 2262 869 2347 (ratione
882 2263 905 2326 s
917 2267 1003 2327 statu
1016 2262 1320 2348 particulari-rerum
1334 2267 1429 2346 atque
1440 2263 1656 2328 Ecclesiarum
1667 2261 1776 2327 alicubi

322 2349 382 2412 hoc
403 2348 563 2435 exigente)
581 2350 777 2418 Ecclesiae&
793 2352 904 2436 synodi
922 2350 1109 2416 Nationales
1122 2351 1156 2416 in
1168 2351 1247 2417 alias
1259 2351 1446 2430 actionales,
1455 2352 1700 2436 provincialesin
1709 2373 1776 2436 pro-

321 2437 482 2516 vinciales,
507 2439 623 2504 classes
645 2440 679 2503 in
703 2440 828 2520 classes,
845 2441 992 2524 synedria
1004 2445 1037 2505 in
1053 2441 1210 2526 synedria,
1222 2441 1360 2506 ministri
1373 2440 1406 2505 in
1418 2441 1581 2506 ministros
1592 2440 1776 2506 contentiose

322 2526 486 2612 insurgere
511 2527 656 2593 debeant.
677 2527 806 2593 Certum
818 2529 902 2594 enim
915 2533 963 2594 est
974 2530 1080 2594 omnia
1092 2529 1149 2594 illa
1162 2534 1180 2594 t
1191 2530 1319 2614 synodis
1330 2529 1377 2594 ita
1392 2530 1426 2593 in
1438 2534 1510 2594 acta
1521 2534 1577 2594 ant
1590 2551 1718 2595 canones
1728 2550 1777 2592 re·

323 2615 389 2679 lata
411 2638 475 2680 non
496 2615 606 2696 fnisse,
634 2618 725 2701 quasi
750 2615 815 2682 illis
834 2622 988 2701 tanquam
1011 2619 1188 2703 praeceptis
1218 2617 1279 2683 Dei
1294 2618 1497 2684 affirmativis
1509 2641 1643 2703 semper,
1655 2619 1778 2702 insuper

322 2709 476 2789 tanquam
499 2706 676 2789 praeceptis
687 2705 749 2770 Dei
760 2706 918 2791 negativis
930 2707 970 2771 ad
982 2730 1107 2792 semper
1122 2728 1230 2772 omncs
1243 2708 1311 2772 sine
1327 2708 1393 2772 ulla
1405 2708 1590 2792 exceptione
1605 2708 1778 2794 obligaren-

323 2795 392 2858 tur:
407 2794 497 2880 [pag.
515 2795 607 2881 223]
620 2795 701 2859 nihil
714 2794 928 2861 Ecclesiarnm
940 2797 1126 2880 prudentiae
1138 2796 1162 2860 tr
1173 2796 1316 2861 libertati
1327 2797 1361 2860 iu
1374 2818 1499 2880 qnoque
1511 2819 1586 2862 casn
1598 2795 1777 2862 commodis-

324 2883 405 2947 sima
427 2884 549 2948 ratione
573 2883 796 2968 applicandum
816 2884 1058 2968 relinqueretur.
1073 2884 1171 2950 Recte
1183 2885 1316 2950 celebris
1331 2886 1469 2970 synodus
1482 2885 1632 2950 Dordrac.
1645 2907 1713 2951 sear.
1725 2885 1776 2947 20.

323 2970 372 3037 De
394 2972 569 3037 candidatis
592 2972 770 3037 ministerii:
796 2974 856 3040 Sed
874 2973 1033 3058 &placuit
1045 2995 1081 3040 ca
1094 2974 1240 3039 crucibus
1256 2976 1397 3040 Ecctcriia
1409 2975 1706 3060 stricttirnperuada
1716 2993 1778 3038 nou

323 3082 404 3126 csse:
416 3062 492 3126 satia
503 3063 588 3127 caim
600 3083 664 3128 esso
674 3063 703 3126 si
714 3063 792 3127 serio
806 3075 928 3129 lautum
940 3065 1203 3130 coronarentur.
1221 3061 1382 3140 Quaedam
1395 3085 1472 3149 ergo
1487 3069 1612 3128 tantum
1628 3085 1778 3130 commen·

324 3150 456 3214 dantur:
479 3150 543 3214 alia
564 3155 720 3235 tanquam
742 3152 873 3216 consilia
887 3157 1117 3238 suggeruntur:
1131 3153 1195 3218 alia
1207 3153 1268 3217 hoc
1279 3175 1386 3218 rerum
1399 3157 1484 3217 statu
1497 3153 1669 3238 prudenter
1681 3153 1726 3219 rel
1737 3152 1778 3218 sie

325 3238 454 3302 ferenda
483 3240 534 3303 vel
557 3239 602 3304 sic
625 3240 747 3325 agenda
759 3241 948 3318 suadentum
961 3245 997 3305 nt
1008 3243 1129 3326 majora
1141 3240 1163 3307 ft
1177 3241 1329 3307 ulteriora
1340 3241 1537 3307 incommoda
1545 3242 1694 3322 vitentur,
1702 3263 1778 3326 quae

325 3327 467 3411 alioquin
490 3327 585 3392 vitari
609 3327 661 3393 vix
683 3333 825 3413 possent:
840 3330 903 3394 alia
916 3330 1160 3413 particularibus
1173 3331 1363 3415 quibusdam
1378 3331 1528 3396 Ecclesiis
1544 3330 1578 3396 in
1590 3333 1650 3396 tali
1662 3337 1714 3398 ant
1724 3330 1778 3395 tali

325 3419 412 3482 statu
424 3416 604 3482 constitutis
616 3418 682 3482 sive
694 3419 907 3502 permittenda
923 3419 989 3484 sive
1000 3419 1144 3484 facienda
1156 3419 1380 3505 imponuntur;
1396 3442 1459 3484 non
1470 3421 1617 3486 omnibus
1629 3419 1778 3508 generali·

324 3510 374 3569 ter
385 3506 660 3588 praescribuntur:
674 3507 738 3571 alia
749 3507 945 3587 ordinantur,
958 3531 1022 3573 non
1035 3508 1161 3574 exclusa
1173 3513 1281 3573 tamen
1291 3508 1378 3574 omni
1391 3508 1585 3593 exceptione,
1595 3514 1652 3574 aut
1660 3511 1778 3594 dispen-

325 3594 458 3672 satione,
471 3599 527 3658 aut
538 3595 770 3673 moderatione;
784 3596 939 3680 siquidem
952 3597 1061 3662 classis
1074 3601 1129 3661 aut
1141 3597 1322 3681 synedrium
1334 3599 1381 3662 ita
1396 3597 1575 3663 consultum
1592 3597 1778 3680 judicaverit.

325 3681 426 3748 Nulla
448 3683 500 3748 lex
513 3687 560 3748 est
575 3683 667 3748 istius
679 3685 815 3770 generis,
828 3707 909 3768 quae
921 3708 984 3750 non
996 3685 1115 3750 habeat
1126 3685 1247 3768 aliquid
1258 3686 1370 3771 iniqui,
1382 3687 1411 3751 si
1424 3687 1463 3752 ad
1475 3687 1603 3772 singola
1619 3687 1703 3752 facta
1715 3687 1777 3752 sine

327 3773 509 3856 exceptione
533 3772 726 3857 applicetur;
744 3775 767 3838 tr
783 3796 942 3838 summum
950 3776 1003 3858 jus
1016 3779 1063 3839 est
1076 3797 1200 3839 summa
1211 3775 1337 3858 injuris.
1351 3774 1433 3840 Vide
1445 3775 1577 3841 Ethicos
1587 3780 1610 3844 dr
1622 3777 1778 3860 theologos

327 3860 365 3924 de
384 3861 510 3944 justitia
522 3863 545 3927 dr
557 3863 726 3946 aequitate.
740 3859 787 3926 Ut
798 3862 894 3927 verbo
905 3863 1018 3942 dicam,
1031 3886 1093 3928 non
1102 3864 1209 3928 omnia
1224 3865 1349 3929 decreta
1360 3867 1384 3931 tr
1396 3869 1517 3929 statuta
1529 3867 1693 3950 synodalia
1703 3909 1708 3928 2
1736 3885 1778 3928 rea

327 3949 500 4033 adiaphora
524 3952 547 4016 dc
574 3950 756 4034 peristatiea
782 3955 856 4015 sunt
879 3952 966 4036 leges
989 3952 1154 4037 regiminis
1176 3951 1442 4033 fundamentales,
1465 3975 1521 4019 nec
1545 3961 1621 4020 sunt
1629 3979 1705 4040 poen
1737 3975 1778 4028 es,

328 4038 473 4120 quamvis
496 4042 580 4103 recte
608 4041 690 4103 latae
717 4044 832 4104 essent.
857 4039 947 4116 Quod
962 4042 1002 4106 ad
1016 4042 1144 4106 oculum
1155 4041 1364 4106 demonstrari
1376 4045 1491 4127 potest,
1504 4043 1532 4108 si
1547 4045 1724 4110 constitutio
1736 4063 1778 4106 res

327 4129 451 4190 nostras
458 4127 695 4192 Ecclesiasticas
707 4129 740 4192 in
749 4131 867 4212 synodo
875 4127 1077 4194 Dordraoena
1089 4154 1170 4195 anno
1182 4131 1275 4196 1619.
1289 4139 1484 4217 postremum
1496 4133 1702 4219 interpolatas
1713 4155 1720 4197 ι
1736 4153 1779 4196 rm

328 4214 470 4280 moribus
492 4215 615 4280 &varia
626 4218 716 4300 praxi
728 4217 942 4283 Ecclesiamm
954 4242 1181 4303 comparemus:
1198 4221 1285 4286 artie.
1299 4223 1328 4284 4.
1342 4220 1390 4286 De
1406 4221 1560 4287 electione
1571 4223 1720 4288 ministrer
1736 4243 1779 4285 nn

329 4325 386 4387 per
397 4304 629 4389 presbyterium
644 4305 842 4385 &diaconum
859 4309 897 4372 de
908 4308 1111 4392 impositione
1122 4332 1284 4374 manuum.
1301 4312 1388 4375 artic.
1407 4311 1437 4376 5.
1450 4309 1499 4376 De
1506 4311 1579 4394 jure
1590 4318 1720 4397 patrona
1736 4331 1779 4384 us,

330 4393 354 4459 b
380 4393 419 4457 de
441 4414 638 4478 quocumque
660 4393 724 4460 alio
742 4396 823 4480 jure.
847 4397 934 4462 artic.
961 4397 991 4461 6.
1004 4395 1054 4464 De
1065 4399 1229 4466 vocatione
1244 4398 1461 4466 ministrorum
1474 4400 1507 4465 in
1522 4401 1780 4552 nosocommgn

1699 4511 1708 4539 ³
1757 4509 1778 4551 ι.
