3668 4856
268 313 382 378 Terea.
407 311 466 377 ΙΙΙ.
491 311 539 376 Da
563 313 769 378 Oourrurrsus
793 337 829 376 ur
854 312 999 378 Cerussa.
1024 314 1150 378 necrus.
1176 314 1247 380 Cae.
1270 313 1327 379 IX.
1472 315 1531 379 361

6 467 9 602 ἑ
88 497 224 579 quomodo
246 497 354 581 oppidi
378 499 569 565 &territorii
586 499 760 579 Heusdani,
777 499 945 581 Arkelani,
958 499 1133 579 Altenaini,
1147 499 1317 585 Stryensis,
1331 499 1537 568 Woerdensis

6 603 10 686 'p
89 587 128 650 tc.
139 586 214 650 nulli
224 608 309 650 nunc
320 589 340 650 a
350 587 461 652 multis
473 589 565 652 annis
577 588 738 652 exstitere.

122 672 241 749 Quodsi
253 675 324 758 quis
336 675 501 760 regiminis
513 677 547 739 in
559 676 683 760 oppidis
697 675 895 740 Hollandicis
906 676 1049 760 ignarus,
1059 677 1191 742 dubium
1201 681 1326 742 moveat
1335 676 1372 741 de
1381 678 1536 760 praefecti

6 687 11 840 l
89 761 216 828 militaris
240 764 441 847 oppositione
463 768 573 828 contra
596 764 679 829 hanc
690 765 765 829 novi
776 765 913 848 pastoris
926 765 1208 830 introductionem:
1223 765 1253 829 ei
1264 767 1450 849 respondeo,
1464 769 1536 832 nul-

87 850 140 914 lam
163 855 354 934 potestatem
378 852 428 916 illi
450 851 560 930 fuisse,
573 853 654 917 mihi
666 857 721 918 aut
734 853 792 916 ulli
805 854 866 916 civi
881 853 915 917 in
927 853 1074 919 civilibus
1087 858 1143 918 aut
1155 856 1188 918 in
1200 853 1432 918 Ecclesiasticis
1444 877 1535 920 man-

88 937 175 1018 dendi,
198 939 221 1005 b
249 941 275 1004 si
299 940 353 1004 ille
374 945 545 1024 usurparet
556 942 655 1006 talem
667 941 884 1020 autoritatem,
897 942 959 1006 civi
971 963 1034 1007 non
1046 947 1225 1027 competere
1241 942 1372 1026 parendi
1388 943 1535 1026 gloriam.

87 1025 134 1090 llsl
146 1029 225 1094 euim
238 1029 419 1112 praefectus
432 1029 581 1094 militaris
593 1030 856 1109 superintendens
868 1030 1018 1113 praesidii
1031 1031 1180 1095 militaris
1194 1030 1256 1116 (uti
1267 1029 1421 1115 praefecti
1429 1030 1536 1097 Heus·

6 1045 13 1200 l
87 1115 146 1179 dani
156 1116 213 1206 hoc
224 1117 320 1182 titulo
335 1117 369 1182 in
381 1117 644 1201 inscriptionibus
657 1118 863 1202 epistolarum
876 1118 916 1183 ab
928 1116 979 1182 Ill.
993 1117 1064 1182 DD.
1078 1118 1250 1183 Ordinibus
1258 1120 1326 1203 jam
1338 1120 1412 1183 inde
1428 1123 1446 1184 a
1459 1121 1536 1186 belli
1550 1187 1557 1198 ,

6 1201 10 1270 l
87 1200 192 1290 belgici
203 1206 296 1270 initio
307 1206 415 1270 ornari
427 1207 552 1290 solent).
566 1206 610 1271 Et
622 1207 706 1271 cives
715 1210 810 1292 atque
822 1207 955 1286 incolae,
969 1207 1024 1291 qui
1032 1207 1167 1271 militiae
1177 1229 1291 1272 nomen
1300 1229 1363 1272 non
1372 1208 1535 1289 dederunt,

6 1271 10 1418 ἱ
85 1313 133 1356 nec
150 1294 295 1377 praesidii
313 1295 463 1359 militaris
484 1300 608 1378 partem
628 1295 760 1374 faciunt,
781 1296 870 1359 nullo
890 1297 982 1360 modo
1003 1295 1163 1379 praefecto
1184 1300 1240 1359 aut
1260 1297 1390 1360 oonsilio
1403 1297 1538 1362 militari
1557 1305 1559 1310 ’

6 1425 8 1456 ,
85 1381 203 1464 subjecti
228 1393 312 1448 sunt.
344 1385 471 1448 Grotius
495 1384 528 1446 in
552 1384 761 1470 Apologetico
778 1405 852 1469 pop.
867 1385 943 1448 406.
956 1384 1002 1447 ait
1014 1384 1172 1467 Principis
1185 1385 1328 1450 Maomlii
1339 1385 1536 1469 generalis&

6 1461 9 1490 ³
85 1471 209 1552 supremi
220 1471 356 1536 militiae
367 1470 615 1538 Foederatorum
627 1472 862 1556 provinciarum
873 1472 1027 1556 praefecti
1035 1473 1088 1556 jus
1099 1494 1163 1536 non
1176 1471 1351 1536 extendisse
1364 1496 1397 1537 se
1410 1474 1443 1536 in
1451 1473 1535 1540 cives

6 1491 11 1714 ξ
85 1564 226 1623 umeros:
255 1562 278 1625 dr
302 1561 458 1644 quomodo
471 1561 672 1644 particularis
688 1561 821 1645 alicujus
835 1561 988 1644 praefecti
1004 1561 1153 1625 militaris
1166 1560 1314 1625 Generali
1326 1561 1375 1624 illi
1390 1562 1536 1646 &supre-

84 1667 127 1708 mo
147 1647 278 1712 militari
300 1649 463 1732 praefecto
487 1649 621 1732 subjecti
649 1671 682 1714 se
703 1651 896 1714 extendisset
908 1651 942 1713 in
954 1650 1055 1714 civem
1067 1654 1123 1714 aut
1135 1649 1218 1714 cives
1231 1649 1298 1713 sive
1314 1653 1452 1714 armatos
1469 1650 1536 1716 sive

6 1717 10 1832 Ι
84 1735 216 1800 inermes
240 1734 329 1801 Idem
349 1757 422 1821 pop.
448 1738 522 1800 219.
550 1738 573 1802 a
596 1759 678 1824 seqq.
702 1741 832 1821 operose
859 1739 1055 1818 demonstrat
1067 1737 1244 1820 praefectos
1256 1738 1487 1820 praesidiorum
1502 1740 1536 1803 iu

6 1833 11 1880 l
83 1843 195 1908 quoqne
218 1825 335 1908 oppido
363 1823 552 1890 Hollandiae
581 1827 694 1890 debere
711 1831 872 1909 praestare
885 1828 1103 1910 juramentum
1127 1825 1536 1892 fidelitatisbobedientiae

6 1881 11 1980 l
83 1909 270 1992 Consulibus,
294 1917 350 1977 aut
373 1911 505 1978 Senatui
519 1916 670 1999 cujusque
686 1915 812 1999 oppidi;
830 1936 903 1999 pop.
919 1917 994 1979 221.
1007 1914 1105 1978 refert
1113 1916 1332 1998 juramentum
1345 1915 1537 1998 apraefecto

6 1991 9 2006 '
82 2000 203 2066 militari
226 2001 380 2066 Goudauo
397 2001 605 2087 Magistratui
619 2005 810 2086 praestitum
826 2025 908 2068 anno
926 2003 1022 2068 1616.
1035 2003 1123 2068 artic.
1137 2005 1166 2066 3.
1181 2004 1285 2087 Neque
1300 2024 1331 2068 se
1342 2025 1441 2088 ireque
1451 2005 1533 2070 miti-

83 2101 118 2152 les
138 2091 311 2175 bapeaumes
334 2112 366 2156 sc
387 2092 518 2175 nepotiis
540 2093 583 2156 od
594 2093 757 2175 oppidum,
773 2093 947 2176 arvrrnicipcs
962 2089 993 2156 a
1006 2092 1191 2156 habitatores
1201 2092 1438 2174 pertirrcatibos.
1452 2090 1536 2168 Quin

81 2177 168 2242 eliam
183 2181 273 2265 [pag.
288 2179 380 2264 267.]
394 2179 530 2257 Brielae,
543 2179 598 2243 ubi
611 2182 843 2244 controversiae
857 2179 1152 2244 Remonstranticae
1165 2180 1382 2262 agitabantur,
1395 2182 1417 2247 b
1430 2179 1536 2266 Magi-

81 2269 189 2334 stratus
201 2268 239 2332 iis
252 2267 391 2345 larebat,
409 2269 509 2331 coacti
522 2268 652 2332 fuerunt
663 2269 863 2333 centuriones
876 2268 1075 2352 praesidiarii
1088 2267 1278 2332 Consulibus
1290 2273 1346 2333 aut
1362 2268 1536 2354 Magistra·

80 2354 121 2418 tui
141 2355 271 2439 speciali
289 2357 471 2439 juramento
495 2379 528 2421 se
551 2356 716 2440 subjicere,
733 2357 756 2422 t
770 2358 808 2421 ad
821 2362 936 2421 nutum
948 2380 1058 2421 eorum
1070 2357 1110 2420 ad
1123 2379 1212 2421 arma
1225 2357 1419 2441 expedienda
1432 2359 1537 2441 parati

81 2465 150 2508 esse.
175 2443 238 2509 Sed
256 2444 406 2510 Heusdae
418 2445 598 2529 praefectus
611 2445 760 2511 militaris
774 2468 836 2509 nou
849 2449 974 2509 tantum
987 2468 1050 2509 non
1062 2444 1216 2510 Nobiliss.
1230 2447 1271 2510 D.
1285 2447 1437 2531 Sobapoc
1445 2447 1535 2530 jura-

6 2545 9 2612 }
79 2537 177 2597 mento
199 2556 234 2598 se
260 2533 490 2617 obstringebat,
508 2555 565 2598 neo
577 2534 607 2598 ei
619 2534 738 2598 auxilio
751 2556 819 2598 esse
831 2556 967 2617 euinque
979 2535 1062 2598 tueri
1075 2538 1206 2616 paratus
1219 2540 1296 2608 erat,
1310 2537 1364 2598 sed
1376 2539 1486 2600 contra
1498 2536 1536 2600 de

6 2615 8 2648 ²
80 2619 154 2685 facto
177 2622 280 2686 eidem
304 2622 475 2686 violentam
499 2622 714 2686 resistentiam
737 2623 1119 2706 minabaturbparabat;
1134 2622 1331 2701 connivente,
1347 2623 1538 2688 immohaut

78 2707 201 2774 obscure
217 2710 382 2794 probante,
398 2710 703 2788 Oldenboraeveldio,
716 2733 788 2775 curn
800 2711 961 2794 plerisque
973 2711 1125 2774 membris
1138 2709 1189 2775 ΙΙΙ.
1202 2733 1366 2776 consessus
1380 2710 1536 2786 Ordiuum

79 2795 113 2860 ab
134 2797 202 2882 ipso
225 2799 448 2863 circumuentis
474 2821 510 2862 ac
534 2799 681 2863 seductis.
694 2797 760 2868 Ubi
773 2821 849 2886 ergo
862 2821 974 2864 causae
989 2798 1284 2863 Remonstranticae
1297 2799 1377 2863 illud
1389 2800 1536 2883 prodesse

78 2889 204 2966 poterat,
230 2885 410 2970 praefectos
432 2887 588 2951 militares
612 2887 824 2970 subjiciebant
850 2888 1055 2965 Consulibus3
1080 2887 1135 2951 ubi
1158 2909 1221 2951 nou
1238 2888 1386 2970 prodesse
1399 2892 1536 2972 poterat,

77 2975 246 3054 praefectos
270 2974 292 3038 da
316 2973 484 3040 Senatores
507 2975 653 3059 politicos
678 2975 832 3060 subjicere
856 2977 1053 3040 conabantur
1077 2975 1245 3058 praefectis
1262 2975 1465 3040 militaribus.
1478 2973 1537 3042 Uti

6 3057 9 3140 l
79 3062 197 3129 Grotius
220 3064 305 3128 hunc
327 3064 492 3147 politicum
516 3063 705 3128 cothurnum
723 3065 786 3128 alio
811 3065 844 3128 in
867 3087 941 3128 casu
954 3065 1069 3148 prodit,
1080 3085 1154 3149 pop.
1168 3064 1253 3127 370.:
1272 3062 1360 3140 „Hae
1372 3063 1536 3144 factiones,

80 3149 206 3236 ,inquit
230 3155 306 3237 (non
334 3153 472 3218 multum
495 3151 718 3216 Leicestrianis
730 3153 795 3217 illis
808 3153 990 3235 dissimiles)
1004 3153 1111 3236 palam
1123 3151 1261 3216 usitatae
1273 3155 1364 3216 erant
1375 3153 1537 3217 veteribus

79 3239 203 3324 ,Aquis
223 3239 381 3321 Harlemi,
401 3239 559 3326 Lugduni,
578 3239 738 3321 Heusdae,
752 3241 849 3306 etiam
861 3240 1007 3325 Hagae.’'
1020 3242 1059 3306 El
1068 3261 1142 3325 pop.
1159 3240 1247 3304 173.:
1267 3238 1338 3316 ,Sic
1350 3242 1373 3306 u
1386 3240 1536 3306 Heusdae

79 3349 243 3410 ,cpncnrsu
266 3329 350 3394 facto
374 3329 486 3394 electio
498 3328 760 3414 Magistratuum,
781 3329 960 3412 quaefacta
973 3333 1041 3392 erat
1057 3329 1097 3392 eb
1109 3328 1219 3412 oppidi
1233 3327 1395 3412 praefecto
1408 3335 1443 3392 ut
1456 3331 1536 3401 arcis

6 3389 9 3472 l
79 3418 230 3496 ,custode
242 3417 267 3483 b
279 3419 299 3482 a
311 3418 490 3501 quaesitore
503 3417 690 3503 (secuudum
700 3439 821 3482 morem
829 3440 886 3502 per
894 3417 1208 3502 annosquadraginta
1220 3417 1394 3500 servatum)
1404 3417 1536 3482 rescissa

6 3473 10 3568 l
78 3509 155 3657 ,Ἦ
161 3507 185 3573 b
197 3505 373 3659 quaesptori
384 3509 602 3658 novatertorta
614 3505 727 3571 electio
742 3505 782 3570 ad
794 3506 963 3570 arbitrium
975 3505 1143 3570 seditiosae
1158 3507 1305 3570 turbae.'’

157 3617 287 3660 onoau
311 3617 375 3660 ase
398 3616 524 3659 uenia:

6 3647 9 3788 l
112 3680 136 3746 I.
160 3682 273 3748 Fectio
288 3616 419 3766 politiia
431 3682 549 3746 civium
560 3681 710 3747 Heusdae
725 3682 896 3761 nullafuit,
909 3682 1023 3747 similis
1035 3681 1278 3748 Leicestrianae.
1291 3679 1353 3748 Sed
1366 3681 1463 3747 factio
1474 3680 1537 3746 fuit

6 3801 8 3862 Ξ
73 3765 592 3836 [demonstrandae-Barnaveldica
616 3772 710 3836 unius
723 3772 952 3836 concionatoris
968 3768 1238 3835 Remonstrantici
1250 3772 1273 3837 b
1283 3769 1438 3854 praefecti
1450 3769 1536 3834 mili-

6 3865 8 3920 Ι
73 3863 94 3922 u
150 3911 155 3939 ‚
179 3882 215 3925 ec
239 3860 505 3943 paucissimorum
517 3881 613 3943 supra
626 3859 866 3944 descriptorum,
879 3859 1025 3944 synedrio
1036 3859 1160 3942 totique
1172 3857 1334 3923 Ecclesiae
1349 3857 1489 3924 &ordini
1501 3881 1537 3924 ac

6 3921 8 3994 l
71 3967 94 4010 ri
150 3947 385 4015 uinielassicali
398 3948 554 4034 opposita.

6 3999 9 4124 l
174 4035 286 4102 llullus
302 4033 452 4101 Heusdae
464 4035 568 4102 factus
581 4059 761 4117 concursus,
773 4036 864 4101 nulla
876 4057 1018 4120 unquam
1026 4039 1193 4119 conspecta
1201 4034 1422 4100 fuitseditiosa
1430 4035 1535 4112 turba;

6 4127 8 4190 l
71 4144 94 4186 ni
170 4124 284 4204 παξῐα,
298 4124 490 4189 inordinatio
499 4124 722 4190 Ecclesiastica
735 4129 792 4190 aut
803 4125 943 4209 politica,
956 4125 1018 4189 uisi
1030 4122 1300 4188 Remonstrantici
1309 4123 1537 4188 concionatoris

6 4207 9 4310 l
70 4213 90 4276 d
170 4212 265 4278 efecti
280 4213 441 4281 militaris.
458 4213 551 4290 Quod
571 4213 696 4298 antiqui
716 4217 877 4278 senatores
897 4213 1041 4300 (Belgica
1060 4210 1239 4295 b’ffluitort)
1259 4234 1315 4276 seu
1338 4212 1537 4277 exscabini&

6 4321 8 4350 r
70 4321 94 4364 ei
166 4301 253 4366 eules
277 4301 395 4367 indicio
420 4306 439 4366 a
462 4302 598 4384 Satrapes
621 4304 645 4368 da
667 4303 813 4386 praeside
838 4302 1038 4367 scabinorum
1058 4300 1288 4365 factoineuria
1302 4299 1538 4383 comparuerint

6 4375 8 4462 ξ
70 4387 94 4452 ib
164 4413 169 4416 ·
190 4391 361 4456 nretestati
381 4389 502 4456 fuerint
520 4395 631 4456 contra
643 4391 860 4455 turbationem
873 4390 1027 4474 praefecti
1038 4389 1199 4466 militaris,
1211 4409 1276 4453 non
1288 4393 1357 4453 erat
1368 4409 1538 4452 concursus

6 4503 9 4583 p
1481 4497 1538 4540 ΠΕΟ
