<?xml version="1.0" encoding="UTF-8"?>
<!DOCTYPE html PUBLIC "-//W3C//DTD XHTML 1.0 Transitional//EN"
    "http://www.w3.org/TR/xhtml1/DTD/xhtml1-transitional.dtd">
<html xmlns="http://www.w3.org/1999/xhtml" xml:lang="en" lang="en">
 <head>
  <title>
</title>
<meta http-equiv="Content-Type" content="text/html;charset=utf-8" />
  <meta name='ocr-system' content='tesseract 3.04.00' />
  <meta name='ocr-capabilities' content='ocr_page ocr_carea ocr_par ocr_line ocrx_word'/>
</head>
<body>
  <div class='ocr_page' id='page_1' title='image "./gisbertivoetiit00rutggoog_0431.png"; bbox 0 0 3722 4850; ppageno 0'>
   <div class='ocr_carea' id='block_1_1' title="bbox 355 250 1567 338">
    <p class='ocr_par' dir='ltr' id='par_1_1' title="bbox 355 250 1567 338">
     <span class='ocr_line' id='line_1_1' title="bbox 355 250 1567 338; baseline 0.002 -16"><span class='ocrx_word' id='word_1_1' title='bbox 355 257 466 324; x_wconf 78' lang='lat' dir='ltr'><strong>Tuscu.</strong></span> <span class='ocrx_word' id='word_1_2' title='bbox 481 255 522 322; x_wconf 93' lang='grc' dir='ltr'><strong>ΙΙ,</strong></span> <span class='ocrx_word' id='word_1_3' title='bbox 548 256 596 322; x_wconf 83' lang='lat' dir='ltr'><strong>Da</strong></span> <span class='ocrx_word' id='word_1_4' title='bbox 609 257 743 338; x_wconf 80' lang='lat' dir='ltr'><strong>Parma,</strong></span> <span class='ocrx_word' id='word_1_5' title='bbox 757 255 930 334; x_wconf 75' lang='lat' dir='ltr'><strong>Bassareu,</strong></span> <span class='ocrx_word' id='word_1_6' title='bbox 944 255 1096 321; x_wconf 79' lang='lat' dir='ltr'><strong>Doxoroc.</strong></span> <span class='ocrx_word' id='word_1_7' title='bbox 1111 252 1214 321; x_wconf 83' lang='lat' dir='ltr'><strong>Ecca..</strong></span> <span class='ocrx_word' id='word_1_8' title='bbox 1227 254 1299 321; x_wconf 78' lang='lat' dir='ltr'><strong>Car.</strong></span> <span class='ocrx_word' id='word_1_9' title='bbox 1311 250 1337 316; x_wconf 89' lang='grc' dir='ltr'><strong>Ι.</strong></span> <span class='ocrx_word' id='word_1_10' title='bbox 1525 260 1567 324; x_wconf 82' lang='grc'><strong>23</strong></span> 
     </span>
    </p>
   </div>
   <div class='ocr_carea' id='block_1_2' title="bbox 13 443 1617 4361">
    <p class='ocr_par' dir='ltr' id='par_1_2' title="bbox 13 443 1617 4361">
     <span class='ocr_line' id='line_1_2' title="bbox 108 443 1565 536; baseline 0 -23"><span class='ocrx_word' id='word_1_11' title='bbox 108 450 244 536; x_wconf 81' lang='lat' dir='ltr'><strong>quamvis</strong></span> <span class='ocrx_word' id='word_1_12' title='bbox 263 471 326 513; x_wconf 90' lang='lat' dir='ltr'><strong>non</strong></span> <span class='ocrx_word' id='word_1_13' title='bbox 343 448 496 526; x_wconf 88' lang='lat' dir='ltr'><strong>deessent,</strong></span> <span class='ocrx_word' id='word_1_14' title='bbox 518 447 572 532; x_wconf 88' lang='lat' dir='ltr'><strong>qui</strong></span> <span class='ocrx_word' id='word_1_15' title='bbox 593 447 691 511; x_wconf 88' lang='lat' dir='ltr'><strong>talem</strong></span> <span class='ocrx_word' id='word_1_16' title='bbox 710 444 951 512; x_wconf 88' lang='lat' dir='ltr'><strong>translationem</strong></span> <span class='ocrx_word' id='word_1_17' title='bbox 962 443 1071 530; x_wconf 85' lang='lat' dir='ltr'><strong>inique</strong></span> <span class='ocrx_word' id='word_1_18' title='bbox 1083 443 1202 508; x_wconf 86' lang='lat' dir='ltr'><strong>factam</strong></span> <span class='ocrx_word' id='word_1_19' title='bbox 1214 444 1247 508; x_wconf 91' lang='lat' dir='ltr'><strong>in</strong></span> <span class='ocrx_word' id='word_1_20' title='bbox 1261 444 1454 512; x_wconf 75' lang='lat' dir='ltr'><strong>conscientia</strong></span> <span class='ocrx_word' id='word_1_21' title='bbox 1466 449 1565 514; x_wconf 91' lang='lat' dir='ltr'><strong>senti·</strong></span> 
     </span>
     <span class='ocr_line' id='line_1_3' title="bbox 107 531 1565 622; baseline 0.003 -23.758"><span class='ocrx_word' id='word_1_22' title='bbox 107 544 170 603; x_wconf 88' lang='lat' dir='ltr'><strong>rent</strong></span> <span class='ocrx_word' id='word_1_23' title='bbox 188 542 211 605; x_wconf 75' lang='lat' dir='ltr'><strong>b</strong></span> <span class='ocrx_word' id='word_1_24' title='bbox 223 539 342 622; x_wconf 89' lang='lat' dir='ltr'><strong>justam</strong></span> <span class='ocrx_word' id='word_1_25' title='bbox 357 536 435 600; x_wconf 90' lang='lat' dir='ltr'><strong>belli</strong></span> <span class='ocrx_word' id='word_1_26' title='bbox 455 534 656 601; x_wconf 86' lang='lat' dir='ltr'><strong>Smalcaldici</strong></span> <span class='ocrx_word' id='word_1_27' title='bbox 676 531 909 618; x_wconf 75' lang='lat' dir='ltr'><strong>aPrincipibus</strong></span> <span class='ocrx_word' id='word_1_28' title='bbox 924 532 1181 599; x_wconf 88' lang='lat' dir='ltr'><strong>Protestantibus</strong></span> <span class='ocrx_word' id='word_1_29' title='bbox 1193 534 1331 618; x_wconf 88' lang='lat' dir='ltr'><strong>suscepti</strong></span> <span class='ocrx_word' id='word_1_30' title='bbox 1343 557 1471 602; x_wconf 88' lang='lat' dir='ltr'><strong>causam</strong></span> <span class='ocrx_word' id='word_1_31' title='bbox 1479 538 1565 621; x_wconf 92' lang='lat' dir='ltr'><strong>judi-</strong></span> 
     </span>
     <span class='ocr_line' id='line_1_4' title="bbox 106 622 1565 711; baseline -0.001 -18.06"><span class='ocrx_word' id='word_1_32' title='bbox 106 631 231 693; x_wconf 85' lang='lat' dir='ltr'><strong>cassent.</strong></span> <span class='ocrx_word' id='word_1_33' title='bbox 243 625 305 692; x_wconf 87' lang='lat' dir='ltr'><strong>Sed</strong></span> <span class='ocrx_word' id='word_1_34' title='bbox 318 626 404 690; x_wconf 92' lang='lat' dir='ltr'><strong>aliud</strong></span> <span class='ocrx_word' id='word_1_35' title='bbox 418 625 493 711; x_wconf 91' lang='lat' dir='ltr'><strong>quid</strong></span> <span class='ocrx_word' id='word_1_36' title='bbox 505 624 657 706; x_wconf 89' lang='lat' dir='ltr'><strong>adferam,</strong></span> <span class='ocrx_word' id='word_1_37' title='bbox 671 625 755 710; x_wconf 89' lang='lat' dir='ltr'><strong>quod</strong></span> <span class='ocrx_word' id='word_1_38' title='bbox 767 622 881 690; x_wconf 87' lang='lat' dir='ltr'><strong>fortius</strong></span> <span class='ocrx_word' id='word_1_39' title='bbox 894 622 1034 708; x_wconf 87' lang='lat' dir='ltr'><strong>stringit:</strong></span> <span class='ocrx_word' id='word_1_40' title='bbox 1044 622 1124 686; x_wconf 80' lang='lat' dir='ltr'><strong>Cum</strong></span> <span class='ocrx_word' id='word_1_41' title='bbox 1136 626 1304 687; x_wconf 82' lang='lat' dir='ltr'><strong>extraneus</strong></span> <span class='ocrx_word' id='word_1_42' title='bbox 1317 623 1387 709; x_wconf 91' lang='lat' dir='ltr'><strong>quis</strong></span> <span class='ocrx_word' id='word_1_43' title='bbox 1400 625 1500 690; x_wconf 78' lang='lat' dir='ltr'><strong>hostis</strong></span> <span class='ocrx_word' id='word_1_44' title='bbox 1509 632 1565 692; x_wconf 87' lang='lat' dir='ltr'><strong>aut</strong></span> 
     </span>
     <span class='ocr_line' id='line_1_5' title="bbox 106 708 1565 800; baseline 0.001 -21.88"><span class='ocrx_word' id='word_1_45' title='bbox 106 721 250 800; x_wconf 77' lang='lat' dir='ltr'><strong>tyrannus</strong></span> <span class='ocrx_word' id='word_1_46' title='bbox 262 738 429 800; x_wconf 88' lang='lat' dir='ltr'><strong>usurpans,</strong></span> <span class='ocrx_word' id='word_1_47' title='bbox 444 715 466 780; x_wconf 79' lang='lat' dir='ltr'><strong>ta</strong></span> <span class='ocrx_word' id='word_1_48' title='bbox 479 713 605 799; x_wconf 91' lang='lat' dir='ltr'><strong>quidem</strong></span> <span class='ocrx_word' id='word_1_49' title='bbox 619 717 638 778; x_wconf 77' lang='lat' dir='ltr'><strong>a</strong></span> <span class='ocrx_word' id='word_1_50' title='bbox 650 713 803 800; x_wconf 72' lang='lat' dir='ltr'><strong>religione</strong></span> <span class='ocrx_word' id='word_1_51' title='bbox 816 711 939 776; x_wconf 91' lang='lat' dir='ltr'><strong>alienus</strong></span> <span class='ocrx_word' id='word_1_52' title='bbox 951 714 991 798; x_wconf 88' lang='lat' dir='ltr'><strong>(e.</strong></span> <span class='ocrx_word' id='word_1_53' title='bbox 1005 733 1054 797; x_wconf 85' lang='lat' dir='ltr'><strong>gr.</strong></span> <span class='ocrx_word' id='word_1_54' title='bbox 1068 708 1184 795; x_wconf 85' lang='lat' dir='ltr'><strong>Turca)</strong></span> <span class='ocrx_word' id='word_1_55' title='bbox 1197 710 1397 778; x_wconf 80' lang='lat' dir='ltr'><strong>Provinciam</strong></span> <span class='ocrx_word' id='word_1_56' title='bbox 1409 712 1565 781; x_wconf 72' lang='grc'><strong>111110111-</strong></span> 
     </span>
     <span class='ocr_line' id='line_1_6' title="bbox 13 800 1563 891; baseline 0.001 -23"><span class='ocrx_word' id='word_1_57' title='bbox 13 805 14 810; x_wconf 71' lang='grc'>’</span> <span class='ocrx_word' id='word_1_58' title='bbox 106 809 196 870; x_wconf 88' lang='lat' dir='ltr'><strong>tatem</strong></span> <span class='ocrx_word' id='word_1_59' title='bbox 219 827 315 891; x_wconf 89' lang='lat' dir='ltr'><strong>quarn</strong></span> <span class='ocrx_word' id='word_1_60' title='bbox 332 826 388 888; x_wconf 90' lang='lat' dir='ltr'><strong>per</strong></span> <span class='ocrx_word' id='word_1_61' title='bbox 403 826 522 868; x_wconf 89' lang='lat' dir='ltr'><strong>meram</strong></span> <span class='ocrx_word' id='word_1_62' title='bbox 536 825 697 867; x_wconf 89' lang='lat' dir='ltr'><strong>armorum</strong></span> <span class='ocrx_word' id='word_1_63' title='bbox 709 803 783 881; x_wconf 87' lang='lat' dir='ltr'><strong>vim,</strong></span> <span class='ocrx_word' id='word_1_64' title='bbox 800 805 857 866; x_wconf 91' lang='lat' dir='ltr'><strong>aut</strong></span> <span class='ocrx_word' id='word_1_65' title='bbox 869 822 925 885; x_wconf 91' lang='lat' dir='ltr'><strong>per</strong></span> <span class='ocrx_word' id='word_1_66' title='bbox 941 800 1132 866; x_wconf 89' lang='lat' dir='ltr'><strong>deditionem</strong></span> <span class='ocrx_word' id='word_1_67' title='bbox 1146 801 1240 865; x_wconf 87' lang='lat' dir='ltr'><strong>certis</strong></span> <span class='ocrx_word' id='word_1_68' title='bbox 1252 803 1468 869; x_wconf 87' lang='lat' dir='ltr'><strong>conventionis</strong></span> <span class='ocrx_word' id='word_1_69' title='bbox 1485 826 1563 870; x_wconf 91' lang='lat' dir='ltr'><strong>con-</strong></span> 
     </span>
     <span class='ocr_line' id='line_1_7' title="bbox 13 887 1563 979; baseline 0.002 -22"><span class='ocrx_word' id='word_1_70' title='bbox 13 903 14 916; x_wconf 63' lang='lat'><em>*</em></span> <span class='ocrx_word' id='word_1_71' title='bbox 105 894 269 960; x_wconf 80' lang='lat' dir='ltr'><strong>ditionibus</strong></span> <span class='ocrx_word' id='word_1_72' title='bbox 290 896 432 977; x_wconf 90' lang='lat' dir='ltr'><strong>occupat,</strong></span> <span class='ocrx_word' id='word_1_73' title='bbox 452 893 560 957; x_wconf 91' lang='lat' dir='ltr'><strong>fideles</strong></span> <span class='ocrx_word' id='word_1_74' title='bbox 578 891 821 958; x_wconf 79' lang='lat' dir='ltr'><strong>Concionatores</strong></span> <span class='ocrx_word' id='word_1_75' title='bbox 846 889 886 955; x_wconf 92' lang='lat' dir='ltr'><strong>ob</strong></span> <span class='ocrx_word' id='word_1_76' title='bbox 906 889 1116 954; x_wconf 70' lang='lat' dir='ltr'><strong>mutationem</strong></span> <span class='ocrx_word' id='word_1_77' title='bbox 1135 887 1266 954; x_wconf 83' lang='lat' dir='ltr'>Domini</span> <span class='ocrx_word' id='word_1_78' title='bbox 1287 890 1378 976; x_wconf 83' lang='lat' dir='ltr'><strong>[pag.</strong></span> <span class='ocrx_word' id='word_1_79' title='bbox 1392 893 1473 979; x_wconf 81' lang='lat'>509]</span> <span class='ocrx_word' id='word_1_80' title='bbox 1497 895 1563 960; x_wconf 87' lang='lat' dir='ltr'><strong>sive</strong></span> 
     </span>
     <span class='ocr_line' id='line_1_8' title="bbox 13 977 1562 1068; baseline 0.003 -22"><span class='ocrx_word' id='word_1_81' title='bbox 13 1055 14 1058; x_wconf 8' lang='grc' dir='ltr'><strong>Ἴ</strong></span> <span class='ocrx_word' id='word_1_82' title='bbox 104 983 237 1068; x_wconf 79' lang='lat' dir='ltr'>supremi</span> <span class='ocrx_word' id='word_1_83' title='bbox 259 983 325 1048; x_wconf 82' lang='lat' dir='ltr'><strong>sive</strong></span> <span class='ocrx_word' id='word_1_84' title='bbox 338 981 552 1062; x_wconf 83' lang='lat' dir='ltr'><strong>territorialis,</strong></span> <span class='ocrx_word' id='word_1_85' title='bbox 568 981 634 1046; x_wconf 86' lang='lat' dir='ltr'><strong>sive</strong></span> <span class='ocrx_word' id='word_1_86' title='bbox 646 981 823 1067; x_wconf 88' lang='lat' dir='ltr'><strong>utriusque,</strong></span> <span class='ocrx_word' id='word_1_87' title='bbox 836 1001 893 1064; x_wconf 90' lang='lat' dir='ltr'><strong>per</strong></span> <span class='ocrx_word' id='word_1_88' title='bbox 908 977 1132 1044; x_wconf 80' lang='lat' dir='ltr'>conscientiam</span> <span class='ocrx_word' id='word_1_89' title='bbox 1143 979 1356 1044; x_wconf 88' lang='lat' dir='ltr'><strong>ministerium</strong></span> <span class='ocrx_word' id='word_1_90' title='bbox 1370 983 1477 1047; x_wconf 81' lang='lat' dir='ltr'><strong>&amp;oves</strong></span> <span class='ocrx_word' id='word_1_91' title='bbox 1489 1005 1562 1050; x_wconf 87' lang='lat' dir='ltr'><strong>suas</strong></span> 
     </span>
     <span class='ocr_line' id='line_1_9' title="bbox 104 1066 1563 1154; baseline 0.003 -19"><span class='ocrx_word' id='word_1_92' title='bbox 104 1095 159 1136; x_wconf 87' lang='lat' dir='ltr'><strong>non</strong></span> <span class='ocrx_word' id='word_1_93' title='bbox 179 1075 327 1138; x_wconf 84' lang='lat' dir='ltr'><strong>terrentur</strong></span> <span class='ocrx_word' id='word_1_94' title='bbox 343 1071 497 1136; x_wconf 90' lang='lat' dir='ltr'><strong>deserere.</strong></span> <span class='ocrx_word' id='word_1_95' title='bbox 521 1069 600 1136; x_wconf 80' lang='lat' dir='ltr'><strong>Cum</strong></span> <span class='ocrx_word' id='word_1_96' title='bbox 621 1069 705 1136; x_wconf 90' lang='lat' dir='ltr'><strong>enim</strong></span> <span class='ocrx_word' id='word_1_97' title='bbox 731 1069 880 1154; x_wconf 91' lang='lat' dir='ltr'><strong>Populus,</strong></span> <span class='ocrx_word' id='word_1_98' title='bbox 903 1068 1119 1152; x_wconf 78' lang='lat' dir='ltr'><strong>&amp;superiores</strong></span> <span class='ocrx_word' id='word_1_99' title='bbox 1131 1066 1310 1133; x_wconf 90' lang='lat' dir='ltr'><strong>Potestates</strong></span> <span class='ocrx_word' id='word_1_100' title='bbox 1327 1066 1485 1154; x_wconf 84' lang='lat' dir='ltr'>Populum</span> <span class='ocrx_word' id='word_1_101' title='bbox 1497 1072 1563 1140; x_wconf 90' lang='lat' dir='ltr'><strong>illic</strong></span> 
     </span>
     <span class='ocr_line' id='line_1_10' title="bbox 13 1156 1562 1245; baseline 0.002 -21"><span class='ocrx_word' id='word_1_102' title='bbox 13 1157 14 1216; x_wconf 74' lang='grc' dir='ltr'>ξ</span> <span class='ocrx_word' id='word_1_103' title='bbox 104 1163 381 1245; x_wconf 88' lang='lat' dir='ltr'><strong>repraesentantes,</strong></span> <span class='ocrx_word' id='word_1_104' title='bbox 404 1160 438 1224; x_wconf 91' lang='lat' dir='ltr'><strong>in</strong></span> <span class='ocrx_word' id='word_1_105' title='bbox 461 1159 669 1225; x_wconf 88' lang='lat' dir='ltr'><strong>mutationem</strong></span> <span class='ocrx_word' id='word_1_106' title='bbox 684 1159 774 1223; x_wconf 92' lang='lat' dir='ltr'><strong>illam</strong></span> <span class='ocrx_word' id='word_1_107' title='bbox 790 1161 863 1223; x_wconf 89' lang='lat' dir='ltr'><strong>utut·</strong></span> <span class='ocrx_word' id='word_1_108' title='bbox 878 1158 1020 1222; x_wconf 90' lang='lat' dir='ltr'><strong>volentes</strong></span> <span class='ocrx_word' id='word_1_109' title='bbox 1032 1156 1159 1222; x_wconf 91' lang='lat' dir='ltr'><strong>nolente</strong></span> <span class='ocrx_word' id='word_1_110' title='bbox 1171 1157 1277 1222; x_wconf 91' lang='lat' dir='ltr'><strong>animo</strong></span> <span class='ocrx_word' id='word_1_111' title='bbox 1293 1159 1509 1240; x_wconf 80' lang='lat' dir='ltr'><strong>consentiunt3</strong></span> <span class='ocrx_word' id='word_1_112' title='bbox 1522 1184 1562 1226; x_wconf 87' lang='lat' dir='ltr'><strong>au</strong></span> 
     </span>
     <span class='ocr_line' id='line_1_11' title="bbox 103 1245 1562 1334; baseline 0.002 -20.826"><span class='ocrx_word' id='word_1_113' title='bbox 103 1250 239 1332; x_wconf 81' lang='lat' dir='ltr'><strong>privatus</strong></span> <span class='ocrx_word' id='word_1_114' title='bbox 262 1248 347 1315; x_wconf 84' lang='lat' dir='ltr'><strong>Civis</strong></span> <span class='ocrx_word' id='word_1_115' title='bbox 363 1249 396 1312; x_wconf 89' lang='lat' dir='ltr'><strong>in</strong></span> <span class='ocrx_word' id='word_1_116' title='bbox 407 1249 465 1313; x_wconf 80' lang='lat' dir='ltr'><strong>illa</strong></span> <span class='ocrx_word' id='word_1_117' title='bbox 477 1247 652 1333; x_wconf 76' lang='lat' dir='ltr'><strong>Republica</strong></span> <span class='ocrx_word' id='word_1_118' title='bbox 670 1247 787 1334; x_wconf 83' lang='lat' dir='ltr'><strong>(qualis</strong></span> <span class='ocrx_word' id='word_1_119' title='bbox 800 1252 849 1311; x_wconf 89' lang='lat' dir='ltr'><strong>est</strong></span> <span class='ocrx_word' id='word_1_120' title='bbox 860 1245 1078 1326; x_wconf 80' lang='lat' dir='ltr'><strong>Concionator,</strong></span> <span class='ocrx_word' id='word_1_121' title='bbox 1093 1246 1238 1331; x_wconf 80' lang='lat' dir='ltr'><strong>quamvis</strong></span> <span class='ocrx_word' id='word_1_122' title='bbox 1249 1246 1396 1331; x_wconf 90' lang='lat' dir='ltr'><strong>publicus</strong></span> <span class='ocrx_word' id='word_1_123' title='bbox 1408 1247 1562 1316; x_wconf 83' lang='lat' dir='ltr'><strong>Anteces-</strong></span> 
     </span>
     <span class='ocr_line' id='line_1_12' title="bbox 13 1332 1563 1424; baseline 0.002 -22"><span class='ocrx_word' id='word_1_124' title='bbox 13 1349 14 1360; x_wconf 74' lang='grc'>’</span> <span class='ocrx_word' id='word_1_125' title='bbox 103 1340 192 1403; x_wconf 92' lang='lat' dir='ltr'><strong>scrin</strong></span> <span class='ocrx_word' id='word_1_126' title='bbox 218 1337 375 1421; x_wconf 79' lang='lat' dir='ltr'><strong>Ecclesia)</strong></span> <span class='ocrx_word' id='word_1_127' title='bbox 387 1338 440 1402; x_wconf 92' lang='lat' dir='ltr'><strong>hic</strong></span> <span class='ocrx_word' id='word_1_128' title='bbox 452 1359 485 1402; x_wconf 91' lang='lat' dir='ltr'><strong>se</strong></span> <span class='ocrx_word' id='word_1_129' title='bbox 498 1341 647 1422; x_wconf 89' lang='lat' dir='ltr'><strong>opponet,</strong></span> <span class='ocrx_word' id='word_1_130' title='bbox 656 1339 679 1404; x_wconf 77' lang='lat' dir='ltr'><strong>ta</strong></span> <span class='ocrx_word' id='word_1_131' title='bbox 688 1337 864 1402; x_wconf 78' lang='lat' dir='ltr'><strong>stabilitam</strong></span> <span class='ocrx_word' id='word_1_132' title='bbox 876 1332 1084 1401; x_wconf 82' lang='lat' dir='ltr'><strong>mutationem</strong></span> <span class='ocrx_word' id='word_1_133' title='bbox 1093 1334 1279 1400; x_wconf 88' lang='lat' dir='ltr'><strong>Precatione</strong></span> <span class='ocrx_word' id='word_1_134' title='bbox 1289 1335 1563 1424; x_wconf 73' lang='lat' dir='ltr'><strong>ecclesiasticapro</strong></span> 
     </span>
     <span class='ocr_line' id='line_1_13' title="bbox 13 1423 1560 1513; baseline 0.002 -21"><span class='ocrx_word' id='word_1_135' title='bbox 13 1439 15 1504; x_wconf 68' lang='grc' dir='ltr'>ᾖ</span> <span class='ocrx_word' id='word_1_136' title='bbox 103 1428 192 1510; x_wconf 90' lang='lat' dir='ltr'><strong>priori</strong></span> <span class='ocrx_word' id='word_1_137' title='bbox 206 1428 355 1506; x_wconf 91' lang='lat' dir='ltr'><strong>Domino,</strong></span> <span class='ocrx_word' id='word_1_138' title='bbox 369 1433 522 1513; x_wconf 79' lang='lat' dir='ltr'><strong>tanquam</strong></span> <span class='ocrx_word' id='word_1_139' title='bbox 534 1427 679 1512; x_wconf 88' lang='lat' dir='ltr'><strong>legitimo</strong></span> <span class='ocrx_word' id='word_1_140' title='bbox 691 1426 778 1490; x_wconf 91' lang='lat' dir='ltr'><strong>illius</strong></span> <span class='ocrx_word' id='word_1_141' title='bbox 790 1424 944 1512; x_wconf 82' lang='lat' dir='ltr'><strong>Regionis</strong></span> <span class='ocrx_word' id='word_1_142' title='bbox 956 1429 1013 1489; x_wconf 89' lang='lat' dir='ltr'><strong>aut</strong></span> <span class='ocrx_word' id='word_1_143' title='bbox 1024 1423 1171 1489; x_wconf 81' lang='lat' dir='ltr'><strong>Civitatis</strong></span> <span class='ocrx_word' id='word_1_144' title='bbox 1184 1423 1331 1502; x_wconf 91' lang='lat' dir='ltr'><strong>Domino,</strong></span> <span class='ocrx_word' id='word_1_145' title='bbox 1342 1424 1560 1495; x_wconf 78' lang='lat' dir='ltr'><strong>hautobscure</strong></span> 
     </span>
     <span class='ocr_line' id='line_1_14' title="bbox 13 1507 1561 1602; baseline 0.002 -21"><span class='ocrx_word' id='word_1_146' title='bbox 13 1507 15 1544; x_wconf 65' lang='lat'><em>³</em></span> <span class='ocrx_word' id='word_1_147' title='bbox 102 1516 321 1602; x_wconf 81' lang='lat' dir='ltr'><strong>impugnabit?</strong></span> <span class='ocrx_word' id='word_1_148' title='bbox 339 1515 407 1580; x_wconf 81' lang='lat' dir='ltr'><strong>Aut</strong></span> <span class='ocrx_word' id='word_1_149' title='bbox 427 1517 454 1580; x_wconf 90' lang='lat' dir='ltr'><strong>si</strong></span> <span class='ocrx_word' id='word_1_150' title='bbox 468 1517 528 1581; x_wconf 93' lang='lat' dir='ltr'><strong>hoc</strong></span> <span class='ocrx_word' id='word_1_151' title='bbox 544 1537 606 1580; x_wconf 91' lang='lat' dir='ltr'><strong>non</strong></span> <span class='ocrx_word' id='word_1_152' title='bbox 619 1518 733 1599; x_wconf 90' lang='lat' dir='ltr'><strong>potest,</strong></span> <span class='ocrx_word' id='word_1_153' title='bbox 751 1513 871 1601; x_wconf 90' lang='lat' dir='ltr'><strong>absque</strong></span> <span class='ocrx_word' id='word_1_154' title='bbox 887 1513 1032 1600; x_wconf 78' lang='lat' dir='ltr'><strong>legitima</strong></span> <span class='ocrx_word' id='word_1_155' title='bbox 1045 1511 1206 1578; x_wconf 76' lang='lat' dir='ltr'><strong>Ecclesiae</strong></span> <span class='ocrx_word' id='word_1_156' title='bbox 1223 1513 1415 1597; x_wconf 81' lang='lat' dir='ltr'><strong>dimissione,</strong></span> <span class='ocrx_word' id='word_1_157' title='bbox 1428 1516 1561 1584; x_wconf 79' lang='lat' dir='ltr'><strong>immota</strong></span> 
     </span>
     <span class='ocr_line' id='line_1_15' title="bbox 13 1602 1560 1691; baseline 0.003 -22"><span class='ocrx_word' id='word_1_158' title='bbox 13 1641 14 1648; x_wconf 44' lang='lat'>1</span> <span class='ocrx_word' id='word_1_159' title='bbox 101 1611 202 1670; x_wconf 88' lang='lat' dir='ltr'><strong>contra</strong></span> <span class='ocrx_word' id='word_1_160' title='bbox 226 1607 294 1691; x_wconf 90' lang='lat' dir='ltr'><strong>ejus</strong></span> <span class='ocrx_word' id='word_1_161' title='bbox 318 1604 562 1670; x_wconf 90' lang='lat' dir='ltr'><strong>obtestationem</strong></span> <span class='ocrx_word' id='word_1_162' title='bbox 587 1627 623 1669; x_wconf 91' lang='lat' dir='ltr'><strong>ac</strong></span> <span class='ocrx_word' id='word_1_163' title='bbox 646 1603 917 1688; x_wconf 83' lang='lat' dir='ltr'><strong>protestationem,</strong></span> <span class='ocrx_word' id='word_1_164' title='bbox 934 1603 1103 1668; x_wconf 87' lang='lat' dir='ltr'><strong>stationem</strong></span> <span class='ocrx_word' id='word_1_165' title='bbox 1119 1624 1210 1667; x_wconf 88' lang='lat' dir='ltr'><strong>suam</strong></span> <span class='ocrx_word' id='word_1_166' title='bbox 1222 1603 1370 1668; x_wconf 76' lang='lat' dir='ltr'><strong>deseret?</strong></span> <span class='ocrx_word' id='word_1_167' title='bbox 1383 1602 1480 1680; x_wconf 81' lang='lat' dir='ltr'><strong>Quasi</strong></span> <span class='ocrx_word' id='word_1_168' title='bbox 1493 1607 1560 1675; x_wconf 86' lang='lat' dir='ltr'><strong>scil.</strong></span> 
     </span>
     <span class='ocr_line' id='line_1_16' title="bbox 13 1689 1560 1781; baseline 0.001 -21"><span class='ocrx_word' id='word_1_169' title='bbox 13 1713 14 1718; x_wconf 74' lang='grc'>’</span> <span class='ocrx_word' id='word_1_170' title='bbox 100 1693 236 1760; x_wconf 78' lang='lat' dir='ltr'><strong>Ecclesia</strong></span> <span class='ocrx_word' id='word_1_171' title='bbox 250 1699 334 1760; x_wconf 89' lang='lat' dir='ltr'><strong>esset</strong></span> <span class='ocrx_word' id='word_1_172' title='bbox 341 1694 512 1774; x_wconf 88' lang='lat' dir='ltr'><strong>saeculum,</strong></span> <span class='ocrx_word' id='word_1_173' title='bbox 522 1698 578 1758; x_wconf 87' lang='lat' dir='ltr'><strong>aut</strong></span> <span class='ocrx_word' id='word_1_174' title='bbox 589 1693 765 1758; x_wconf 85' lang='lat' dir='ltr'><strong>saecularia</strong></span> <span class='ocrx_word' id='word_1_175' title='bbox 777 1692 939 1778; x_wconf 90' lang='lat' dir='ltr'><strong>quaelihet</strong></span> <span class='ocrx_word' id='word_1_176' title='bbox 950 1689 1102 1776; x_wconf 87' lang='lat' dir='ltr'><strong>subjecta,</strong></span> <span class='ocrx_word' id='word_1_177' title='bbox 1114 1691 1282 1776; x_wconf 89' lang='lat' dir='ltr'><strong>principia,</strong></span> <span class='ocrx_word' id='word_1_178' title='bbox 1296 1693 1417 1774; x_wconf 83' lang='lat' dir='ltr'><strong>effecta,</strong></span> <span class='ocrx_word' id='word_1_179' title='bbox 1430 1697 1560 1781; x_wconf 89' lang='lat' dir='ltr'><strong>negotia</strong></span> 
     </span>
     <span class='ocr_line' id='line_1_17' title="bbox 13 1778 1559 1870; baseline 0.004 -26"><span class='ocrx_word' id='word_1_180' title='bbox 13 1801 15 1844; x_wconf 71' lang='grc' dir='ltr'>ι</span> <span class='ocrx_word' id='word_1_181' title='bbox 100 1782 134 1848; x_wconf 91' lang='lat' dir='ltr'><strong>de</strong></span> <span class='ocrx_word' id='word_1_182' title='bbox 160 1784 282 1849; x_wconf 90' lang='lat' dir='ltr'><strong>ratione</strong></span> <span class='ocrx_word' id='word_1_183' title='bbox 310 1781 438 1848; x_wconf 85' lang='lat' dir='ltr'><strong>fonnali</strong></span> <span class='ocrx_word' id='word_1_184' title='bbox 461 1782 639 1869; x_wconf 84' lang='lat' dir='ltr'><strong>Religionis</strong></span> <span class='ocrx_word' id='word_1_185' title='bbox 667 1781 690 1846; x_wconf 76' lang='lat' dir='ltr'><strong>tr</strong></span> <span class='ocrx_word' id='word_1_186' title='bbox 716 1781 895 1858; x_wconf 88' lang='lat' dir='ltr'><strong>Ecclesiae;</strong></span> <span class='ocrx_word' id='word_1_187' title='bbox 915 1781 1007 1868; x_wconf 89' lang='lat' dir='ltr'><strong>quasi</strong></span> <span class='ocrx_word' id='word_1_188' title='bbox 1029 1780 1178 1866; x_wconf 81' lang='lat' dir='ltr'><strong>Regnum</strong></span> <span class='ocrx_word' id='word_1_189' title='bbox 1206 1778 1335 1861; x_wconf 83' lang='lat' dir='ltr'><strong>Christi,</strong></span> <span class='ocrx_word' id='word_1_190' title='bbox 1352 1783 1482 1870; x_wconf 91' lang='lat' dir='ltr'><strong>ejusque</strong></span> <span class='ocrx_word' id='word_1_191' title='bbox 1498 1784 1559 1850; x_wconf 92' lang='lat' dir='ltr'><strong>ad-</strong></span> 
     </span>
     <span class='ocr_line' id='line_1_18' title="bbox 13 1865 1557 1956; baseline 0.003 -21"><span class='ocrx_word' id='word_1_192' title='bbox 13 1865 15 1956; x_wconf 68' lang='lat'>}</span> <span class='ocrx_word' id='word_1_193' title='bbox 100 1872 287 1938; x_wconf 89' lang='lat' dir='ltr'><strong>ministratio</strong></span> <span class='ocrx_word' id='word_1_194' title='bbox 306 1873 345 1936; x_wconf 90' lang='lat' dir='ltr'><strong>de</strong></span> <span class='ocrx_word' id='word_1_195' title='bbox 355 1871 415 1936; x_wconf 92' lang='lat' dir='ltr'><strong>hoc</strong></span> <span class='ocrx_word' id='word_1_196' title='bbox 423 1872 540 1938; x_wconf 90' lang='lat' dir='ltr'><strong>mundo</strong></span> <span class='ocrx_word' id='word_1_197' title='bbox 550 1875 643 1951; x_wconf 90' lang='lat' dir='ltr'><strong>esset,</strong></span> <span class='ocrx_word' id='word_1_198' title='bbox 654 1874 709 1936; x_wconf 90' lang='lat' dir='ltr'><strong>aut</strong></span> <span class='ocrx_word' id='word_1_199' title='bbox 718 1894 756 1936; x_wconf 86' lang='lat' dir='ltr'><strong>ex</strong></span> <span class='ocrx_word' id='word_1_200' title='bbox 764 1870 884 1954; x_wconf 88' lang='lat' dir='ltr'><strong>paxillo</strong></span> <span class='ocrx_word' id='word_1_201' title='bbox 894 1870 1086 1936; x_wconf 87' lang='lat' dir='ltr'><strong>variantium</strong></span> <span class='ocrx_word' id='word_1_202' title='bbox 1094 1867 1557 1956; x_wconf 75' lang='lat' dir='ltr'><strong>Dominorumdrnegotiorum</strong></span> 
     </span>
     <span class='ocr_line' id='line_1_19' title="bbox 99 1959 1557 2045; baseline 0.003 -21"><span class='ocrx_word' id='word_1_203' title='bbox 99 1961 711 2045; x_wconf 81' lang='lat' dir='ltr'><strong>seaculariumsuspenderetur.3.Corrcl.</strong></span> <span class='ocrx_word' id='word_1_204' title='bbox 721 1959 845 2036; x_wconf 80' lang='lat' dir='ltr'><strong>Quodsi</strong></span> <span class='ocrx_word' id='word_1_205' title='bbox 855 1959 960 2044; x_wconf 90' lang='lat' dir='ltr'><strong>ipsum</strong></span> <span class='ocrx_word' id='word_1_206' title='bbox 968 1959 1276 2040; x_wconf 80' lang='lat' dir='ltr'><strong>modum,&amp;causam</strong></span> <span class='ocrx_word' id='word_1_207' title='bbox 1285 1960 1483 2042; x_wconf 84' lang='lat' dir='ltr'><strong>mutationis,</strong></span> <span class='ocrx_word' id='word_1_208' title='bbox 1500 1967 1557 2029; x_wconf 84' lang='lat' dir='ltr'><strong>aut</strong></span> 
     </span>
     <span class='ocr_line' id='line_1_20' title="bbox 99 2049 1559 2136; baseline 0.003 -23"><span class='ocrx_word' id='word_1_209' title='bbox 99 2050 229 2132; x_wconf 83' lang='lat' dir='ltr'><strong>primam</strong></span> <span class='ocrx_word' id='word_1_210' title='bbox 246 2052 314 2135; x_wconf 91' lang='lat' dir='ltr'><strong>ejus</strong></span> <span class='ocrx_word' id='word_1_211' title='bbox 333 2049 500 2136; x_wconf 82' lang='lat' dir='ltr'><strong>originem,</strong></span> <span class='ocrx_word' id='word_1_212' title='bbox 520 2049 761 2134; x_wconf 89' lang='lat' dir='ltr'><strong>subscriptione,</strong></span> <span class='ocrx_word' id='word_1_213' title='bbox 781 2053 837 2114; x_wconf 91' lang='lat' dir='ltr'><strong>aut</strong></span> <span class='ocrx_word' id='word_1_214' title='bbox 856 2049 1073 2133; x_wconf 89' lang='lat' dir='ltr'><strong>promissione,</strong></span> <span class='ocrx_word' id='word_1_215' title='bbox 1086 2053 1143 2114; x_wconf 90' lang='lat' dir='ltr'><strong>aut</strong></span> <span class='ocrx_word' id='word_1_216' title='bbox 1150 2049 1342 2132; x_wconf 87' lang='lat' dir='ltr'><strong>juramenta,</strong></span> <span class='ocrx_word' id='word_1_217' title='bbox 1355 2053 1411 2114; x_wconf 89' lang='lat' dir='ltr'><strong>aut</strong></span> <span class='ocrx_word' id='word_1_218' title='bbox 1423 2051 1559 2135; x_wconf 91' lang='lat' dir='ltr'><strong>publicis</strong></span> 
     </span>
     <span class='ocr_line' id='line_1_21' title="bbox 98 2137 1558 2222; baseline 0.005 -22"><span class='ocrx_word' id='word_1_219' title='bbox 98 2137 242 2204; x_wconf 88' lang='lat' dir='ltr'><strong>Precibus</strong></span> <span class='ocrx_word' id='word_1_220' title='bbox 257 2139 495 2205; x_wconf 78' lang='lat' dir='ltr'><strong>&amp;concionibus</strong></span> <span class='ocrx_word' id='word_1_221' title='bbox 508 2138 750 2204; x_wconf 80' lang='lat' dir='ltr'><strong>Conciouatores</strong></span> <span class='ocrx_word' id='word_1_222' title='bbox 763 2141 946 2203; x_wconf 89' lang='lat' dir='ltr'><strong>tenerentur</strong></span> <span class='ocrx_word' id='word_1_223' title='bbox 957 2137 1093 2222; x_wconf 89' lang='lat' dir='ltr'><strong>probare</strong></span> <span class='ocrx_word' id='word_1_224' title='bbox 1109 2137 1174 2202; x_wconf 89' lang='lat' dir='ltr'><strong>sive</strong></span> <span class='ocrx_word' id='word_1_225' title='bbox 1186 2137 1304 2203; x_wconf 79' lang='lat' dir='ltr'><strong>directe</strong></span> <span class='ocrx_word' id='word_1_226' title='bbox 1316 2137 1382 2204; x_wconf 87' lang='lat' dir='ltr'><strong>sive</strong></span> <span class='ocrx_word' id='word_1_227' title='bbox 1394 2139 1558 2222; x_wconf 78' lang='lat' dir='ltr'><strong>indirecte,</strong></span> 
     </span>
     <span class='ocr_line' id='line_1_22' title="bbox 98 2226 1558 2313; baseline 0.003 -21"><span class='ocrx_word' id='word_1_228' title='bbox 98 2249 186 2313; x_wconf 87' lang='lat' dir='ltr'><strong>quam</strong></span> <span class='ocrx_word' id='word_1_229' title='bbox 206 2233 315 2294; x_wconf 88' lang='lat' dir='ltr'><strong>tamen</strong></span> <span class='ocrx_word' id='word_1_230' title='bbox 334 2232 422 2293; x_wconf 73' lang='lat' dir='ltr'><strong>certa</strong></span> <span class='ocrx_word' id='word_1_231' title='bbox 441 2227 573 2292; x_wconf 79' lang='lat' dir='ltr'><strong>scientia</strong></span> <span class='ocrx_word' id='word_1_232' title='bbox 593 2231 616 2295; x_wconf 80' lang='lat' dir='ltr'><strong>la</strong></span> <span class='ocrx_word' id='word_1_233' title='bbox 635 2228 827 2292; x_wconf 72' lang='lat' dir='ltr'><strong>conscientia</strong></span> <span class='ocrx_word' id='word_1_234' title='bbox 843 2227 988 2312; x_wconf 89' lang='lat' dir='ltr'><strong>judicant</strong></span> <span class='ocrx_word' id='word_1_235' title='bbox 1004 2226 1306 2312; x_wconf 87' lang='lat' dir='ltr'><strong>esseillegitimam:</strong></span> <span class='ocrx_word' id='word_1_236' title='bbox 1327 2227 1438 2313; x_wconf 88' lang='lat' dir='ltr'><strong>utique</strong></span> <span class='ocrx_word' id='word_1_237' title='bbox 1450 2231 1558 2296; x_wconf 90' lang='lat' dir='ltr'><strong>omnia</strong></span> 
     </span>
     <span class='ocr_line' id='line_1_23' title="bbox 98 2315 1554 2404; baseline 0.003 -23"><span class='ocrx_word' id='word_1_238' title='bbox 98 2317 195 2400; x_wconf 90' lang='lat' dir='ltr'><strong>potius</strong></span> <span class='ocrx_word' id='word_1_239' title='bbox 207 2318 286 2402; x_wconf 88' lang='lat' dir='ltr'><strong>ipsis</strong></span> <span class='ocrx_word' id='word_1_240' title='bbox 299 2316 440 2398; x_wconf 89' lang='lat' dir='ltr'><strong>ferenda,</strong></span> <span class='ocrx_word' id='word_1_241' title='bbox 452 2339 548 2403; x_wconf 84' lang='lat' dir='ltr'><strong>quam</strong></span> <span class='ocrx_word' id='word_1_242' title='bbox 556 2321 592 2382; x_wconf 93' lang='lat' dir='ltr'><strong>ut</strong></span> <span class='ocrx_word' id='word_1_243' title='bbox 605 2317 778 2404; x_wconf 88' lang='lat' dir='ltr'><strong>quidquam</strong></span> <span class='ocrx_word' id='word_1_244' title='bbox 787 2321 897 2381; x_wconf 88' lang='lat' dir='ltr'><strong>contra</strong></span> <span class='ocrx_word' id='word_1_245' title='bbox 905 2316 1103 2384; x_wconf 80' lang='lat' dir='ltr'><strong>veritatem&amp;</strong></span> <span class='ocrx_word' id='word_1_246' title='bbox 1112 2315 1336 2382; x_wconf 86' lang='lat' dir='ltr'><strong>conscientiam</strong></span> <span class='ocrx_word' id='word_1_247' title='bbox 1344 2318 1554 2386; x_wconf 89' lang='lat' dir='ltr'><strong>committant.</strong></span> 
     </span>
     <span class='ocr_line' id='line_1_24' title="bbox 98 2403 1556 2492; baseline 0.004 -24"><span class='ocrx_word' id='word_1_248' title='bbox 98 2403 176 2471; x_wconf 89' lang='lat' dir='ltr'><strong>Pone</strong></span> <span class='ocrx_word' id='word_1_249' title='bbox 193 2429 312 2487; x_wconf 69' lang='lat' dir='ltr'><strong>casum</strong></span> <span class='ocrx_word' id='word_1_250' title='bbox 333 2407 361 2486; x_wconf 88' lang='lat' dir='ltr'><strong>si</strong></span> <span class='ocrx_word' id='word_1_251' title='bbox 383 2405 503 2471; x_wconf 86' lang='lat' dir='ltr'><strong>Phocus</strong></span> <span class='ocrx_word' id='word_1_252' title='bbox 520 2429 576 2491; x_wconf 93' lang='lat' dir='ltr'><strong>per</strong></span> <span class='ocrx_word' id='word_1_253' title='bbox 594 2406 782 2491; x_wconf 86' lang='lat' dir='ltr'><strong>paricidium</strong></span> <span class='ocrx_word' id='word_1_254' title='bbox 802 2404 904 2470; x_wconf 88' lang='lat' dir='ltr'><strong>factus</strong></span> <span class='ocrx_word' id='word_1_255' title='bbox 928 2403 1116 2489; x_wconf 87' lang='lat' dir='ltr'><strong>Imperator,</strong></span> <span class='ocrx_word' id='word_1_256' title='bbox 1129 2407 1151 2472; x_wconf 80' lang='lat' dir='ltr'><strong>da</strong></span> <span class='ocrx_word' id='word_1_257' title='bbox 1165 2405 1292 2492; x_wconf 89' lang='lat' dir='ltr'><strong>quidem</strong></span> <span class='ocrx_word' id='word_1_258' title='bbox 1305 2410 1377 2490; x_wconf 91' lang='lat' dir='ltr'><strong>post</strong></span> <span class='ocrx_word' id='word_1_259' title='bbox 1389 2405 1511 2473; x_wconf 86' lang='lat' dir='ltr'><strong>factum</strong></span> <span class='ocrx_word' id='word_1_260' title='bbox 1523 2408 1556 2474; x_wconf 92' lang='lat' dir='ltr'><strong>in</strong></span> 
     </span>
     <span class='ocr_line' id='line_1_25' title="bbox 97 2491 1557 2581; baseline 0.003 -23"><span class='ocrx_word' id='word_1_261' title='bbox 97 2491 331 2580; x_wconf 83' lang='lat' dir='ltr'><strong>imperatoriam</strong></span> <span class='ocrx_word' id='word_1_262' title='bbox 344 2496 443 2580; x_wconf 88' lang='lat' dir='ltr'><strong>ipsius</strong></span> <span class='ocrx_word' id='word_1_263' title='bbox 457 2495 652 2562; x_wconf 89' lang='lat' dir='ltr'><strong>Potestatem</strong></span> <span class='ocrx_word' id='word_1_264' title='bbox 668 2494 939 2560; x_wconf 90' lang='lat' dir='ltr'><strong>consentientibus</strong></span> <span class='ocrx_word' id='word_1_265' title='bbox 954 2494 1030 2574; x_wconf 91' lang='lat' dir='ltr'><strong>illis,</strong></span> <span class='ocrx_word' id='word_1_266' title='bbox 1046 2517 1141 2579; x_wconf 83' lang='lat' dir='ltr'><strong>penes</strong></span> <span class='ocrx_word' id='word_1_267' title='bbox 1154 2516 1232 2581; x_wconf 92' lang='lat' dir='ltr'><strong>quos</strong></span> <span class='ocrx_word' id='word_1_268' title='bbox 1246 2493 1392 2560; x_wconf 86' lang='lat' dir='ltr'><strong>Potestas</strong></span> <span class='ocrx_word' id='word_1_269' title='bbox 1405 2499 1428 2562; x_wconf 83' lang='lat' dir='ltr'><strong>a</strong></span> <span class='ocrx_word' id='word_1_270' title='bbox 1439 2495 1557 2563; x_wconf 85' lang='lat' dir='ltr'><strong>Poten-</strong></span> 
     </span>
     <span class='ocr_line' id='line_1_26' title="bbox 95 2582 1556 2668; baseline 0.004 -22"><span class='ocrx_word' id='word_1_271' title='bbox 95 2582 136 2647; x_wconf 88' lang='lat' dir='ltr'><strong>tia</strong></span> <span class='ocrx_word' id='word_1_272' title='bbox 154 2590 238 2650; x_wconf 87' lang='lat' dir='ltr'><strong>erat:</strong></span> <span class='ocrx_word' id='word_1_273' title='bbox 259 2607 300 2650; x_wconf 91' lang='lat' dir='ltr'><strong>an</strong></span> <span class='ocrx_word' id='word_1_274' title='bbox 312 2583 473 2649; x_wconf 81' lang='lat' dir='ltr'><strong>Ecclesiae</strong></span> <span class='ocrx_word' id='word_1_275' title='bbox 489 2583 672 2666; x_wconf 85' lang='lat' dir='ltr'><strong>Antistites,</strong></span> <span class='ocrx_word' id='word_1_276' title='bbox 690 2583 935 2649; x_wconf 83' lang='lat' dir='ltr'><strong>Antecessorum</strong></span> <span class='ocrx_word' id='word_1_277' title='bbox 951 2582 1196 2650; x_wconf 75' lang='lat' dir='ltr'><strong>&amp;Dominorum</strong></span> <span class='ocrx_word' id='word_1_278' title='bbox 1207 2604 1336 2649; x_wconf 87' lang='lat' dir='ltr'><strong>suorum</strong></span> <span class='ocrx_word' id='word_1_279' title='bbox 1352 2585 1556 2668; x_wconf 88' lang='lat' dir='ltr'><strong>politicorum</strong></span> 
     </span>
     <span class='ocr_line' id='line_1_27' title="bbox 13 2671 1555 2759; baseline 0.003 -22"><span class='ocrx_word' id='word_1_280' title='bbox 13 2707 15 2752; x_wconf 72' lang='grc'><strong>1</strong></span> <span class='ocrx_word' id='word_1_281' title='bbox 96 2694 128 2736; x_wconf 87' lang='lat' dir='ltr'><strong>ac</strong></span> <span class='ocrx_word' id='word_1_282' title='bbox 142 2671 255 2758; x_wconf 89' lang='lat' dir='ltr'><strong>Populi</strong></span> <span class='ocrx_word' id='word_1_283' title='bbox 270 2677 341 2738; x_wconf 90' lang='lat' dir='ltr'><strong>tum</strong></span> <span class='ocrx_word' id='word_1_284' title='bbox 352 2673 471 2757; x_wconf 89' lang='lat' dir='ltr'><strong>apertis</strong></span> <span class='ocrx_word' id='word_1_285' title='bbox 482 2677 553 2738; x_wconf 90' lang='lat' dir='ltr'><strong>tum</strong></span> <span class='ocrx_word' id='word_1_286' title='bbox 569 2673 675 2738; x_wconf 90' lang='lat' dir='ltr'><strong>tacitis</strong></span> <span class='ocrx_word' id='word_1_287' title='bbox 688 2672 849 2759; x_wconf 87' lang='lat' dir='ltr'><strong>suffragiis</strong></span> <span class='ocrx_word' id='word_1_288' title='bbox 867 2695 901 2738; x_wconf 91' lang='lat' dir='ltr'><strong>se</strong></span> <span class='ocrx_word' id='word_1_289' title='bbox 913 2673 1067 2757; x_wconf 87' lang='lat' dir='ltr'><strong>subjicere</strong></span> <span class='ocrx_word' id='word_1_290' title='bbox 1079 2696 1141 2739; x_wconf 91' lang='lat' dir='ltr'><strong>non</strong></span> <span class='ocrx_word' id='word_1_291' title='bbox 1154 2676 1293 2758; x_wconf 88' lang='lat' dir='ltr'><strong>possent,</strong></span> <span class='ocrx_word' id='word_1_292' title='bbox 1307 2694 1370 2738; x_wconf 90' lang='lat' dir='ltr'><strong>non</strong></span> <span class='ocrx_word' id='word_1_293' title='bbox 1381 2674 1555 2741; x_wconf 90' lang='lat' dir='ltr'><strong>resistendo</strong></span> 
     </span>
     <span class='ocr_line' id='line_1_28' title="bbox 13 2761 1555 2847; baseline 0.004 -23"><span class='ocrx_word' id='word_1_294' title='bbox 13 2767 15 2792; x_wconf 70' lang='lat'>²</span> <span class='ocrx_word' id='word_1_295' title='bbox 95 2783 146 2827; x_wconf 91' lang='lat' dir='ltr'><strong>nec</strong></span> <span class='ocrx_word' id='word_1_296' title='bbox 165 2763 341 2847; x_wconf 89' lang='lat' dir='ltr'><strong>quidquam</strong></span> <span class='ocrx_word' id='word_1_297' title='bbox 360 2767 469 2828; x_wconf 88' lang='lat' dir='ltr'><strong>contra</strong></span> <span class='ocrx_word' id='word_1_298' title='bbox 493 2761 677 2827; x_wconf 79' lang='lat' dir='ltr'><strong>moliendo?</strong></span> <span class='ocrx_word' id='word_1_299' title='bbox 697 2763 772 2846; x_wconf 91' lang='lat' dir='ltr'><strong>quia</strong></span> <span class='ocrx_word' id='word_1_300' title='bbox 792 2763 831 2826; x_wconf 87' lang='lat' dir='ltr'><strong>ad</strong></span> <span class='ocrx_word' id='word_1_301' title='bbox 851 2762 936 2847; x_wconf 90' lang='lat' dir='ltr'><strong>ipsos</strong></span> <span class='ocrx_word' id='word_1_302' title='bbox 952 2766 1008 2826; x_wconf 89' lang='lat' dir='ltr'><strong>aut</strong></span> <span class='ocrx_word' id='word_1_303' title='bbox 1020 2764 1084 2847; x_wconf 76' lang='lat' dir='ltr'><strong>qua</strong></span> <span class='ocrx_word' id='word_1_304' title='bbox 1099 2762 1256 2842; x_wconf 89' lang='lat' dir='ltr'><strong>Pastores,</strong></span> <span class='ocrx_word' id='word_1_305' title='bbox 1270 2766 1326 2827; x_wconf 90' lang='lat' dir='ltr'><strong>aut</strong></span> <span class='ocrx_word' id='word_1_306' title='bbox 1338 2785 1401 2846; x_wconf 86' lang='lat' dir='ltr'><strong>qua</strong></span> <span class='ocrx_word' id='word_1_307' title='bbox 1413 2763 1555 2847; x_wconf 89' lang='lat' dir='ltr'><strong>privatos</strong></span> 
     </span>
     <span class='ocr_line' id='line_1_29' title="bbox 96 2849 1555 2938; baseline 0.003 -24"><span class='ocrx_word' id='word_1_308' title='bbox 96 2849 190 2932; x_wconf 81' lang='lat' dir='ltr'><strong>Cives,</strong></span> <span class='ocrx_word' id='word_1_309' title='bbox 203 2875 266 2916; x_wconf 89' lang='lat' dir='ltr'><strong>non</strong></span> <span class='ocrx_word' id='word_1_310' title='bbox 278 2851 415 2936; x_wconf 91' lang='lat' dir='ltr'><strong>pertinet</strong></span> <span class='ocrx_word' id='word_1_311' title='bbox 427 2851 538 2916; x_wconf 86' lang='lat' dir='ltr'><strong>divisio</strong></span> <span class='ocrx_word' id='word_1_312' title='bbox 550 2851 784 2916; x_wconf 87' lang='lat' dir='ltr'><strong>haereditatum</strong></span> <span class='ocrx_word' id='word_1_313' title='bbox 795 2851 879 2916; x_wconf 89' lang='lat' dir='ltr'><strong>inter</strong></span> <span class='ocrx_word' id='word_1_314' title='bbox 891 2851 1051 2930; x_wconf 76' lang='lat' dir='ltr'><strong>PotenteS,</strong></span> <span class='ocrx_word' id='word_1_315' title='bbox 1065 2852 1180 2918; x_wconf 91' lang='lat' dir='ltr'><strong>nedum</strong></span> <span class='ocrx_word' id='word_1_316' title='bbox 1191 2851 1358 2916; x_wconf 88' lang='lat' dir='ltr'><strong>translatio</strong></span> <span class='ocrx_word' id='word_1_317' title='bbox 1374 2850 1555 2938; x_wconf 83' lang='lat' dir='ltr'><strong>Regnorum</strong></span> 
     </span>
     <span class='ocr_line' id='line_1_30' title="bbox 95 2938 1555 3026; baseline 0.002 -22"><span class='ocrx_word' id='word_1_318' title='bbox 95 2939 116 3004; x_wconf 75' lang='lat' dir='ltr'><strong>t</strong></span> <span class='ocrx_word' id='word_1_319' title='bbox 135 2939 355 3007; x_wconf 88' lang='lat' dir='ltr'><strong>Dominiorum</strong></span> <span class='ocrx_word' id='word_1_320' title='bbox 375 2940 608 3026; x_wconf 86' lang='lat' dir='ltr'><strong>temporalium.</strong></span> <span class='ocrx_word' id='word_1_321' title='bbox 622 2938 696 3005; x_wconf 89' lang='lat' dir='ltr'><strong>Non</strong></span> <span class='ocrx_word' id='word_1_322' title='bbox 708 2939 824 3005; x_wconf 90' lang='lat' dir='ltr'><strong>debent</strong></span> <span class='ocrx_word' id='word_1_323' title='bbox 835 2943 942 3006; x_wconf 87' lang='lat' dir='ltr'><strong>tamen</strong></span> <span class='ocrx_word' id='word_1_324' title='bbox 955 2940 1102 3026; x_wconf 76' lang='lat' dir='ltr'><strong>elogiis&amp;</strong></span> <span class='ocrx_word' id='word_1_325' title='bbox 1115 2939 1264 3026; x_wconf 88' lang='lat' dir='ltr'><strong>epithetis</strong></span> <span class='ocrx_word' id='word_1_326' title='bbox 1277 2939 1388 3005; x_wconf 90' lang='lat' dir='ltr'><strong>sive-in</strong></span> <span class='ocrx_word' id='word_1_327' title='bbox 1400 2939 1555 3008; x_wconf 73' lang='lat' dir='ltr'><strong>concione</strong></span> 
     </span>
     <span class='ocr_line' id='line_1_31' title="bbox 97 3029 1555 3114; baseline 0.003 -22"><span class='ocrx_word' id='word_1_328' title='bbox 97 3029 155 3094; x_wconf 86' lang='lat' dir='ltr'><strong>sire</strong></span> <span class='ocrx_word' id='word_1_329' title='bbox 176 3031 207 3094; x_wconf 93' lang='lat' dir='ltr'><strong>in</strong></span> <span class='ocrx_word' id='word_1_330' title='bbox 224 3029 378 3095; x_wconf 90' lang='lat' dir='ltr'><strong>Precibus</strong></span> <span class='ocrx_word' id='word_1_331' title='bbox 398 3029 628 3110; x_wconf 90' lang='lat' dir='ltr'><strong>ecclesiasticis,</strong></span> <span class='ocrx_word' id='word_1_332' title='bbox 652 3029 718 3094; x_wconf 91' lang='lat' dir='ltr'><strong>sive</strong></span> <span class='ocrx_word' id='word_1_333' title='bbox 735 3033 825 3094; x_wconf 87' lang='lat' dir='ltr'><strong>extra</strong></span> <span class='ocrx_word' id='word_1_334' title='bbox 848 3051 901 3095; x_wconf 90' lang='lat' dir='ltr'><strong>eas</strong></span> <span class='ocrx_word' id='word_1_335' title='bbox 913 3029 962 3093; x_wconf 89' lang='lat' dir='ltr'><strong>illi</strong></span> <span class='ocrx_word' id='word_1_336' title='bbox 975 3029 1113 3110; x_wconf 90' lang='lat' dir='ltr'><strong>tributis,</strong></span> <span class='ocrx_word' id='word_1_337' title='bbox 1126 3031 1211 3095; x_wconf 86' lang='lat' dir='ltr'><strong>viam</strong></span> <span class='ocrx_word' id='word_1_338' title='bbox 1223 3029 1323 3110; x_wconf 87' lang='lat' dir='ltr'><strong>illam,</strong></span> <span class='ocrx_word' id='word_1_339' title='bbox 1336 3031 1399 3112; x_wconf 75' lang='lat' dir='ltr'><strong>qua</strong></span> <span class='ocrx_word' id='word_1_340' title='bbox 1411 3031 1555 3114; x_wconf 88' lang='lat' dir='ltr'><strong>pervenit</strong></span> 
     </span>
     <span class='ocr_line' id='line_1_32' title="bbox 97 3117 1553 3204; baseline 0.003 -24"><span class='ocrx_word' id='word_1_341' title='bbox 97 3117 132 3180; x_wconf 84' lang='lat' dir='ltr'><strong>ad</strong></span> <span class='ocrx_word' id='word_1_342' title='bbox 150 3117 336 3204; x_wconf 81' lang='lat' dir='ltr'><strong>imperium,</strong></span> <span class='ocrx_word' id='word_1_343' title='bbox 355 3120 499 3204; x_wconf 89' lang='lat' dir='ltr'><strong>probare.</strong></span> <span class='ocrx_word' id='word_1_344' title='bbox 520 3118 621 3200; x_wconf 82' lang='lat' dir='ltr'><strong>Addo,</strong></span> <span class='ocrx_word' id='word_1_345' title='bbox 633 3141 690 3183; x_wconf 90' lang='lat' dir='ltr'><strong>nec</strong></span> <span class='ocrx_word' id='word_1_346' title='bbox 713 3118 830 3184; x_wconf 91' lang='lat' dir='ltr'><strong>debent</strong></span> <span class='ocrx_word' id='word_1_347' title='bbox 844 3141 917 3184; x_wconf 92' lang='lat' dir='ltr'><strong>eum</strong></span> <span class='ocrx_word' id='word_1_348' title='bbox 930 3121 948 3183; x_wconf 78' lang='lat' dir='ltr'><strong>a</strong></span> <span class='ocrx_word' id='word_1_349' title='bbox 959 3119 1052 3183; x_wconf 88' lang='lat' dir='ltr'><strong>caede</strong></span> <span class='ocrx_word' id='word_1_350' title='bbox 1067 3118 1197 3184; x_wconf 91' lang='lat' dir='ltr'><strong>Domini</strong></span> <span class='ocrx_word' id='word_1_351' title='bbox 1209 3117 1259 3184; x_wconf 91' lang='lat' dir='ltr'><strong>sui</strong></span> <span class='ocrx_word' id='word_1_352' title='bbox 1271 3118 1373 3182; x_wconf 89' lang='lat' dir='ltr'><strong>adhuc</strong></span> <span class='ocrx_word' id='word_1_353' title='bbox 1387 3119 1553 3200; x_wconf 89' lang='lat' dir='ltr'><strong>calentem,</strong></span> 
     </span>
     <span class='ocr_line' id='line_1_33' title="bbox 97 3205 1552 3292; baseline 0.001 -22"><span class='ocrx_word' id='word_1_354' title='bbox 97 3209 235 3290; x_wconf 81' lang='lat' dir='ltr'><strong>quamvis</strong></span> <span class='ocrx_word' id='word_1_355' title='bbox 246 3205 475 3292; x_wconf 89' lang='lat' dir='ltr'><strong>Imperatorem</strong></span> <span class='ocrx_word' id='word_1_356' title='bbox 489 3211 507 3272; x_wconf 77' lang='grc'><strong>11</strong></span> <span class='ocrx_word' id='word_1_357' title='bbox 523 3207 621 3292; x_wconf 89' lang='lat' dir='ltr'><strong>copiis</strong></span> <span class='ocrx_word' id='word_1_358' title='bbox 634 3207 827 3272; x_wconf 89' lang='lat' dir='ltr'><strong>militaribus</strong></span> <span class='ocrx_word' id='word_1_359' title='bbox 840 3207 1047 3273; x_wconf 87' lang='lat' dir='ltr'><strong>constitutum</strong></span> <span class='ocrx_word' id='word_1_360' title='bbox 1059 3208 1162 3274; x_wconf 88' lang='lat' dir='ltr'><strong>solitis</strong></span> <span class='ocrx_word' id='word_1_361' title='bbox 1176 3207 1280 3273; x_wconf 88' lang='lat' dir='ltr'><strong>titulis</strong></span> <span class='ocrx_word' id='word_1_362' title='bbox 1292 3207 1315 3272; x_wconf 80' lang='lat' dir='ltr'><strong>da</strong></span> <span class='ocrx_word' id='word_1_363' title='bbox 1327 3207 1478 3291; x_wconf 89' lang='lat' dir='ltr'><strong>epithetis</strong></span> <span class='ocrx_word' id='word_1_364' title='bbox 1494 3207 1552 3273; x_wconf 90' lang='lat' dir='ltr'><strong>ho-</strong></span> 
     </span>
     <span class='ocr_line' id='line_1_34' title="bbox 94 3295 1617 3380; baseline 0.006 -22"><span class='ocrx_word' id='word_1_365' title='bbox 94 3297 231 3376; x_wconf 88' lang='lat' dir='ltr'><strong>norariis,</strong></span> <span class='ocrx_word' id='word_1_366' title='bbox 251 3297 368 3361; x_wconf 85' lang='lat' dir='ltr'><strong>sivein</strong></span> <span class='ocrx_word' id='word_1_367' title='bbox 388 3295 551 3377; x_wconf 72' lang='lat' dir='ltr'><strong>PrecibuS,</strong></span> <span class='ocrx_word' id='word_1_368' title='bbox 572 3297 637 3362; x_wconf 86' lang='lat' dir='ltr'><strong>sive</strong></span> <span class='ocrx_word' id='word_1_369' title='bbox 658 3300 748 3362; x_wconf 83' lang='lat' dir='ltr'><strong>extra</strong></span> <span class='ocrx_word' id='word_1_370' title='bbox 767 3319 820 3361; x_wconf 89' lang='lat' dir='ltr'><strong>eas</strong></span> <span class='ocrx_word' id='word_1_371' title='bbox 836 3319 965 3362; x_wconf 84' lang='lat' dir='ltr'><strong>ornare:</strong></span> <span class='ocrx_word' id='word_1_372' title='bbox 986 3320 1025 3361; x_wconf 93' lang='lat' dir='ltr'><strong>ne</strong></span> <span class='ocrx_word' id='word_1_373' title='bbox 1044 3297 1196 3363; x_wconf 79' lang='lat' dir='ltr'><strong>indirecte</strong></span> <span class='ocrx_word' id='word_1_374' title='bbox 1209 3299 1232 3364; x_wconf 80' lang='lat' dir='ltr'><strong>da</strong></span> <span class='ocrx_word' id='word_1_375' title='bbox 1245 3297 1293 3361; x_wconf 90' lang='lat' dir='ltr'><strong>vel</strong></span> <span class='ocrx_word' id='word_1_376' title='bbox 1307 3296 1438 3361; x_wconf 78' lang='lat' dir='ltr'><strong>minimt</strong></span> <span class='ocrx_word' id='word_1_377' title='bbox 1449 3297 1552 3380; x_wconf 90' lang='lat' dir='ltr'><strong>specie</strong></span> <span class='ocrx_word' id='word_1_378' title='bbox 1615 3362 1617 3367; x_wconf 88' lang='lat'><em>.</em></span> 
     </span>
     <span class='ocr_line' id='line_1_35' title="bbox 93 3383 1552 3471; baseline 0.001 -23"><span class='ocrx_word' id='word_1_379' title='bbox 93 3384 253 3451; x_wconf 79' lang='lat' dir='ltr'><strong>rideantur</strong></span> <span class='ocrx_word' id='word_1_380' title='bbox 266 3385 477 3452; x_wconf 87' lang='lat' dir='ltr'><strong>abominanda</strong></span> <span class='ocrx_word' id='word_1_381' title='bbox 489 3385 576 3450; x_wconf 91' lang='lat' dir='ltr'><strong>illius</strong></span> <span class='ocrx_word' id='word_1_382' title='bbox 589 3384 674 3450; x_wconf 87' lang='lat' dir='ltr'><strong>facta</strong></span> <span class='ocrx_word' id='word_1_383' title='bbox 685 3386 830 3471; x_wconf 90' lang='lat' dir='ltr'><strong>probare.</strong></span> <span class='ocrx_word' id='word_1_384' title='bbox 840 3383 1050 3451; x_wconf 82' lang='lat' dir='ltr'><strong>Tutissimum</strong></span> <span class='ocrx_word' id='word_1_385' title='bbox 1062 3391 1111 3451; x_wconf 90' lang='lat' dir='ltr'><strong>est</strong></span> <span class='ocrx_word' id='word_1_386' title='bbox 1119 3385 1275 3452; x_wconf 90' lang='lat' dir='ltr'><strong>talibusin</strong></span> <span class='ocrx_word' id='word_1_387' title='bbox 1288 3385 1413 3451; x_wconf 87' lang='lat' dir='ltr'><strong>casibus</strong></span> <span class='ocrx_word' id='word_1_388' title='bbox 1425 3385 1552 3450; x_wconf 91' lang='lat' dir='ltr'><strong>silentio</strong></span> 
     </span>
     <span class='ocr_line' id='line_1_36' title="bbox 92 3472 1551 3560; baseline 0.002 -23"><span class='ocrx_word' id='word_1_389' title='bbox 92 3472 272 3540; x_wconf 76' lang='lat' dir='ltr'><strong>inEcclesirt</strong></span> <span class='ocrx_word' id='word_1_390' title='bbox 283 3475 375 3540; x_wconf 88' lang='lat' dir='ltr'><strong>litare</strong></span> <span class='ocrx_word' id='word_1_391' title='bbox 387 3496 394 3539; x_wconf 92' lang='lat'>:</span> <span class='ocrx_word' id='word_1_392' title='bbox 408 3479 464 3540; x_wconf 91' lang='lat' dir='ltr'><strong>aut</strong></span> <span class='ocrx_word' id='word_1_393' title='bbox 476 3475 618 3540; x_wconf 88' lang='lat' dir='ltr'><strong>sicontra</strong></span> <span class='ocrx_word' id='word_1_394' title='bbox 626 3475 769 3540; x_wconf 92' lang='lat' dir='ltr'><strong>ordinem</strong></span> <span class='ocrx_word' id='word_1_395' title='bbox 777 3473 938 3542; x_wconf 80' lang='lat' dir='ltr'><strong>Ecclesiae</strong></span> <span class='ocrx_word' id='word_1_396' title='bbox 946 3497 1003 3560; x_wconf 93' lang='lat' dir='ltr'><strong>per</strong></span> <span class='ocrx_word' id='word_1_397' title='bbox 1011 3474 1183 3542; x_wconf 65' lang='lat' dir='ltr'><strong>Caesareo»</strong></span> <span class='ocrx_word' id='word_1_398' title='bbox 1194 3473 1335 3560; x_wconf 88' lang='lat' dir='ltr'><strong>Papatus</strong></span> <span class='ocrx_word' id='word_1_399' title='bbox 1344 3479 1551 3558; x_wconf 87' lang='lat' dir='ltr'><strong>usurpantem</strong></span> 
     </span>
     <span class='ocr_line' id='line_1_37' title="bbox 91 3563 1552 3649; baseline 0.003 -25"><span class='ocrx_word' id='word_1_400' title='bbox 91 3564 286 3646; x_wconf 64' lang='lat' dir='ltr'><strong>tyrannidem</strong></span> <span class='ocrx_word' id='word_1_401' title='bbox 299 3563 373 3640; x_wconf 81' lang='lat' dir='ltr'><strong>talis</strong></span> <span class='ocrx_word' id='word_1_402' title='bbox 387 3564 521 3629; x_wconf 87' lang='lat' dir='ltr'><strong>materia</strong></span> <span class='ocrx_word' id='word_1_403' title='bbox 535 3565 557 3629; x_wconf 79' lang='lat' dir='ltr'><strong>la</strong></span> <span class='ocrx_word' id='word_1_404' title='bbox 570 3563 673 3628; x_wconf 88' lang='lat' dir='ltr'><strong>forma</strong></span> <span class='ocrx_word' id='word_1_405' title='bbox 684 3563 907 3630; x_wconf 90' lang='lat' dir='ltr'><strong>Precationum</strong></span> <span class='ocrx_word' id='word_1_406' title='bbox 920 3569 976 3630; x_wconf 89' lang='lat' dir='ltr'><strong>aut</strong></span> <span class='ocrx_word' id='word_1_407' title='bbox 988 3564 1173 3630; x_wconf 91' lang='lat' dir='ltr'><strong>concionum</strong></span> <span class='ocrx_word' id='word_1_408' title='bbox 1185 3565 1262 3649; x_wconf 89' lang='lat' dir='ltr'><strong>ipsis</strong></span> <span class='ocrx_word' id='word_1_409' title='bbox 1273 3563 1518 3648; x_wconf 88' lang='lat' dir='ltr'><strong>praescribatur,</strong></span> <span class='ocrx_word' id='word_1_410' title='bbox 1532 3567 1552 3628; x_wconf 81' lang='lat' dir='ltr'><strong>a</strong></span> 
     </span>
     <span class='ocr_line' id='line_1_38' title="bbox 91 3651 1570 3738; baseline 0 -22"><span class='ocrx_word' id='word_1_411' title='bbox 91 3653 254 3718; x_wconf 88' lang='lat' dir='ltr'><strong>ministerii</strong></span> <span class='ocrx_word' id='word_1_412' title='bbox 272 3653 421 3717; x_wconf 85' lang='lat' dir='ltr'><strong>exercitio</strong></span> <span class='ocrx_word' id='word_1_413' title='bbox 438 3653 593 3738; x_wconf 90' lang='lat' dir='ltr'><strong>tantisper</strong></span> <span class='ocrx_word' id='word_1_414' title='bbox 609 3653 780 3719; x_wconf 90' lang='lat' dir='ltr'><strong>abstinere.</strong></span> <span class='ocrx_word' id='word_1_415' title='bbox 798 3651 905 3738; x_wconf 81' lang='lat' dir='ltr'><strong>Atque</strong></span> <span class='ocrx_word' id='word_1_416' title='bbox 920 3654 995 3718; x_wconf 90' lang='lat' dir='ltr'><strong>hinc</strong></span> <span class='ocrx_word' id='word_1_417' title='bbox 1009 3676 1114 3733; x_wconf 91' lang='lat' dir='ltr'><strong>nosce,</strong></span> <span class='ocrx_word' id='word_1_418' title='bbox 1131 3654 1205 3738; x_wconf 89' lang='lat' dir='ltr'><strong>quid</strong></span> <span class='ocrx_word' id='word_1_419' title='bbox 1214 3652 1419 3738; x_wconf 88' lang='lat' dir='ltr'><strong>judicandum</strong></span> <span class='ocrx_word' id='word_1_420' title='bbox 1436 3651 1474 3717; x_wconf 92' lang='lat' dir='ltr'><strong>de</strong></span> <span class='ocrx_word' id='word_1_421' title='bbox 1486 3651 1548 3716; x_wconf 91' lang='lat' dir='ltr'><strong>Pa·</strong></span> <span class='ocrx_word' id='word_1_422' title='bbox 1566 3691 1570 3698; x_wconf 90' lang='lat'><strong>·</strong></span> 
     </span>
     <span class='ocr_line' id='line_1_39' title="bbox 90 3741 1549 3828; baseline 0.002 -25"><span class='ocrx_word' id='word_1_423' title='bbox 90 3741 224 3807; x_wconf 69' lang='lat' dir='ltr'><strong>triarchi</strong></span> <span class='ocrx_word' id='word_1_424' title='bbox 236 3741 598 3826; x_wconf 83' lang='lat' dir='ltr'><strong>Constantinopolitano,</strong></span> <span class='ocrx_word' id='word_1_425' title='bbox 611 3743 667 3828; x_wconf 94' lang='lat' dir='ltr'><strong>qui</strong></span> <span class='ocrx_word' id='word_1_426' title='bbox 679 3743 829 3822; x_wconf 86' lang='lat' dir='ltr'><strong>Phocum,</strong></span> <span class='ocrx_word' id='word_1_427' title='bbox 843 3741 995 3808; x_wconf 91' lang='lat' dir='ltr'><strong>Mauritio</strong></span> <span class='ocrx_word' id='word_1_428' title='bbox 1004 3742 1117 3828; x_wconf 87' lang='lat' dir='ltr'><strong>fugam</strong></span> <span class='ocrx_word' id='word_1_429' title='bbox 1130 3745 1321 3827; x_wconf 88' lang='lat' dir='ltr'><strong>capessente,</strong></span> <span class='ocrx_word' id='word_1_430' title='bbox 1331 3741 1549 3806; x_wconf 89' lang='lat' dir='ltr'><strong>intereacoro·</strong></span> 
     </span>
     <span class='ocr_line' id='line_1_40' title="bbox 89 3829 1549 3918; baseline 0.003 -26"><span class='ocrx_word' id='word_1_431' title='bbox 89 3831 206 3896; x_wconf 53' lang='lat' dir='ltr'><strong>r‘bat?</strong></span> <span class='ocrx_word' id='word_1_432' title='bbox 226 3831 311 3907; x_wconf 80' lang='lat' dir='ltr'><strong>Quid</strong></span> <span class='ocrx_word' id='word_1_433' title='bbox 331 3830 369 3895; x_wconf 91' lang='lat' dir='ltr'><strong>de</strong></span> <span class='ocrx_word' id='word_1_434' title='bbox 389 3830 542 3917; x_wconf 79' lang='lat' dir='ltr'><strong>Gregorio</strong></span> <span class='ocrx_word' id='word_1_435' title='bbox 555 3829 685 3917; x_wconf 85' lang='lat' dir='ltr'><strong>Magna,</strong></span> <span class='ocrx_word' id='word_1_436' title='bbox 697 3831 752 3915; x_wconf 93' lang='lat' dir='ltr'><strong>qui</strong></span> <span class='ocrx_word' id='word_1_437' title='bbox 768 3832 801 3896; x_wconf 92' lang='lat' dir='ltr'><strong>in</strong></span> <span class='ocrx_word' id='word_1_438' title='bbox 814 3831 928 3897; x_wconf 87' lang='lat' dir='ltr'><strong>Literis</strong></span> <span class='ocrx_word' id='word_1_439' title='bbox 940 3831 1160 3918; x_wconf 89' lang='lat' dir='ltr'><strong>gratulatoriis</strong></span> <span class='ocrx_word' id='word_1_440' title='bbox 1171 3830 1293 3896; x_wconf 78' lang='lat' dir='ltr'><strong>nefario</strong></span> <span class='ocrx_word' id='word_1_441' title='bbox 1304 3830 1380 3894; x_wconf 90' lang='lat' dir='ltr'><strong>huic</strong></span> <span class='ocrx_word' id='word_1_442' title='bbox 1391 3829 1549 3913; x_wconf 89' lang='lat' dir='ltr'><strong>paricidae</strong></span> 
     </span>
     <span class='ocr_line' id='line_1_41' title="bbox 88 3919 1548 4006; baseline 0.001 -22"><span class='ocrx_word' id='word_1_443' title='bbox 88 3941 101 3998; x_wconf 83' lang='lat' dir='ltr'><strong>e</strong></span> <span class='ocrx_word' id='word_1_444' title='bbox 121 3941 213 4004; x_wconf 81' lang='lat' dir='ltr'><strong>reque</strong></span> <span class='ocrx_word' id='word_1_445' title='bbox 227 3919 317 3984; x_wconf 85' lang='lat' dir='ltr'><strong>uxori</strong></span> <span class='ocrx_word' id='word_1_446' title='bbox 328 3919 489 4004; x_wconf 90' lang='lat' dir='ltr'><strong>inscriptis</strong></span> <span class='ocrx_word' id='word_1_447' title='bbox 502 3924 642 4006; x_wconf 85' lang='lat' dir='ltr'><strong>(exstant</strong></span> <span class='ocrx_word' id='word_1_448' title='bbox 652 3922 715 3987; x_wconf 74' lang='lat' dir='ltr'><strong>aio.</strong></span> <span class='ocrx_word' id='word_1_449' title='bbox 732 3922 762 3985; x_wconf 86' lang='lat'><strong>2.</strong></span> <span class='ocrx_word' id='word_1_450' title='bbox 775 3922 833 4006; x_wconf 84' lang='lat' dir='ltr'><strong>Ep.</strong></span> <span class='ocrx_word' id='word_1_451' title='bbox 848 3922 962 3988; x_wconf 71' lang='lat' dir='ltr'><strong>adra.</strong></span> <span class='ocrx_word' id='word_1_452' title='bbox 976 3921 1042 4004; x_wconf 89' lang='grc'>48.)</span> <span class='ocrx_word' id='word_1_453' title='bbox 1055 3921 1098 3986; x_wconf 91' lang='lat' dir='ltr'><strong>ad</strong></span> <span class='ocrx_word' id='word_1_454' title='bbox 1106 3921 1325 4005; x_wconf 83' lang='lat' dir='ltr'><strong>turpissimam</strong></span> <span class='ocrx_word' id='word_1_455' title='bbox 1335 3919 1548 3985; x_wconf 79' lang='lat' dir='ltr'><strong>adulationem</strong></span> 
     </span>
     <span class='ocr_line' id='line_1_42' title="bbox 88 4005 1548 4096; baseline 0.003 -26"><span class='ocrx_word' id='word_1_456' title='bbox 88 4009 163 4074; x_wconf 80' lang='lat' dir='ltr'><strong>atil</strong></span> <span class='ocrx_word' id='word_1_457' title='bbox 183 4010 295 4094; x_wconf 81' lang='lat' dir='ltr'><strong>reliqui</strong></span> <span class='ocrx_word' id='word_1_458' title='bbox 309 4009 448 4092; x_wconf 77' lang='lat' dir='ltr'><strong>faciebat,</strong></span> <span class='ocrx_word' id='word_1_459' title='bbox 470 4009 515 4074; x_wconf 91' lang='lat' dir='ltr'><strong>uti</strong></span> <span class='ocrx_word' id='word_1_460' title='bbox 538 4011 609 4074; x_wconf 79' lang='lat' dir='ltr'><strong>rere</strong></span> <span class='ocrx_word' id='word_1_461' title='bbox 630 4010 771 4094; x_wconf 88' lang='lat' dir='ltr'><strong>loquitur</strong></span> <span class='ocrx_word' id='word_1_462' title='bbox 790 4013 958 4078; x_wconf 81' lang='lat' dir='ltr'><strong>Marsaeus</strong></span> <span class='ocrx_word' id='word_1_463' title='bbox 979 4010 1122 4075; x_wconf 71' lang='lat' dir='ltr'><strong>russiae.</strong></span> <span class='ocrx_word' id='word_1_464' title='bbox 1144 4011 1178 4073; x_wconf 86' lang='lat' dir='ltr'><strong>ia</strong></span> <span class='ocrx_word' id='word_1_465' title='bbox 1192 4010 1315 4096; x_wconf 80' lang='lat' dir='ltr'><strong>rllpster.</strong></span> <span class='ocrx_word' id='word_1_466' title='bbox 1325 4009 1406 4094; x_wconf 62' lang='lat' dir='ltr'><strong>laiq·</strong></span> <span class='ocrx_word' id='word_1_467' title='bbox 1419 4005 1481 4072; x_wconf 87' lang='lat' dir='ltr'><strong>Sed</strong></span> <span class='ocrx_word' id='word_1_468' title='bbox 1492 4007 1548 4074; x_wconf 89' lang='lat' dir='ltr'><strong>ille</strong></span> 
     </span>
     <span class='ocr_line' id='line_1_43' title="bbox 86 4096 1547 4186; baseline 0.001 -26"><span class='ocrx_word' id='word_1_469' title='bbox 86 4119 101 4160; x_wconf 86' lang='lat' dir='ltr'><strong>s</strong></span> <span class='ocrx_word' id='word_1_470' title='bbox 117 4101 282 4182; x_wconf 77' lang='lat' dir='ltr'><strong>questrata</strong></span> <span class='ocrx_word' id='word_1_471' title='bbox 300 4119 358 4181; x_wconf 92' lang='lat' dir='ltr'><strong>pro</strong></span> <span class='ocrx_word' id='word_1_472' title='bbox 370 4101 511 4183; x_wconf 90' lang='lat' dir='ltr'><strong>tempore</strong></span> <span class='ocrx_word' id='word_1_473' title='bbox 527 4097 700 4184; x_wconf 87' lang='lat' dir='ltr'><strong>episcopali</strong></span> <span class='ocrx_word' id='word_1_474' title='bbox 711 4100 916 4183; x_wconf 87' lang='lat' dir='ltr'><strong>correptione,</strong></span> <span class='ocrx_word' id='word_1_475' title='bbox 933 4100 1024 4186; x_wconf 89' lang='lat' dir='ltr'><strong>[pag.</strong></span> <span class='ocrx_word' id='word_1_476' title='bbox 1038 4097 1119 4183; x_wconf 85' lang='lat'>510]</span> <span class='ocrx_word' id='word_1_477' title='bbox 1136 4119 1212 4162; x_wconf 89' lang='lat' dir='ltr'><strong>suae</strong></span> <span class='ocrx_word' id='word_1_478' title='bbox 1224 4097 1352 4185; x_wconf 74' lang='grc' dir='ltr'><strong>ὑπεροχῇ</strong></span> <span class='ocrx_word' id='word_1_479' title='bbox 1366 4096 1456 4161; x_wconf 76' lang='lat' dir='ltr'><strong>unice</strong></span> <span class='ocrx_word' id='word_1_480' title='bbox 1469 4096 1547 4162; x_wconf 87' lang='lat' dir='ltr'><strong>veli·</strong></span> 
     </span>
     <span class='ocr_line' id='line_1_44' title="bbox 86 4185 1547 4273; baseline 0.003 -25"><span class='ocrx_word' id='word_1_481' title='bbox 86 4185 101 4248; x_wconf 85' lang='lat' dir='ltr'>fi</span> <span class='ocrx_word' id='word_1_482' title='bbox 113 4187 246 4252; x_wconf 78' lang='lat' dir='ltr'><strong>abatur:</strong></span> <span class='ocrx_word' id='word_1_483' title='bbox 256 4186 304 4262; x_wconf 88' lang='lat' dir='ltr'><strong>uti</strong></span> <span class='ocrx_word' id='word_1_484' title='bbox 317 4208 355 4250; x_wconf 85' lang='lat' dir='ltr'><strong>ex</strong></span> <span class='ocrx_word' id='word_1_485' title='bbox 368 4187 531 4272; x_wconf 89' lang='lat' dir='ltr'><strong>petitione,</strong></span> <span class='ocrx_word' id='word_1_486' title='bbox 540 4209 621 4273; x_wconf 90' lang='lat' dir='ltr'><strong>quae</strong></span> <span class='ocrx_word' id='word_1_487' title='bbox 633 4197 747 4265; x_wconf 77' lang='grc' dir='ltr'>πρῶτον</span> <span class='ocrx_word' id='word_1_488' title='bbox 757 4186 844 4252; x_wconf 91' lang='lat' dir='ltr'><strong>illius</strong></span> <span class='ocrx_word' id='word_1_489' title='bbox 853 4188 1005 4272; x_wconf 89' lang='lat' dir='ltr'><strong>epistolae</strong></span> <span class='ocrx_word' id='word_1_490' title='bbox 1018 4187 1106 4246; x_wconf 78' lang='grc' dir='ltr'><em>αἴτιον</em></span> <span class='ocrx_word' id='word_1_491' title='bbox 1118 4186 1265 4267; x_wconf 86' lang='lat' dir='ltr'><strong>faciebat,</strong></span> <span class='ocrx_word' id='word_1_492' title='bbox 1273 4185 1394 4272; x_wconf 88' lang='lat' dir='ltr'><strong>legenti</strong></span> <span class='ocrx_word' id='word_1_493' title='bbox 1402 4190 1547 4252; x_wconf 89' lang='lat' dir='ltr'><strong>constare</strong></span> 
     </span>
     <span class='ocr_line' id='line_1_45' title="bbox 86 4274 1547 4361; baseline 0 -21"><span class='ocrx_word' id='word_1_494' title='bbox 86 4295 101 4356; x_wconf 90' lang='lat' dir='ltr'><strong>p</strong></span> <span class='ocrx_word' id='word_1_495' title='bbox 117 4277 209 4340; x_wconf 60' lang='lat' dir='ltr'><strong>rterit.</strong></span> <span class='ocrx_word' id='word_1_496' title='bbox 231 4277 262 4342; x_wconf 82' lang='lat'><strong>4.</strong></span> <span class='ocrx_word' id='word_1_497' title='bbox 283 4277 384 4342; x_wconf 69' lang='lat' dir='ltr'><strong>rouel.</strong></span> <span class='ocrx_word' id='word_1_498' title='bbox 404 4275 469 4343; x_wconf 91' lang='lat' dir='ltr'><strong>Udi</strong></span> <span class='ocrx_word' id='word_1_499' title='bbox 488 4277 549 4342; x_wconf 91' lang='lat' dir='ltr'><strong>duo</strong></span> <span class='ocrx_word' id='word_1_500' title='bbox 569 4281 626 4342; x_wconf 91' lang='lat' dir='ltr'><strong>aut</strong></span> <span class='ocrx_word' id='word_1_501' title='bbox 647 4275 755 4356; x_wconf 90' lang='lat' dir='ltr'><strong>plures</strong></span> <span class='ocrx_word' id='word_1_502' title='bbox 767 4277 804 4342; x_wconf 90' lang='lat' dir='ltr'><strong>de</strong></span> <span class='ocrx_word' id='word_1_503' title='bbox 817 4277 1003 4361; x_wconf 90' lang='lat' dir='ltr'><strong>Principatu</strong></span> <span class='ocrx_word' id='word_1_504' title='bbox 1014 4276 1237 4342; x_wconf 87' lang='lat' dir='ltr'><strong>contendentes</strong></span> <span class='ocrx_word' id='word_1_505' title='bbox 1250 4275 1353 4341; x_wconf 89' lang='lat' dir='ltr'><strong>adhuc</strong></span> <span class='ocrx_word' id='word_1_506' title='bbox 1364 4274 1397 4340; x_wconf 92' lang='lat' dir='ltr'><strong>in</strong></span> <span class='ocrx_word' id='word_1_507' title='bbox 1411 4275 1477 4342; x_wconf 88' lang='lat' dir='ltr'><strong>acie</strong></span> <span class='ocrx_word' id='word_1_508' title='bbox 1490 4279 1547 4342; x_wconf 89' lang='lat' dir='ltr'><strong>aut</strong></span> 
     </span>
    </p>
   </div>
   <div class='ocr_carea' id='block_1_3' title="bbox 85 4362 1545 4516">
    <p class='ocr_par' dir='ltr' id='par_1_3' title="bbox 85 4362 1545 4516">
     <span class='ocr_line' id='line_1_46' title="bbox 85 4362 1545 4465; baseline 0.001 -39"><span class='ocrx_word' id='word_1_509' title='bbox 85 4362 101 4426; x_wconf 83' lang='lat' dir='ltr'><strong>ir</strong></span> <span class='ocrx_word' id='word_1_510' title='bbox 135 4365 234 4432; x_wconf 87' lang='lat' dir='ltr'><strong>armis</strong></span> <span class='ocrx_word' id='word_1_511' title='bbox 250 4369 348 4448; x_wconf 87' lang='lat' dir='ltr'><strong>stant,</strong></span> <span class='ocrx_word' id='word_1_512' title='bbox 361 4367 453 4432; x_wconf 90' lang='lat' dir='ltr'><strong>modo</strong></span> <span class='ocrx_word' id='word_1_513' title='bbox 464 4363 515 4432; x_wconf 90' lang='lat' dir='ltr'><strong>his</strong></span> <span class='ocrx_word' id='word_1_514' title='bbox 528 4368 620 4433; x_wconf 87' lang='lat' dir='ltr'><strong>modo</strong></span> <span class='ocrx_word' id='word_1_515' title='bbox 631 4363 696 4428; x_wconf 89' lang='lat' dir='ltr'><strong>illis</strong></span> <span class='ocrx_word' id='word_1_516' title='bbox 709 4367 932 4452; x_wconf 90' lang='lat' dir='ltr'><strong>superantibus</strong></span> <span class='ocrx_word' id='word_1_517' title='bbox 943 4391 949 4447; x_wconf 89' lang='lat'>;</span> <span class='ocrx_word' id='word_1_518' title='bbox 963 4371 1020 4432; x_wconf 88' lang='lat' dir='ltr'><strong>aut</strong></span> <span class='ocrx_word' id='word_1_519' title='bbox 1032 4365 1087 4432; x_wconf 92' lang='lat' dir='ltr'><strong>ubi</strong></span> <span class='ocrx_word' id='word_1_520' title='bbox 1099 4388 1195 4450; x_wconf 91' lang='lat' dir='ltr'><strong>penes</strong></span> <span class='ocrx_word' id='word_1_521' title='bbox 1207 4369 1332 4450; x_wconf 89' lang='lat' dir='ltr'><strong>partem</strong></span> <span class='ocrx_word' id='word_1_522' title='bbox 1344 4387 1441 4431; x_wconf 88' lang='lat' dir='ltr'><strong>unam</strong></span> <span class='ocrx_word' id='word_1_523' title='bbox 1454 4363 1545 4465; x_wconf 78' lang='lat' dir='ltr'><strong>quasi</strong></span> 
     </span>
     <span class='ocr_line' id='line_1_47' title="bbox 1473 4474 1545 4516; baseline -0.014 0"><span class='ocrx_word' id='word_1_524' title='bbox 1473 4474 1545 4516; x_wconf 89' lang='lat' dir='ltr'><strong>um·</strong></span> 
     </span>
    </p>
   </div>
   <div class='ocr_carea' id='block_1_4' title="bbox 0 0 1866 4850">
    <p class='ocr_par' dir='ltr' id='par_1_4' title="bbox 0 0 1866 4850">
     <span class='ocr_line' id='line_1_48' title="bbox 0 0 1866 4850; baseline 0 8"><span class='ocrx_word' id='word_1_525' title='bbox 0 0 1866 4850; x_wconf 95' lang='lat' dir='ltr'><strong> </strong></span> 
     </span>
    </p>
   </div>
  </div>
 </body>
</html>
