3768 4842
320 286 363 365 60'
534 247 707 366 Ρ111ε1Ι
743 279 1373 366 91011111οΡ0111.Ἐοο]1.
1409 300 1494 364 11111.
1531 299 1555 367 I.

1610 407 1629 446 β

320 488 385 552 rint
397 487 430 551 in
442 487 555 570 majori
567 487 726 551 doctrinae
739 487 894 553 &rituum
906 487 1045 572 puritate
1058 488 1273 572 &integritate
1282 489 1418 552 seorsim
1429 487 1580 553 collectae
1592 493 1649 552 aut
1660 488 1783 553 consti·

321 580 419 653 tutae,
432 576 553 640 *eodem
570 577 600 640 in
618 576 700 650 loco,
718 577 795 641 urbe
804 577 871 642 scil.
888 581 944 640 aut
956 600 1045 662 agro,
1059 581 1114 641 aut
1130 577 1292 641 districtu:
1306 577 1428 641 nullam
1440 577 1531 641 video
1543 577 1711 654 rationem,
1724 601 1784 644 cur

320 688 384 730 non
401 666 440 729 ad
451 665 584 730 meliora
595 668 618 732 tr
630 665 818 749 perfectiora
830 668 1018 749 appetenda,
1032 666 1133 731 deseri
1146 666 1247 750 possit
1259 666 1408 750 explicita
1420 668 1443 732 81
1459 669 1588 730 externa
1600 667 1785 732 communio

321 755 389 838 ejus
401 753 573 833 Ecclesiae,
586 753 618 818 in
632 777 695 837 qua
706 755 859 819 hactenus
871 754 942 839 quis
950 755 1040 820 vixit.
1050 753 1100 819 Ita
1109 754 1141 818 in
1151 755 1263 839 Belgio
1273 754 1489 819 aliutheranis
1498 755 1649 820 Ecclesiis
1657 757 1697 820 ad
1705 778 1783 821 nos-

321 848 386 908 tras
402 842 535 907 subinde
547 848 747 916 transeuntes
759 844 842 907 bona
854 866 926 908 cum
938 845 1030 908 venia
1043 844 1271 916 adrnittuntur;
1285 844 1429 927 quamvis
1442 866 1507 908 non
1519 843 1667 928 ignorent
1679 847 1786 910 nostri

321 933 401 996 haut
424 932 470 995 ita
491 931 576 996 bona
596 955 667 996 curn
688 932 780 998 venia
792 931 1055 1010 Lutheranorcm,
1069 955 1123 998 eos
1135 934 1208 996 inde
1220 933 1389 998 discedere.
1406 936 1435 996 2.
1450 935 1551 998 Coraci.
1564 932 1682 1016 Dispar
1697 935 1784 998 ratio

322 1025 379 1098 est,
393 1021 420 1085 si
428 1020 579 1084 Ecclesiis
587 1019 1079 1100 Lntheranis&nostrisseorsim
1087 1022 1425 1100 nondumconstitutis,
1435 1023 1658 1088 discessionem
1666 1023 1706 1087 ab
1715 1023 1785 1088 illis

322 1109 394 1194 quis
406 1109 533 1174 fecisset
545 1114 617 1173 ante
629 1109 760 1174 Librum
772 1109 965 1176 Concordiae
977 1115 999 1177 ta
1011 1135 1109 1176 novas
1122 1134 1158 1176 ac
1171 1115 1333 1194 separatas
1346 1111 1503 1175 Ecclesias
1512 1112 1641 1176 molitus
1650 1113 1783 1177 fuisset:

322 1198 494 1263 noluissem
517 1203 591 1262 tunc
612 1199 761 1282 cuiquam
773 1205 866 1264 autor
878 1199 986 1279 fuisse,
1004 1204 1039 1264 ut
1052 1206 1161 1265 contra
1172 1222 1373 1272 communem
1384 1201 1627 1265 reformatorum
1643 1200 1787 1266 Theolo-

321 1309 434 1372 gornm
457 1279 645 1352 consensum
667 1289 963 1371 &protestationem
976 1292 1024 1369 (de
1037 1313 1099 1373 quo
1116 1291 1186 1354 vide
1203 1291 1375 1354 Historiam
1386 1290 1615 1354 Sacraoieatar.
1630 1291 1785 1374 lloepiai-

289 1441 295 1454 ,
321 1377 389 1454 aci)
413 1376 515 1440 nostri
528 1374 714 1441 tiusionem
726 1377 884 1442 fecissent.
901 1379 930 1443 1.
945 1380 1027 1460 (laia
1038 1383 1113 1443 tunc
1129 1378 1293 1458 dissidium
1309 1378 1479 1456 doctrinae,
1492 1401 1555 1443 uno
1568 1378 1634 1443 fere
1647 1379 1786 1446 articulo

322 1466 360 1530 de
372 1465 552 1548 praesentia
567 1466 706 1548 corporis
722 1466 754 1529 in
770 1472 867 1530 coena
879 1467 1151 1551 circumscriptum
1164 1469 1255 1553 [pag.
1270 1468 1329 1552 68]
1343 1471 1421 1545 erat,
1430 1468 1523 1550 juxta
1535 1468 1786 1535 declarationem

323 1554 487 1637 utriusque
496 1554 597 1638 partis
603 1554 635 1617 in
645 1554 810 1638 Colloquio
819 1553 1042 1640 Marpurgensi
1054 1558 1149 1621 1629.
1161 1593 1199 1606 -
1211 1557 1240 1620 2.
1252 1557 1333 1638 Quia
1341 1555 1504 1639 ubiquitas
1517 1579 1589 1620 cum
1597 1558 1786 1641 appendici-

322 1643 392 1720 bus,
416 1645 439 1708 tr
458 1642 671 1708 conditionata
683 1644 938 1727 praedestinatio,
952 1667 1023 1710 cum
1037 1649 1109 1710 vere
1122 1645 1263 1710 fidelium
1274 1645 1362 1708 finali
1376 1645 1536 1728 apostasia
1551 1649 1628 1710 tuuc
1639 1648 1786 1712 nondum

322 1731 531 1796 communiter
553 1731 756 1808 obtinebant3
780 1735 896 1798 nedum
915 1734 994 1798 utin
1007 1735 1158 1819 dogmata
1166 1734 1391 1799 *Ecclesiastico
1403 1735 1426 1799 b
1438 1734 1690 1800 fundamentalia
1702 1737 1787 1801 luis-

323 1824 394 1886 sent
417 1825 534 1884 evecta.
558 1823 589 1884 3.
615 1823 697 1903 01111
712 1821 775 1905 ipsi
800 1821 974 1886 Lutherarri
986 1823 1109 1906 priores
1122 1823 1254 1887 formale
1267 1824 1382 1887 scisma
1393 1827 1469 1887 tunc
1482 1823 1621 1888 nondum
1634 1825 1786 1890 absolve-

323 1907 405 1987 iant,
432 1913 618 1992 nostrosque
641 1911 732 1993 quasi
752 1912 936 1975 ostracismo
949 1935 986 1976 ex
999 1912 1148 1976 Ecclesiis
1161 1913 1225 1976 suis
1239 1912 1403 1995 ejecerant.
1417 1914 1447 1976 3.
1466 1911 1645 1977 CercetUbi
1658 1914 1690 1977 in
1707 1914 1787 1979 doo-

324 1999 408 2063 trina
433 1998 589 2077 convenit,
613 1999 667 2062 sed
687 2000 772 2082 juste
796 2000 867 2084 quis
891 2001 1037 2064 dissentit
1061 2002 1093 2064 in
1105 2001 1439 2086 ritibusdregimine;
1453 2006 1560 2084 potest
1573 2003 1788 2070 nihilominus

322 2087 576 2152 communionem
602 2087 636 2151 in
659 2088 802 2153 Ecclesia
824 2089 880 2154 illa
904 2111 1047 2154 exercere
1071 2090 1190 2174 absque
1215 2089 1443 2174 approbatione
1454 2090 1588 2156 istorum
1601 2092 1788 2158 defectuum

322 2176 388 2240 sive
416 2175 532 2239 directe
545 2176 611 2240 sire
622 2176 789 2241 indirecte:
804 2179 903 2242 nolim
914 2178 963 2242 illi
975 2183 1067 2244 autor
1081 2184 1197 2244 esseut
1209 2180 1248 2243 ab
1262 2179 1405 2244 Ecclesia
1419 2185 1486 2257 sua,
1500 2185 1590 2244 extra
1602 2201 1710 2245 casum
1722 2183 1788 2246 rni-

119 2307 129 2328 .
189 2325 195 2340 ,
322 2265 476 2350 gratioris
504 2265 543 2328 ad
562 2265 640 2344 loca,
657 2266 712 2329 ubi
724 2266 867 2332 Ecclesia
882 2269 1021 2351 ejusdem
1033 2269 1240 2333 confessionis
1257 2269 1279 2334 tr
1296 2268 1454 2333 doctrinae
1467 2269 1587 2352 absque
1599 2270 1664 2334 illis
1677 2271 1787 2336 defec-

200 2357 209 2374 '
322 2353 418 2430 tibus,
446 2355 468 2419 ta
491 2353 610 2437 absque
623 2355 730 2419 labore
742 2379 797 2420 seu
809 2356 956 2420 molestia
971 2357 1160 2422 tolerantiae
1172 2358 1342 2422 eorundem
1357 2357 1469 2421 haberi
1484 2363 1600 2442 potest,
1614 2360 1788 2439 secederet,

322 2443 470 2508 scismate
486 2442 553 2506 scil.
567 2443 632 2508 sire
648 2445 807 2529 negativa,
825 2449 860 2508 ut
876 2450 964 2509 extm
980 2463 1107 2510 omnem
1120 2446 1374 2511 communionem
1387 2446 1642 2513 Ecclesiasticam
1652 2448 1787 2514 viveret:

323 2532 389 2595 sive
413 2531 559 2614 positivo,
573 2537 608 2595 ut
619 2532 737 2597 ibidem
749 2534 812 2598 loci
824 2535 920 2598 aliam
933 2537 956 2600 81
967 2539 1147 2618 separatam
1163 2535 1348 2612 Ecclesiam,
1366 2536 1466 2601 invita
1478 2537 1630 2615 Ecclesia,
1643 2537 1693 2601 cui
1706 2538 1787 2602 sub-

321 2625 382 2698 est,
406 2641 549 2704 quaeque
576 2621 754 2686 libertatem
781 2623 828 2686 illi
850 2623 1019 2706 permittit,
1039 2625 1257 2689 constitueret.
1281 2624 1324 2688 Et
1346 2624 1428 2689 hanc
1442 2630 1520 2708 puto
1532 2624 1631 2690 fuisse
1643 2648 1787 2706 causam,

298 2731 404 2793 .quae
428 2709 511 2772 inter
526 2707 708 2795 'theologos
724 2711 859 2796 Angloa
876 2715 899 2778 81
915 2710 1128 2796 Separatistas
1144 2737 1199 2777 seu
1215 2713 1410 2778 Brownistas
1427 2718 1521 2798 (quos
1533 2714 1579 2778 ita
1591 2719 1715 2794 vocant)
1728 2739 1788 2780 an·

323 2798 416 2862 tehac
441 2798 564 2882 agitata
585 2799 656 2862 fuit.
670 2799 738 2864 Nos
749 2800 966 2885 hypotheticis
976 2803 1105 2878 relictis,
1121 2802 1290 2868 theticas&
1306 2803 1497 2886 principales
1509 2825 1619 2867 eorum
1632 2805 1788 2870 assertio-

323 2909 379 2952 nes
402 2891 512 2951 contra
539 2887 714 2953 Ecclesiam
741 2889 952 2974 Anglicanam
975 2892 1204 2975 improbamus,
1228 2914 1299 2956 cunr
1319 2891 1451 2976 Paget0,
1465 2893 1604 2970 Amasin,
1618 2893 1789 2977 aliisquea

324 2975 508 3041 ceremoniis
535 2979 557 3042 ta
580 2976 764 3061 Episcopali
776 2979 930 3063 regimine
943 2978 1121 3064 Anglicano
1135 2981 1257 3045 alienis.
1271 2981 1301 3044 4.
1316 2983 1419 3046 caca.
1433 2981 1528 3045 Absit
1539 2987 1646 3046 tamen
1657 2986 1695 3047 ut
1706 2983 1788 3048 scis-

323 3064 419 3130 matis
433 3087 575 3129 accusem
591 3065 792 3131 Orthodoxos
805 3071 827 3133 tr
840 3069 910 3152 pios
922 3068 1114 3157 fratres,·qui
1127 3070 1296 3153 postremis
1308 3069 1358 3134 his
1372 3069 1473 3149 annis,
1486 3085 1652 3155 grassante
1664 3071 1788 3156 passim

324 3176 380 3238 per
399 3153 557 3218 Ecclesiae
575 3155 769 3240 anglicanas
789 3159 811 3222 tt
834 3157 961 3242 pulpita
984 3158 1237 3242 semi-papismo,
1261 3160 1415 3243 novisque
1438 3160 1625 3225 ceremoniis
1633 3161 1788 3242 obtrusis,

325 3243 364 3307 ad
387 3242 595 3308 conscientiae
622 3265 698 3308 suae
714 3245 966 3310 aedificationem
978 3246 1189 3312 clandestinos
1203 3251 1225 3313 ta
1238 3251 1256 3311 a
1267 3248 1404 3331 publicis
1416 3253 1578 3332 separatos
1591 3254 1699 3314 coetos
1712 3251 1790 3316 sub·

323 3332 396 3396 inde
422 3330 618 3398 habuerunt:
640 3333 684 3397 sic
698 3338 806 3398 tamen
830 3338 866 3399 ut
889 3335 1039 3399 Ecclesiis
1051 3335 1238 3421 Anglicanis
1250 3337 1418 3420 repudium
1434 3338 1520 3421 pacis
1532 3361 1596 3403 non
1609 3339 1788 3420 rriitterent,

324 3420 379 3486 sed
402 3420 533 3484 meliora
557 3421 792 3487 reformationis
814 3426 958 3506 tempora
973 3427 996 3491 tr
1012 3425 1155 3489 veritatis
1168 3426 1319 3490 vindicias
1332 3449 1368 3490 ac
1381 3427 1545 3491 victoriam
1560 3427 1681 3492 interea
1697 3429 1788 3494 ado·

324 3509 411 3574 mino
432 3516 659 3593 exspectarent.
686 3509 760 3575 Pari
772 3512 842 3595 jure
854 3512 945 3576 licuit
957 3513 1033 3596 ipsis
1046 3514 1107 3577 hoc
1119 3514 1233 3592 facere,
1246 3537 1282 3578 ac
1295 3515 1445 3579 Ecclesiis
1457 3516 1619 3581 nonnullis
1635 3517 1788 3602 Belgicis,

324 3603 467 3683 tempore
487 3600 696 3664 contentionis
709 3599 928 3665 Armiuianae:
943 3603 1031 3686 cujus
1043 3602 1120 3667 facti
1134 3602 1315 3688 apologiam
1331 3604 1401 3668 vide
1415 3606 1495 3670 Ace-is
1507 3607 1627 3691 89110111
1638 3607 1788 3672 Dordra-

324 3709 414 3752 ceaac
425 3709 497 3752 sess.
512 3689 565 3753 26.
577 3691 600 3754 ta
613 3690 664 3752 29.
680 3725 720 3742 -ο-
734 3687 839 3755 XVII.
855 3692 979 3772 Quaest.
993 3691 1043 3755 An
1056 3692 1157 3776 possit
1169 3693 1240 3776 quis
1253 3694 1292 3757 ad
1305 3698 1430 3778 tempus
1444 3694 1569 3758 differre
1582 3691 1787 3778 particularis

323 3777 456 3860 alicujus
468 3777 629 3842 Ecclesiae
642 3779 905 3856 communionem,
921 3782 944 3846 tt
956 3780 1000 3844 sic
1016 3781 1056 3844 ab
1068 3781 1155 3844 omni
1167 3782 1315 3864 explicita
1327 3783 1546 3848 communione
1560 3778 1789 3850 Ecclesiastico

325 3864 492 3941 abstinere,
505 3868 621 3930 utendo
633 3868 755 3932 intetea
771 3867 845 3932 solis
858 3869 1015 3947 exercitiis
1027 3870 1223 3935 domesticis:
1239 3894 1279 3935 an
1292 3893 1365 3936 vero
1381 3873 1628 3956 quamprimum
1641 3895 1788 3938 commu-

324 3954 378 4018 nio
391 3953 551 4019 Ecclesiae
563 3955 596 4018 in
608 3956 763 4040 regimine
777 3960 799 4022 a
811 3957 926 4021 ritibus
939 3958 1111 4022 deficientis
1124 3959 1323 4043 suscipienda
1335 3961 1393 4035 sit;
1407 3966 1463 4025 aut
1478 3961 1679 4044 peculiaris&
1691 3985 1789 4046 sepa-

325 4047 395 4107 rata
417 4041 560 4107 Ecclesia
583 4044 709 4116 ibidem,
719 4046 937 4110 instituenda?
952 4048 1039 4130 Hesp.
1061 4049 1088 4112 1.
1106 4046 1206 4115 Cocol.
1221 4048 1343 4113 Inclino
1359 4050 1392 4114 in
1405 4051 1467 4137 All.
1478 4071 1537 4134 pr:
1551 4050 1706 4133 siquidem
1718 4055 1789 4116 sta-

325 4136 376 4196 tus
400 4131 560 4196 Ecclesiae
583 4133 671 4197 illius
688 4134 730 4198 sit
741 4134 825 4199 inter
837 4158 925 4218 spem
939 4138 961 4200 tr
973 4140 1110 4200 metum:
1124 4136 1185 4201 hoc
1197 4142 1245 4201 est
1257 4139 1284 4203 si
1292 4140 1398 4222 justus
1411 4144 1514 4203 metus
1527 4140 1569 4204 sit
1580 4141 1750 4224 prolapsus
1764 4144 1789 4208 tr

325 4241 494 4305 progessus
517 4222 556 4285 ad
581 4223 708 4305 pejora„
721 4226 776 4287 aut
800 4224 882 4288 bona
906 4247 977 4308 spes
1001 4226 1229 4291 emendationis
1254 4229 1277 4294 ta
1296 4228 1517 4292 restitutionis,
1533 4227 1687 4294 Rationes
1699 4234 1788 4296 sunt.

328 4310 356 4372 1.
383 4310 465 4392 Quia
488 4311 667 4374 communio
695 4312 844 4395 qxplicita
867 4336 938 4377 cum
961 4313 1070 4397 aliqua
1092 4315 1276 4398 particulari
1300 4316 1445 4382 Ecclesia
1468 4318 1626 4398 instituta,
1650 4341 1713 4382 non
1736 4323 1789 4384 est

325 4398 469 4470 absolute
490 4400 529 4464 ad
546 4401 682 4466 salutem
700 4401 877 4467 necessaria
900 4403 1087 4468 necessitate
1107 4404 1221 4470 medii:
1234 4428 1291 4471 nec
1303 4405 1400 4471 etiam
1412 4407 1599 4473 necessitate
1611 4408 1788 4492 praecepti,

1672 4519 1788 4582 siqui-
