3768 4842
303 272 331 310 vt

302 434 560 510 Amninianismo,
585 447 658 510 cte,;
684 455 781 519 ennete
800 457 876 499 sane
899 435 1065 519 didicerunt
1082 437 1144 500 illis
1158 435 1356 518 temporibus,
1370 437 1425 519 assi
1437 436 1626 500 solidissima
1638 437 1765 500 seientia

302 524 419 589 rnsnsiti
431 524 481 588 ius
494 524 736 588 Ecclesiastieum
750 525 875 609 eiusque
884 537 989 608 partes
1002 525 1143 610 sinpnlas
1156 525 1198 587 ad
1211 545 1357 588 rnirrnam
1370 524 1482 588 Sacrae
1495 525 1766 608 Scripturaeideo-

302 633 361 697 qtre
373 635 410 676 ee
421 614 571 676 sententia
586 615 789 678 Ecclesia-rum
803 615 1055 697 lle'sormatormn
1065 613 1274 677 eruditissime
1287 613 1495 678 illustrarunt.
1510 616 1548 678 Et
1562 615 1684 678 tandem
1699 637 1768 678 orn-

302 703 392 766 uicem
417 703 530 766 born-m
544 701 687 766 laborum
699 703 801 785 capito
813 715 839 766 et
853 724 996 766 snrrnnas
1012 704 1136 786 collepit,
1149 703 1332 772 ernendaait.
1349 703 1437 767 (sterit
1449 715 1475 766 et
1488 703 1598 766 ordine
1612 705 1768 786 dispas-nit

302 791 514 856 celeberrimus
539 791 644 856 doctor
670 791 828 856 Gisbertus
860 793 987 868 l'ortius,
1005 813 1076 856 esem
1092 791 1149 856 sub
1165 794 1259 878 finem
1283 793 1360 855 uitae
1379 812 1484 855 ortiaes
1504 814 1583 876 arias
1595 793 1632 856 de
1644 793 1769 876 politica

304 880 512 946 Ecclesiastico
536 880 685 944 babuerat
709 881 859 957 lectiones,
884 903 941 964 per
969 881 1097 965 tripinta
1121 901 1223 944 arrrios
1247 893 1273 943 et
1297 882 1435 964 arreptius
1464 893 1641 945 retractatos
1669 894 1695 945 et
1719 903 1769 945 re·

302 971 410 1048 cultas,
435 970 470 1033 in
485 989 546 1034 uno
562 989 660 1052 opere,
674 970 757 1054 quod
768 982 916 1055 qeseettnor
928 970 1139 1035 colierninibus
1150 990 1207 1052 per
1218 991 1320 1034 arrectos
1335 970 1551 1034 loos-1676
1566 972 1648 1055 tppis
1664 971 1768 1035 itaut*

301 1071 410 1142 patum
432 1070 485 1136 est,
509 1059 679 1142 correposnit
702 1071 728 1122 et
753 1060 786 1121 in
809 1060 941 1123 rationis
966 1059 1109 1123 ordinem
1133 1059 1256 1142 redepit.
1281 1059 1329 1122 Es
1354 1059 1420 1141 ipso
1441 1060 1769 1145 ipitnrtemporc,qito
1793 1085 1801 1098 ·

304 1147 401 1212 bain-s
424 1148 607 1231 disciplinae
630 1148 771 1212 saalinm
797 1149 829 1211 in
854 1149 993 1213 Ecclesiis
1007 1149 1194 1232 deformatis
1211 1148 1272 1210 iam
1286 1148 1343 1211 elin
1355 1151 1514 1232 llo-mecrat,
1528 1147 1676 1213 babemus
1688 1169 1769 1232 opus

304 1257 409 1300 reocra
431 1237 635 1320 primurimn,
660 1237 743 1321 quod
763 1257 887 1300 summo
904 1239 972 1302 iure
981 1258 1039 1320 per
1054 1240 1168 1301 rriidtos
1179 1257 1281 1300 urnms
1299 1237 1472 1322 ubicunque
1485 1239 1662 1302 innotuerat
1678 1259 1769 1322 ricop-

303 1347 381 1390 nom
404 1326 511 1390 babuit
534 1328 759 1402 useotoritatenn
775 1339 801 1390 et
818 1327 901 1411 qesod
916 1347 1040 1391 sinruno
1054 1327 1121 1390 iure
1131 1327 1312 1390 etiarnnnnc
1325 1327 1358 1390 in.
1371 1347 1485 1408 mapsa
1497 1325 1627 1390 babetur
1642 1327 1768 1391 bormre.

303 1414 338 1480 Si
361 1414 453 1479 otrodo
477 1427 562 1478 tanto
588 1427 663 1480 esset
688 1416 914 1498 eeenrpbarium
931 1417 1028 1499 eopia,
1045 1427 1165 1500 quatita
1184 1415 1396 1479 studiosorum
1408 1416 1559 1480 desiderio
1570 1417 1771 1500 aliquatenus

304 1507 461 1592 sufficeret.
489 1505 580 1582 Certe,
608 1505 814 1569 rarissimum
838 1508 883 1569 acl
895 1526 1008 1569 rorum
1024 1526 1103 1588 opns
1123 1505 1302 1568 boetianum
1314 1504 1472 1588 buca-sque
1483 1506 1636 1587 appellari
1651 1507 1768 1589 nequit.

303 1594 448 1659 Attamen
470 1595 663 1678 caerrepluria
685 1595 816 1658 normisi
841 1615 953 1676 rresopno
976 1596 1022 1658 ccl
1034 1594 1132 1657 aineia
1143 1593 1241 1676 pretio
1255 1605 1396 1670 oemunt,
1412 1605 1438 1656 ct
1448 1605 1608 1676 praetcrea
1620 1594 1770 1658 studiosis

302 1703 435 1768 perraro
457 1693 603 1765 prostant
611 1706 623 1758 ;
644 1703 705 1768 qim
717 1685 751 1770 pt
764 1695 798 1746 nt
809 1684 919 1766 pareds
932 1695 1053 1747 tanturn
1065 1684 1211 1766 prodesse
1220 1683 1351 1765 possint.
1377 1683 1457 1747 llnie
1468 1683 1563 1766 ipitm·
1576 1684 1771 1747 incommodo

303 1772 503 1855 potissimum
531 1771 659 1848 mederi,
688 1783 842 1856 qseantum
864 1773 934 1859 fieri
956 1784 1064 1855 posset,
1088 1792 1194 1835 orrrues
1219 1771 1632 1854 fererationessmalebant;
1646 1771 1772 1856 ideoque

305 1861 436 1926 coritium
451 1861 623 1926 secuudum
639 1861 725 1925 hoece
736 1862 880 1925 colonien
897 1859 1037 1925 Gisbcrbi
1050 1858 1158 1924 Voetii
1171 1858 1339 1924 Tracbsbus
1352 1861 1484 1924 selectos
1499 1861 1537 1924 ele
1553 1859 1686 1924 Potitios
1702 1859 1770 1924 Ec·
1797 1876 1800 1882 ·

307 1949 494 2014 clesissbica.

353 2039 472 2120 Quodsi
481 2059 538 2123 per
549 2039 678 2103 editores
690 2041 827 2115 stetisset,
841 2040 907 2103 sine
919 2038 1013 2102 dubio
1027 2040 1208 2103 rrialnissent
1222 2050 1320 2102 totctm
1332 2059 1411 2122 opus
1423 2039 1573 2103 continua
1585 2039 1660 2103 serie
1669 2039 1773 2104 dasiro

308 2128 389 2214 typis
408 2129 571 2192 amudare.
617 2129 676 2193 Sed
691 2129 728 2192 de
741 2129 795 2192 tali
807 2128 933 2192 consilio
946 2149 986 2192 ne
996 2129 1124 2211 copitari
1135 2129 1258 2213 quidem
1271 2140 1399 2210 poterat,
1413 2128 1664 2213 qirondoqnidern
1679 2129 1773 2192 totius

307 2217 380 2283 libri
395 2218 530 2300 repetitio
542 2218 576 2280 ia
589 2230 698 2282 nostra
719 2217 904 2282 Bibliotbeea
921 2217 1037 2281 circiter
1049 2237 1157 2280 norem
1175 2217 1333 2280 columina
1345 2229 1528 2301 occupasset.
1566 2215 1603 2282 Et
1616 2231 1774 2301 praeterea

307 2306 472 2392 lamudam
491 2319 544 2384 cst,
565 2328 672 2371 otrsnes
690 2306 777 2370 boses
794 2317 941 2370 tractatus
956 2319 1060 2370 nostro
1073 2307 1204 2389 tempori
1216 2326 1278 2368 non
1292 2307 1430 2370 eiusdem
1441 2327 1504 2369 csse
1515 2308 1672 2370 rreomenti.
1699 2307 1774 2370 Illac

307 2396 405 2480 ipitur
421 2407 526 2479 portes
546 2396 717 2479 selipendoe
735 2408 834 2472 erant,
854 2417 933 2480 quae
951 2397 1131 2459 etiamnunc
1155 2395 1338 2459 utilissimae
1361 2396 1528 2458 cassandae
1550 2407 1634 2472 sant,
1658 2397 1774 2480 qteippc

307 2485 443 2550 aeonion
454 2485 581 2549 idoneae
591 2486 634 2550 od
645 2486 890 2549 demonstrarula
904 2486 1097 2568 Resorrruttac
1103 2485 1628 2567 politicaeEcclesiasticuselerneata
1637 2506 1672 2549 ao
1678 2486 1772 2569 prin-

307 2574 388 2657 cipia
410 2585 437 2637 et
456 2574 499 2637 ad
517 2575 733 2658 exponendam
752 2575 819 2638 eius
839 2575 1017 2638 niednllam.
1043 2573 1262 2638 Praernittitur
1280 2586 1382 2637 uestem
1408 2575 1500 2640 totius
1516 2575 1617 2657 ‹rperis
1638 2575 1774 2638 Voctiarsi

307 2674 494 2746 conspectus,
517 2674 549 2727 ut
563 2667 702 2746 pertende
713 2665 779 2728 cias
791 2675 1012 2746 orpumentmn
1024 2675 1234 2746 capnoscotur,
1247 2675 1273 2727 et
1286 2663 1382 2728 simiel
1397 2664 1478 2727 ratio
1490 2683 1552 2748 qtae
1566 2675 1714 2728 tractatus
1726 2684 1773 2726 se·

308 2753 456 2817 lectissim
470 2753 520 2817 illo
529 2752 708 2817 comneno
724 2753 888 2838 unicnique
898 2764 1055 2836 perspecta
1068 2752 1116 2815 sit.

355 2843 504 2917 Ceterum,
525 2853 559 2905 ut
578 2843 629 2925 sas
649 2853 701 2918 cst,
722 2843 757 2905 iu
775 2841 832 2904 bae
851 2861 931 2906 noso
948 2842 1078 2905 editione
1089 2841 1231 2905 curanda
1246 2840 1381 2925 relipiose
1393 2840 1587 2905 observatum
1599 2852 1652 2916 est,
1667 2842 1772 2923 ipsum

317 2931 407 2994 Voetii
420 2942 534 2995 textum
547 2951 644 3015 qseam
656 2931 886 2995 accuratissinn
896 2952 959 2994 esse
971 2931 1181 3013 repetendum.
1201 2931 1291 3011 Qieod
1303 2943 1416 3006 tonan,
1430 2943 1463 2994 at
1476 2932 1565 3012 limile
1577 2930 1774 3014 intellcpitnr,

308 3041 374 3084 non
394 3019 551 3104 impedivit
571 3021 741 3106 qnmnimes
753 3020 802 3083 bie
815 3021 875 3085 illic
885 3021 1111 3104 perspicuitatis
1124 3040 1216 3082 caiisa
1230 3020 1434 3102 interpunctio
1452 3020 1621 3104 paidalmn
1636 3031 1773 3083 rreiaore-

309 3123 361 3174 tnr
368 3133 380 3184 ,·
398 3129 496 3193 acque
510 3110 605 3195 eflicit
624 3122 655 3173 ut
666 3121 692 3174 et
703 3131 822 3174 errores
835 3109 1057 3195 tppoprapbiei,
1070 3109 1183 3194 quibus
1193 3109 1284 3192 prior
1295 3109 1385 3172 editio
1398 3110 1527 3172 minime
1538 3110 1647 3183 etmuit,
1662 3109 1774 3172 iterum

309 3198 553 3264 admitterentur.
578 3199 816 3263 Errserrdntioncs
836 3220 904 3263 cero
923 3199 965 3262 ito
984 3199 1082 3282 faetere
1101 3211 1184 3273 snat,
1204 3210 1247 3274 at,
1271 3197 1491 3282 ubicunqnede
1506 3219 1577 3260 ocra
1594 3198 1716 3262 lectione
1731 3199 1774 3262 rel

310 3287 538 3374 quodammodo
550 3287 687 3352 dubitari
697 3289 803 3370 possit,
818 3288 875 3371 ipsi
872 3289 984 3352 tostici
996 3288 1119 3351 additae
1130 3288 1201 3365 sint,
1212 3287 1337 3351 niminis
1349 3287 1510 3372 quadratis
1524 3288 1634 3351 inelrrse
1632 3308 1675 3361 re,
1671 3310 1678 3322 ·
1690 3286 1774 3350 ideo-

310 3399 368 3462 que
380 3377 481 3441 lectori
492 3377 643 3442 iudicium
658 3379 860 3462 relinquatur.

354 3466 437 3531 Sed
425 3487 490 3530 torn
501 3467 705 3550 praemonitis
715 3489 750 3550 pr
752 3466 957 3530 aernoncndrs
969 3466 1088 3530 auctori
1100 3467 1200 3530 locum
1213 3466 1265 3528 dat
1277 3425 1383 3530 editor.
1400 3466 1457 3530 Cui
1469 3468 1695 3530 trrrrttioeeeoto
1703 3485 1773 3528 sat·-

310 3556 422 3632 eedcnt,
442 3556 470 3618 si
479 3555 586 3638 primo
598 3556 670 3620 baec
682 3568 868 3620 tractatuum
881 3577 930 3618 ser
932 3556 973 3618 ies
987 3556 1076 3618 lector
1078 3554 1145 3619 ibus
1157 3555 1292 3638 placebit,
1306 3555 1431 3640 ideoque
1441 3555 1500 3619 illis
1509 3568 1534 3619 et
1545 3556 1699 3619 Eedesiis
1696 3573 1772 3635 prr-o

311 3645 398 3710 derit.
414 3644 504 3725 Quod
518 3645 644 3732 utsiot,'
634 3667 698 3728 ipsc
710 3645 857 3709 Ecclesiae
869 3645 1027 3708 Domimes
1039 3644 1134 3709 baius
1146 3644 1217 3708 libri
1228 3665 1357 3709 enrsnm
1373 3665 1429 3708 suo
1440 3657 1646 3729 prosequitur
1657 3643 1773 3727 sorore.

359 3808 474 3872 Datum
487 3807 718 3886 Arrestelodami,
730 3809 832 3892 pridie
846 3809 952 3874 :boreos
965 3807 1142 3872 Decembres
1155 3829 1183 3872 a.
1199 3805 1426 3872 MDCCCLXX
1428 3809 1455 3872 X
1461 3808 1492 3872 V.

709 3947 840 4012 b'orrsine
852 3947 1013 4012 Rectorum
1022 3945 1175 4011 Societatis
1185 3967 1245 4028 pro
1257 3945 1374 4009 alenda
1387 3943 1571 4009 Bibliotheca
1585 3945 1773 4026 scurnum,

1192 4083 1227 4146 F.
1263 4082 1297 4146 L.
1334 4080 1596 4160 RUTGERS,

1025 4197 1219 4283 Theologiac
1233 4194 1352 4260 Doebor
1365 4199 1398 4260 eb
1409 4193 1574 4260 Professor
1586 4193 1773 4259 ordinarius.
