3752 4858
341 312 409 382 260
721 307 1274 382 PocrrrcnaEamasrssrrcsaPrssl.
1298 307 1418 380 Liall.

335 505 438 578 μάτων
461 503 493 566 in
518 500 670 566 Ecclesiis
694 500 879 566 Anhaltinis
902 521 986 566 anno
1010 499 1108 566 1596.
1133 501 1155 566 tr
1179 499 1213 564 in
1235 498 1352 564 Hassis
1367 495 1535 586 Marpurgi
1552 522 1633 566 anno
1652 499 1778 566 rictas

333 592 461 674 Scriptis
491 590 764 674 Witetcrpeasiaia
782 603 889 656 cantra
904 591 1122 666 Antaitiriarn,
1142 591 1166 656 tr
1188 589 1397 654 (listrensium
1413 601 1521 654 (caira
1543 596 1778 674 Marpurpcascra

337 681 599 764 refacurioccn.
614 677 757 742 Historia
773 679 865 742 istius
878 677 1066 744 Germanico
1080 681 1103 744 t
1116 677 1244 762 Belgica
1255 677 1406 740 idiomate
1419 677 1577 761 descripta
1585 683 1692 742 exstat:
1703 678 1777 742 illius

335 768 507 852 attingitur
522 768 563 832 ab
578 766 777 851 Hospiaiaac
797 767 887 832 Part.
906 769 936 831 2.
950 768 1067 834 Hister.
1079 777 1303 832 sancirentur.
1317 765 1401 836 ada.
1416 766 1510 830 1597.

383 855 437 924 Vl.
461 855 529 920 Nec
540 859 706 939 tantopere
719 877 776 939 pro
789 856 954 920 retinendo
966 857 1025 920 hoc
1036 855 1161 920 defectu
1173 854 1349 932 zelandum,
1363 859 1399 918 ut
1410 859 1628 936 praetexentes
1639 855 1772 938 adiapho-

335 945 479 1017 rismum,
503 947 526 1010 ta
541 945 708 1027 imperitae
721 943 824 1026 plebis
839 945 997 1018 scandala,
1011 948 1106 1028 atque
1118 943 1192 1008 inde
1207 941 1349 1026 pericula
1360 942 1631 1026 perturbationem
1646 965 1680 1007 ac
1690 942 1773 1007 sabb·

336 1036 467 1108 nratann
481 1033 543 1116 ipsi
555 1033 681 1115 plebem
693 1033 896 1110 concitemus,
906 1033 1133 1110 contentiones,
1143 1031 1282 1108 dissidia,
1290 1032 1468 1096 animorum
1477 1031 1688 1108 alienationes,
1696 1031 1774 1095 taciti

335 1127 392 1185 aut
414 1124 524 1205 aperte
543 1121 727 1196 excitemus,
748 1121 928 1194 foveamus;
942 1123 964 1186 t
977 1122 1016 1184 ad
1025 1123 1146 1202 jactata
1157 1118 1214 1183 illa
1226 1119 1410 1202 adiaphora,
1422 1141 1486 1184 non
1497 1124 1623 1184 tantum
1634 1142 1686 1184 nos
1698 1120 1775 1202 ipsos

336 1210 390 1272 sed
417 1210 542 1288 italica,
556 1231 664 1291 aeque,
682 1209 780 1272 immo
796 1210 890 1293 longe
903 1209 1055 1286 strictius,
1072 1230 1169 1292 quam
1181 1209 1220 1272 ad
1236 1229 1297 1272 non
1311 1230 1413 1291 pauca
1425 1208 1488 1272 alia
1503 1209 1538 1272 in
1550 1207 1776 1293 regiminefrdi·

336 1298 520 1381 sciplini,in
532 1297 661 1381 pietatis
674 1298 775 1380 praxi,
788 1298 819 1360 in
834 1319 956 1361 morum
970 1297 1195 1362 reformatione
1204 1297 1312 1384 ,magis
1324 1296 1510 1372 necessaria,
1523 1298 1695 1382 astringere
1706 1301 1776 1359 sata·

336 1409 461 1468 gamus
481 1386 571 1461 Quod
595 1386 760 1450 cacoethes
773 1385 991 1449 Pharisaicum
1004 1386 1128 1470 (Mallia
1147 1387 1194 1448 15.
1208 1406 1238 1449 a.
1252 1386 1320 1448 2-7.
1334 1387 1358 1451 tr
1370 1387 1412 1450 23
1428 1407 1456 1450 v.
1472 1386 1524 1452 23.
1539 1386 1606 1468 24.)
1616 1387 1777 1469 plerumque

336 1474 368 1538 in
393 1475 605 1539 humanarum
618 1473 835 1552 traditionum,
852 1473 1151 1541 consuetudinum&
1166 1475 1416 1538 ceremoniarum
1431 1473 1700 1548 respectantem
1709 1473 1776 1536 acla-

335 1563 458 1626 taribus
470 1562 626 1626 dominari
642 1563 794 1626 videmus.
808 1561 970 1645 Legantur
982 1562 1138 1628 Historiae
1149 1561 1331 1645 aphorisma
1348 1561 1490 1645 praeced.
1504 1561 1629 1626 citatae.

380 1650 454 1716 Vll.
478 1649 547 1715 Nec
568 1651 740 1715 tolerantia
762 1651 795 1714 in
818 1651 1080 1733 approbationem
1092 1650 1262 1726 mutanda3
1279 1653 1335 1714 aut
1346 1650 1468 1724 ἥττημα
1480 1649 1513 1712 in
1525 1648 1561 1708 τὸ
1572 1646 1687 1721 βέλτιον
1701 1646 1779 1712 alli·

337 1740 445 1804 nistris
458 1761 529 1804 cum
541 1743 684 1822 tempore
697 1738 999 1806 transformandum.

383 1827 470 1892 Vlll'.
494 1827 666 1904 Ecclesiae,
691 1849 772 1910 quae
785 1826 972 1892 fractionem
983 1828 1114 1906 habent,
1127 1849 1196 1892 eam
1214 1827 1367 1904 deserere,
1380 1825 1404 1890 b
1415 1825 1456 1889 ad
1468 1826 1664 1909 placentulas
1675 1825 1781 1891 arbica·
1857 1879 1858 1882 ,

338 1917 419 1980 lares
443 1916 560 1980 reverti
584 1937 646 1980 nou
669 1911 787 1979 debent
795 1937 802 1990 ;
829 1915 863 1978 in
874 1916 1013 2000 gratiam
1026 1916 1093 1980 scil.
1111 1916 1247 1981 aliarum
1263 1914 1487 1992 Ecclesiarum,
1501 1915 1523 1980 ta
1535 1919 1699 1998 praetextu
1711 1914 1782 1997 pacis

336 2025 408 2068 cum
430 2004 470 2068 iis
493 2005 652 2084 colendae,
664 2004 779 2086 quibus
795 2025 857 2066 nan
870 2003 973 2068 visum
989 2008 1048 2082 est,
1062 2009 1118 2069 aut
1130 2026 1211 2088 quae
1222 2024 1287 2068 non
1301 2006 1433 2086 possunt
1443 2003 1605 2068 commode
1617 2001 1783 2068 fractorem

336 2093 545 2157 introducere.

380 2179 437 2246 IX.
463 2179 591 2245 Sufficit
613 2180 640 2244 si
661 2179 831 2257 Ecclesiae,
857 2202 938 2264 quae
958 2181 1112 2246 fractione
1125 2184 1269 2258 utuntur,
1281 2179 1449 2258 Ecclesiae,
1462 2201 1545 2264 quae
1558 2186 1596 2244 et
1610 2185 1785 2258 carantana

337 2269 483 2334 obstante
499 2269 560 2332 hcc
571 2269 704 2351 dejecta,
717 2274 892 2352 agnoscant
903 2291 960 2352 pro
973 2270 1055 2334 veris
1063 2269 1184 2334 Christi
1192 2268 1353 2344 Ecclesiis;
1362 2267 1786 2343 fraternitatcmfaunitatem,

337 2357 391 2420 abi
419 2357 475 2422 illa
487 2357 590 2420 adhuc
602 2356 700 2440 viget,
713 2357 818 2421 colant
831 2358 853 2422 b
866 2361 1002 2440 servent;
1015 2358 1258 2443 syncretismum
1271 2359 1294 2424 tr
1306 2358 1466 2436 unionem,
1480 2357 1533 2421 ubi
1543 2358 1682 2441 syrtaria
1694 2357 1786 2439 aliqua
1856 2439 1857 2442 Ἴ

336 2445 526 2521 intercessit,
550 2449 771 2528 promoveaat3
795 2445 933 2510 Coenam
958 2468 1077 2524 earum,
1101 2447 1185 2530 quod
1208 2447 1248 2509 ad
1271 2445 1451 2524 essentiam,
1475 2467 1532 2529 pro
1558 2444 1786 2511 coenauomni
1855 2455 1857 2512 l

337 2533 486 2598 habeant.
510 2533 601 2608 Quod
624 2537 731 2597 autem
745 2535 886 2600 Poiaaas
898 2535 934 2598 ia
945 2534 1108 2620 Syatopni.
1126 2535 1197 2604 aa.
1205 2535 1236 2596 6.
1246 2555 1313 2617 cap.
1327 2535 1380 2599 56.
1396 2534 1473 2599 dicit
1485 2532 1673 2599 fractionem
1684 2556 1745 2598 esse
1757 2532 1787 2596 dc
1855 2519 1857 2622 l

335 2623 466 2686 essentia
494 2620 642 2706 &firma
656 2623 772 2687 Εοοηαθ
784 2621 1114 2687 dominicac.Piscator
1125 2622 1158 2686 in
1170 2623 1232 2686 vol.
1254 2623 1281 2687 1.
1295 2621 1409 2706 Dispp.
1427 2621 1518 2705 Disp.
1536 2623 1574 2688 de
1588 2621 1786 2688 sacramentis

335 2711 417 2774 thes.
442 2711 493 2774 23.
508 2732 576 2774 ease
588 2711 687 2776 ritant
698 2713 908 2776 necessariam
923 2709 1166 2776 tarsatiensem.
1180 2710 1328 2776 Bucanas
1342 2714 1365 2777 ta
1378 2709 1557 2776 Trelcatius
1565 2711 1672 2794 junior
1684 2713 1713 2775 in
1727 2707 1787 2773 bae.
1855 2719 1856 2784 l

336 2821 449 2864 acram.
462 2821 530 2863 esse
544 2800 750 2864 ceremoniam
762 2801 954 2866 ecsacliaiera
966 2821 1003 2864 ac
1014 2801 1290 2866 sacrarraataiera:
1302 2799 1377 2864 huic
1388 2797 1526 2864 Nostrae
1534 2799 1785 2872 determinationi

337 2889 360 2953 tt
383 2887 542 2952 communi
566 2887 743 2952 sentcntiae
766 2887 1025 2952 Reformatcrum
1049 2911 1112 2953 nou
1134 2893 1302 2972 repugnat.
1319 2887 1411 2952 Nihil
1424 2889 1784 2960 enimaliudvclueruat,
1854 2881 1856 2952 l

337 2998 432 3058 quam
445 2997 507 3039 non
519 2997 587 3040 esse
599 2975 697 3039 ritum
714 2976 899 3055 humanum,
913 2977 1133 3060 adiaphorum,
1145 2976 1292 3066 liberum:
1302 2975 1518 3056 seddiriaum,
1526 2977 1783 3050 sacramentalem,
1854 2987 1855 3040 i

336 3065 359 3128 tt
383 3064 595 3128 necessarium
613 3064 800 3129 necessitate
816 3065 988 3150 praecepti,
1000 3066 1040 3128 ad
1052 3065 1271 3150 integritatem
1283 3065 1508 3130 sacramenti&
1521 3071 1686 3130 externam
1699 3063 1788 3128 admi·
1854 3093 1855 3098 ¹

335 3151 533 3216 nistrationis
556 3151 693 3216 formam
715 3154 888 3236 pertinens.
912 3153 1074 3228 (istomodo
1098 3153 1219 3233 aculus,
1246 3159 1302 3217 aut
1321 3175 1388 3237 pes,
1406 3159 1463 3218 aut
1477 3175 1601 3229 manus,
1617 3154 1656 3220 ad
1668 3151 1789 3236 integri·

337 3244 437 3304 tetam
460 3240 610 3322 corporis,
623 3243 657 3306 ‚b
677 3245 904 3324 consequenter
920 3242 959 3305 ad
968 3241 1171 3306 essentialem
1183 3245 1307 3324 partem
1321 3242 1505 3319 bominis&
1521 3243 1567 3307 sic
1579 3243 1621 3306 ad
1634 3240 1789 3307 essentiam

337 3328 492 3410 pertinet:
518 3327 591 3392 licet
613 3349 676 3391 non
703 3329 746 3392 sit
769 3329 917 3408 essentia,
930 3334 986 3393 aut
999 3329 1136 3394 bominis
1150 3331 1238 3413 [pag.
1253 3330 1334 3414 808]
1349 3331 1487 3396 essentia
1499 3331 1533 3394 in
1545 3331 1699 3395 alterutra
1714 3327 1790 3392 acula

337 3416 506 3497 consistat;
526 3437 589 3500 quc
614 3417 680 3480 scil.
694 3417 796 3499 posito
809 3422 956 3500 ponatur,
970 3419 992 3482 tr
1006 3419 1132 3483 sublato
1145 3418 1278 3482 tollatur
1290 3419 1438 3484 essentia.
1452 3418 1611 3484 Accurate
1624 3423 1646 3486 b
1659 3417 1790 3482 distincti
1853 3421 1854 3442 ³

340 3505 425 3568 hanc
448 3505 695 3568 controversiam
712 3505 932 3588 explicuerant
945 3508 1067 3572 Beroia
1079 3508 1237 3590 Epicratis,
1254 3509 1347 3591 lipsii.
1364 3508 1595 3574 nummatus
1607 3510 1643 3572 ia
1659 3504 1790 3592 Epistola

339 3593 429 3658 Pari.
457 3593 485 3654 1.
506 3613 580 3677 pap.
602 3593 675 3657 229.
689 3593 712 3656 ta
725 3595 799 3657 250.
817 3595 902 3668 (turra
919 3596 1016 3660 etiam
1028 3595 1142 3660 citatos
1154 3596 1244 3660 video
1260 3597 1301 3660 ab
1316 3597 1484 3662 Hinnaclio
1497 3595 1663 3682 'theologo
1674 3591 1789 3662 Jeneasi

339 3682 373 3744 ia
389 3679 518 3763 Catispio
531 3680 646 3746 irenica
659 3680 750 3765 Disp.
764 3682 794 3745 8.
811 3683 829 3766 g
844 3683 905 3746 19..

383 3767 520 3832 Restant
546 3770 608 3833 duo
620 3770 820 3853 problemata
830 3791 868 3834 ex
882 3772 1067 3854 quaestione
1077 3772 1115 3836 de
1124 3774 1464 3855 ponderebmcmcnto
1472 3773 1789 3855 hujuscoutrcrersiae

339 3878 426 3919 emer
450 3856 546 3920 entia.

350 3997 353 4010 .
387 3946 415 4007 l.
426 3877 546 4010 gProbi.
583 3944 634 4008 An
658 3945 731 4028 quis
755 3945 786 4009 in
811 3946 954 4012 Ecclesia
970 3950 1130 4028 educatus,
1143 3950 1244 4014 autin
1258 3951 1460 4016 matriculam
1472 3952 1540 4035 ejus
1553 3951 1729 4036 inscriptus,
1744 3947 1789 4012 ubi

339 4053 403 4095 non
425 4033 492 4097 sine
515 4033 606 4114 panis
626 4032 780 4098 fractione
793 4034 931 4100 Coenam
946 4037 1078 4120 accepit,
1090 4039 1130 4102 ad
1141 4039 1240 4102 aliam
1251 4041 1389 4104 transire
1401 4040 1512 4124 possit,
1524 4041 1582 4104 ubi
1595 4037 1790 4125 planccatulis

339 4120 570 4185 orbicularibus
593 4119 698 4185 Coena
722 4123 986 4190 administratur?
1012 4128 1101 4210 Resp.
1123 4127 1195 4212 Nep.
1209 4127 1366 4213 siquidem
1378 4127 1411 4193 in
1424 4129 1534 4192 eadem
1548 4128 1690 4194 Ecclesia
1699 4125 1790 4191 antia

339 4227 412 4270 casu
426 4208 625 4290 migrationis
637 4208 670 4272 in
682 4208 826 4274 Ecclesia
836 4211 930 4276 istius
943 4215 1013 4292 loci,
1027 4221 1082 4280 aut
1106 4216 1139 4279 in
1156 4217 1268 4294 vicina,
1283 4217 1470 4302 integritate
1482 4217 1543 4282 bisc
1552 4217 1618 4282 frui
1631 4221 1733 4300 queat.
1743 4213 1790 4278 Sia

340 4295 460 4357 minus:
485 4301 627 4378 praestat
649 4297 787 4362 (laenam
810 4321 934 4364 sumere
962 4325 1033 4365 cunr
1060 4304 1118 4366 tali
1135 4304 1260 4368 defectu
1277 4308 1387 4390 (quem
1399 4304 1536 4369 tolerare
1550 4327 1725 4388 passunnrs,
1736 4325 1789 4366 noa

340 4382 465 4463 tollere)
479 4405 574 4464 quarn
587 4386 714 4448 omnino
727 4392 765 4449 ea
776 4409 900 4450 carere:
915 4389 973 4452 hac
986 4395 1096 4453 tamen
1108 4392 1178 4474 lege
1192 4397 1229 4454 at
1239 4395 1501 4458 courmuuicaturi
1516 4397 1683 4472 testentur,
1697 4415 1728 4456 se
1738 4412 1791 4456 noa

1673 4481 1791 4564 probare
