3732 4840
303 296 413 362 Tricr.
438 295 481 362 Il.
507 297 554 362 Dr
576 295 713 374 Porsen,
737 296 810 366 Pur..
835 317 871 360 ar
895 294 1006 359 Canon.
1030 293 1157 368 Eccuss.
1182 291 1254 361 One.
1277 291 1336 358 III.
1483 291 1544 356 135

92 483 145 547 bns
155 481 297 568 Synodus
309 481 500 548 Hcllsndica
511 481 655 548 Harlemi
668 485 862 566 congregata
879 480 925 544 ita
936 485 1013 546 tunc
1025 479 1197 564 respondit,
1214 482 1250 543 ut
1261 479 1357 562 plane
1372 477 1545 562 depuduis-

91 597 119 636 sa
141 573 315 652 rideantur,
333 574 390 657 qni
401 572 496 638 hodie
512 571 591 636 talia
606 575 791 656 recoquunt.
805 569 867 636 Sed
879 570 975 634 nimis
987 569 1108 634 insulsa
1119 568 1199 632 haec
1216 567 1451 650 consequentia.
1464 566 1544 632 ,Per-

91 681 184 737 sonas,
195 662 288 740 bona,
301 661 441 726 actiones
453 683 527 726 suas
540 661 636 724 etiam
648 659 888 726 Ecclesiasticas
900 661 1070 744 (quatenns
1079 661 1246 722 externum
1257 657 1452 736 hominem&
1465 657 1546 740 poli·

91 750 158 814 tiam
182 751 361 838 attingunt)
384 750 539 815 Potestati
563 748 774 834 Magistratus
786 747 966 814 Retcrmati
979 769 1088 811 omnes
1100 746 1283 831 subjiciunt.
1297 745 1349 810 An
1361 745 1438 828 quid
1453 767 1545 830 prae-

29 907 36 920 ‚
91 843 168 903 terea
196 839 388 924 requirunt?
412 837 548 904 Maritus
573 842 592 902 a
614 838 683 904 Deo
703 841 725 904 b
745 831 900 903 con'sensu
917 840 1030 901 mutuo
1052 835 1235 921 conjugium
1255 857 1347 900 suum
1368 833 1491 898 derivat
1509 857 1546 900 ac

91 929 255 1012 suspaidit,
261 927 464 1014 necPrincipi
475 950 531 992 suo
539 929 591 992 vel
599 927 765 992 minimam
774 926 965 1010 particulam
973 924 1146 990 Potestatis
1154 923 1313 988 maritalis
1319 923 1478 1002 attribuit,
1488 946 1547 989 neo

53 1027 60 1041 '
91 1040 152 1082 eam
173 1031 328 1102 tanquam
351 1015 498 1082 Vicarius
522 1021 578 1080 aut
602 1016 778 1102 delegatus,
806 1018 862 1080 aut
881 1013 1030 1079 Minister
1040 1013 1198 1097 Principis
1211 1016 1346 1092 exercet,
1359 1017 1416 1077 aut
1427 1013 1545 1077 directe

93 1105 237 1170 potestati
249 1107 404 1172 Politicae
416 1106 619 1170 subordinat:
633 1102 696 1170 don
708 1110 859 1170 tamense
873 1105 895 1170 tr
908 1104 1105 1168 Potestatem
1114 1102 1294 1166 maritalem
1304 1104 1458 1187 (quatenu
1471 1101 1545 1166 silla

91 1195 197 1260 bouum
224 1196 448 1279 symbicticum
471 1197 494 1260 b
516 1194 755 1260 communitatis
772 1193 920 1277 politicae
932 1192 1078 1277 attingit)
1095 1191 1357 1255 architectonicae
1374 1190 1542 1270 Potestati‚

90 1284 257 1362 directioni,
273 1285 485 1368 jurisdictioni
504 1282 858 1368 Principissubtrahere
870 1282 1020 1347 dicendus
1033 1285 1090 1345 est.
1105 1318 1145 1328 -
1159 1277 1249 1344 VIII.
1268 1279 1306 1365 [l.
1316 1277 1391 1364 VI]
1407 1279 1473 1363 obj.
1487 1277 1545 1344 Se·

90 1378 231 1456 queretur
258 1375 348 1462 [pag.
376 1373 452 1458 159]
477 1371 641 1437 Ministros
668 1371 701 1436 iu
714 1371 856 1437 Ecclesia
872 1393 941 1436 esse
952 1370 1082 1455 primos,
1095 1372 1119 1436 ta
1131 1389 1242 1454 regere
1258 1367 1435 1434 Ecclesiam
1447 1369 1544 1434 Pote-

90 1467 161 1527 rtnte
184 1463 288 1548 prima
309 1485 364 1527 seu
376 1463 597 1538 antecedente3
611 1460 821 1545 MagIstratus
831 1465 906 1526 vero
918 1481 986 1524 esse
998 1459 1161 1538 secundos,
1174 1479 1231 1524 seu
1243 1457 1434 1540 posteriores
1446 1456 1543 1521 Mini-

89 1552 164 1629 stris,
187 1555 334 1638 &regere
345 1552 508 1616 Potestate
524 1555 748 1634 consequente.
760 1549 822 1615 Sed
835 1571 1029 1633 consequens
1041 1548 1224 1612 absurdum.
1238 1548 1328 1631 Resp.
1343 1548 1415 1632 Nep.
1428 1546 1544 1612 raiaor.

87 1637 116 1704 Si
139 1641 337 1706 Potestatem
361 1641 566 1705 intrinsecam
588 1643 611 1707 fi
627 1639 788 1724 publicam
800 1638 1037 1704 comdmnitatis
1052 1636 1295 1701 Ecclesiasticae
1305 1635 1472 1716 intelligis,
1488 1635 1546 1700 illa

86 1734 128 1792 est
149 1730 277 1814 proprie
292 1730 494 1805 antecedens:
508 1731 531 1795 fi
543 1727 684 1792 Ministri
696 1732 842 1812 respectu
856 1727 945 1792 illius
960 1725 1133 1792 secandum
1148 1725 1291 1789 ordinem
1303 1724 1455 1788 divinitus
1471 1747 1544 1788 san-

86 1817 177 1883 citum
198 1820 320 1904 quique
343 1840 399 1904 pro
420 1822 478 1882 sut
496 1821 596 1902 parte,
617 1821 692 1882 suut
710 1817 806 1902 primi
821 1820 844 1884 fi
856 1821 1086 1882 antecessores:
1101 1814 1249 1879 dicuntur
1260 1813 1345 1878 enim
1357 1811 1545 1888 &tyrtaeum

50 1931 59 1948 ·
86 1907 309 1982 braama,
335 1929 413 1992 qnos
425 1907 540 1992 reliqui
552 1929 661 1972 cmuos
673 1906 848 1971 Christiani
860 1907 957 1970 etiam
968 1904 1179 1990 Magistratus
1191 1903 1307 1967 debent
1319 1901 1410 1986 sequi
1425 1901 1459 1964 iu
1471 1901 1543 1980 fida,

86 1995 209 2079 pietate,
236 2001 395 2080 quatenus
422 1997 488 2061 scil.
513 1995 562 2060 illi
574 1999 751 2084 sequnntur
762 1995 936 2060 Christum.
949 1992 1006 2059 Sin
1019 2014 1094 2058 vero
1110 1991 1265 2077 intelligis
1280 1990 1476 2072 Pqtcstatem
1490 2013 1545 2054 ex·

86 2088 203 2148 tarnem
219 2085 420 2170 objectivam,
432 2107 486 2150 seu
500 2084 664 2170 politicam
676 2085 759 2149 circa
771 2083 1011 2159 Ecclesiastica;
1026 2105 1063 2148 ea
1074 2081 1220 2166 quamvis
1235 2080 1345 2145 ordine
1358 2081 1509 2164 sequatur
1522 2083 1545 2146 da

86 2179 315 2258 praesupponat
326 2175 494 2240 formalem
510 2197 566 2239 seu
578 2173 782 2238 intrinsecam
798 2172 994 2239 Potestatem
1006 2170 1264 2236 Ecclesiasticam
1280 2170 1410 2252 ejusque
1423 2168 1544 2233 exerci-

86 2261 171 2340 tium,
183 2267 291 2328 tamen
304 2263 338 2328 iu
350 2285 407 2328 suo
419 2283 535 2349 genere
547 2265 596 2328 est
607 2263 720 2348 prima,
738 2263 761 2328 tr
773 2263 970 2340 antecedens,
983 2261 1081 2326 immo
1098 2264 1146 2325 est
1160 2259 1228 2324 sola
1241 2258 1264 2322 b
1282 2257 1426 2322 solitaria
1439 2256 1480 2343 (si
1491 2279 1545 2323 ac·

86 2357 187 2416 curate
211 2353 410 2436 loquamur);
428 2375 491 2417 non
512 2352 597 2416 enim
617 2349 778 2436 praecedlt
796 2354 852 2416 aut
869 2349 907 2438 [l.
920 2350 993 2436 nec]
1007 2349 1177 2416 comitatur
1189 2352 1245 2412 aut
1258 2347 1296 2434 [l.
1310 2346 1383 2432 nec]
1401 2347 1545 2430 sequitur

86 2463 150 2504 eam
163 2441 227 2506 alia
239 2441 387 2506 Potestas
398 2442 527 2525 publica
539 2463 688 2526 suprema
701 2441 946 2506 archItectonioa
957 2462 964 2520 ;
977 2439 1032 2504 sed
1043 2443 1170 2503 tautum
1182 2436 1352 2502 comitatur
1364 2438 1387 2502 tr
1400 2435 1545 2521 seqnitur

31 2555 40 2570 ·
86 2551 150 2594 eam
168 2530 312 2596 omnium
332 2529 449 2595 civium
469 2530 579 2616 (etiam
596 2553 716 2608 eorum,
737 2531 792 2613 qui
807 2530 951 2594 membra
966 2533 1040 2593 sunt
1052 2525 1227 2608 Ecclesiae)
1240 2524 1420 2590 obedientia
1433 2527 1456 2590 b
1468 2523 1544 2589 sub·

83 2619 183 2700 jectio,
204 2624 240 2683 nt
259 2623 283 2686 b
302 2619 450 2684 Potestas
468 2619 675 2684 subordinate
694 2641 731 2683 ac
749 2618 967 2683 ministerialis
984 2616 1226 2682 Praefecturam
1246 2636 1301 2679 seu
1323 2611 1544 2678 Ministrorum

86 2708 292 2789 politicorum.
304 2707 435 2784 Quodsi
447 2729 540 2774 casus
551 2708 605 2773 ille
618 2707 738 2772 incidat
749 2708 853 2792 qualis
866 2708 991 2773 Dua-iel.
1005 2706 1035 2770 3.
1049 2709 1071 2773 tr
1084 2706 1113 2770 6.
1127 2706 1228 2770 Actor.
1242 2705 1272 2768 l..
1286 2707 1323 2768 ut
1334 2702 1544 2766 obediendum

64 2855 70 2868 ,
86 2797 122 2860 sit
132 2795 201 2862 Deo
213 2798 328 2883 magis,
341 2819 439 2882 quarn
451 2797 649 2872 homiuibus:
665 2801 734 2860 tum
747 2796 889 2862 Ministri
901 2795 1071 2874 Ecclesiae,
1088 2815 1261 2876 omnesque
1275 2792 1383 2856 fideles
1395 2791 1544 2856 obedien-

86 2885 156 2951 tiam
169 2909 271 2965 suam,
284 2885 460 2972 praemissa
472 2886 653 2951 resistentia
663 2886 824 2970 negativa,
837 2885 972 2970 impleut
988 2907 1093 2950 secum
1107 2881 1292 2960 habitando,
1309 2883 1365 2944 aut
1381 2880 1543 2965 fugiendo,
1593 2909 1603 2928 ·

86 2977 136 3038 aut
147 2976 279 3060 quaeris
294 2975 446 3060 patiendo
461 2997 543 3060 qnae
554 2975 712 3039 declinare
725 2979 821 3059 atque
833 2975 974 3059 effugere
985 2978 1156 3058 nequeunt.
1169 2969 1362 3036 Prudentiae
1379 2969 1544 3036 &tortitu-

86 3063 159 3129 dinis
171 3063 375 3130 Christianae
388 3086 448 3130 vor
458 3069 510 3130 est
520 3085 578 3148 pro
593 3064 757 3129 Potestate
774 3066 797 3131 b
813 3063 981 3150 [tegimine
998 3060 1222 3126 Ecclesiastico
1239 3063 1258 3124 ‘a
1274 3059 1392 3144 synodo
1408 3063 1544 3144 utraque

86 3151 271 3218 hollandiae
287 3177 315 3218 a.
336 3153 420 3218 1582
438 3154 552 3218 emissa
567 3153 598 3217 iu
617 3153 734 3237 scripto
746 3151 866 3218 Illustr.
882 3151 1071 3216 Hollandiae
1083 3148 1256 3214 Ordinibus
1268 3147 1432 3224 traditati
1449 3147 1545 3211 simul

86 3241 250 3324 publicato,
268 3243 320 3307 oui
335 3241 385 3306 tit.
407 3244 603 3327 Responsum
621 3243 841 3308 Ministrorum
861 3240 1072 3306 fiSeaiocsau
1089 3239 1297 3304 Ecclesiarum
1312 3238 1347 3301 ia
1363 3237 1544 3313 Hellaadid,

88 3353 180 3415 arrper
191 3345 452 3418 congregatorum
464 3333 499 3396 ia
511 3333 628 3397 civitate
638 3327 837 3397 llurle'raeasi
852 3331 908 3395 tre.
914 3330 948 3394 in
961 3330 1033 3393 fine.
1409 3379 1410 3382 ι

128 3419 303 3486 ,Similiter
327 3421 349 3486 fi
369 3443 427 3485 nos
440 3420 636 3486 declaramus
647 3420 728 3484 nihil
742 3421 829 3484 aliud
841 3443 898 3484 nos
911 3419 1002 3498 velle,
1015 3439 1112 3504 quam
1124 3419 1161 3480 nt
1172 3415 1329 3502 Regimen
1341 3414 1545 3480 Ecclesiasti-

90 3531 183 3596 .enm,
208 3509 303 3575 acuti
316 3508 484 3593 spirituale
500 3513 558 3588 est,
574 3509 621 3574 ita
633 3509 729 3573 etiam
742 3513 847 3574 totum
859 3510 881 3573 tr
894 3508 1065 3572 indivisum
1077 3510 1204 3570 maneat
1220 3529 1316 3591 penes
1329 3503 1544 3570 Ecclesiarum

90 3597 251 3670 ,Pastores
275 3600 298 3664 b
321 3596 535 3683 Inspectores;
555 3599 630 3664 &ne
646 3597 734 3664 Viris
747 3597 895 3682 polIticis,
909 3597 1006 3662 immo
1019 3598 1042 3662 tr
1053 3595 1129 3674 illis,
1147 3595 1203 3680 qui
1215 3595 1293 3660 satis
1305 3593 1498 3678 profitentur
1510 3615 1544 3656 se

90 3709 161 3760 ‚nou
174 3711 244 3753 esee
256 3687 448 3752 reformatae
460 3687 634 3773 religionis,
645 3687 696 3752 via
706 3687 869 3751 muniatur
876 3689 945 3772 (aut
954 3684 1128 3767 sternatur)
1141 3684 1180 3747 ad
1188 3683 1363 3748 indebitam
1368 3681 1544 3767 jurisdicti-

90 3797 192 3850 ,onem
226 3776 497 3862 &magisterium
527 3799 624 3861 snpra
646 3776 838 3841 Ecclesiam:
867 3776 951 3862 quod
976 3797 1040 3838 nou
1064 3773 1168 3858 magis
1195 3773 1353 3856 suscipere
1380 3793 1544 3855 possemus

89 3914 101 3940 ,
148 3889 194 3931 am
220 3866 377 3950 Papalam
403 3866 613 3950 tyrannidem,
637 3866 660 3929 tr
683 3865 851 3930 mallemus
870 3887 996 3929 rursum
1009 3865 1042 3928 in
1055 3862 1163 3926 abdito
1174 3883 1295 3946 repere,
1308 3867 1344 3926 nt
1357 3860 1458 3925 libera
1470 3881 1543 3924 con-

90 4003 101 4030 ,
152 3956 233 4020 entia
260 3954 405 4019 truamur
427 3977 475 4032 eo,
499 3955 582 4040 quud
610 3953 831 4038 Anabaptistis
846 3951 886 4017 ¹iu
903 3953 984 4018 falsa
997 3955 1138 4036 ipsorum
1155 3951 1309 4038 religione
1321 3973 1384 4014 non
1396 3953 1543 4035 negatur.

87 4041 104 4106 P
144 4049 188 4108 ast
203 4044 355 4108 hie'ordo
375 4043 584 4108 simihbrdine
604 4043 769 4108 illustrari.
782 4042 937 4129 Oonjugia
951 4040 1218 4107 contrahuntur&
1231 4041 1351 4104 suntin
1367 4038 1544 4123 Republica

86 4154 104 4194 c
172 4135 194 4198 tr
219 4133 281 4197 snb
305 4128 544 4217 approbatione,
567 4132 751 4211 directione,
761 4133 889 4216 judicio,
903 4130 1152 4209 confirmatione,
1166 4129 1348 4194 defensione
1361 4127 1543 4193 autoritatis

87 4243 104 4302 p
148 4223 264 4288 licaefi
276 4221 550 4304 architectonicae,
564 4243 646 4308 quae
659 4225 818 4305 estpeues
831 4222 934 4286 solum
946 4219 1127 4302 Principem
1140 4223 1196 4282 aut
1209 4217 1447 4303 Magistratum.
1461 4215 1543 4280 Gon-

87 4331 104 4372 a
152 4335 187 4377 ns
212 4311 292 4376 facit
315 4311 499 4396 conjugium
522 4310 590 4395 Oaji
615 4308 766 4394 &tejas
791 4309 853 4375 Hic
872 4310 1017 4375 formalis
1038 4329 1218 4386 consensus,
1240 4312 1296 4372 aut
1307 4305 1454 4372 Potestas
1468 4327 1545 4370 con·

87 4419 104 4460 s
148 4400 233 4465 ieudi
258 4399 441 4480 intrinseca,
464 4399 568 4484 prima
591 4399 788 4478 antecedens,
812 4401 924 4466 necin
948 4403 1051 4465 totum
1074 4417 1132 4462 uec
1158 4397 1226 4462 ulls
1247 4419 1288 4462 ex
1313 4399 1405 4481 parte
1427 4393 1543 4458 tribui-

497 4499 506 4516 ·
1491 4486 1544 4545 tur
