3752 4858
300 333 364 398 244
691 327 851 394 Pommms
866 323 1116 391 Ecenxsnsrrcna
1138 324 1220 390 Pras
1234 323 1260 390 Ι.
1284 325 1352 392 Ina.
1365 323 1409 390 11.

300 543 395 606 gana,
420 540 482 583 non
509 515 631 602 pigebit
656 514 843 580 exscribere.
865 511 918 578 Sic
929 533 1006 598 ergo
1018 511 1072 576 1119
1085 511 1118 576 19
1132 510 1368 577 Ρ1911991911911
1381 509 1563 597 (ironingae
1574 511 1695 592 tradita,
1706 515 1752 579 tt

299 603 771 782 (119119911919991981911991.
788 598 1253 687 Ρ19199991911199199999995
1266 607 1429 678 ,composa
1443 599 1527 665 Filio
1540 601 1622 665 editt
1632 599 1698 668 hoc.
1709 602 1752 665 n.

299 695 467 782 9191117.
498 715 572 780 pag.
633 693 649 755 7

348 785 524 864 „Posterior
547 787 595 847 991
619 782 703 846 inter
726 781 811 865 ipsos
831 780 947 844 fratres
964 779 1082 863 partim
1095 782 1206 844 tenues
1221 781 1244 846 11
1258 801 1423 862 pauperes,
1437 779 1555 863 partim
1567 781 1751 864 9991991991

300 875 445 954 „divites
470 873 514 938 Et
537 870 699 956 colligitur
721 893 759 934 ex
780 870 857 934 locis
872 869 1032 953 plerisque
1045 889 1127 952 9999
1140 868 1178 932 19
1195 867 1299 932 usuris
1315 873 1426 952 agunt.
1440 867 1602 952 Poupcres
1613 870 1752 954 compulsi

302 969 473 1050 ,egestate
487 961 526 1026 ad
538 983 572 1026 99
588 959 808 1043 familiamque
821 957 1062 1023 sustentandam
1074 961 1186 1022 mutuo
1201 956 1409 1041 accipiebant.
1434 957 1485 1022 Ab
1499 957 1549 1022 his
1563 981 1670 1024 usuras
1682 958 1751 1023 acci·

300 1076 395 1138 „pere
409 1051 499 1118 nefas
512 1055 590 1116 erat.
606 1048 632 1113 1.
647 1071 684 1113 ex
698 1048 769 1134 lege
782 1047 856 1112 Lev.
871 1049 923 1111 25.
941 1069 969 1112 9.
985 1047 1036 1110 35.
1051 1047 1103 1110 311.
1117 1044 1159 1110 Il.
1173 1046 1213 1110 ab
1231 1046 1375 1130 exemplo
1387 1044 1608 1111 1191991995.
1624 1071 1652 1112 v.
1666 1048 1693 1112 7.
1710 1049 1751 1121 lt,

302 1143 374 1220 ,ln
388 1141 446 1207 111.
461 1137 690 1206 9111111999.
704 1139 735 1202 6.
749 1160 778 1202 9.
792 1136 844 1200 38.
859 1159 923 1220 seq.
938 1135 1045 1219 Atque
1059 1140 1092 1198 in
1103 1134 1186 1199 hanc
1198 1136 1391 1198 sententiam
1403 1135 1587 1219 accipienda
1599 1141 1670 1200 sunt
1679 1137 1752 1200 dicta

302 1231 427 1310 ,omnia
449 1228 490 1294 V.
516 1227 554 1293 Τ.
579 1228 617 1292 19
641 1227 755 1305 usuris,
780 1248 861 1310 9999
885 1247 948 1289 999
973 1228 1041 1288 tam
1064 1223 1183 1288 forensi
1206 1223 1340 1302 ratione,
1363 1246 1459 1307 quam
1477 1225 1590 1289 morali
1606 1226 1751 1309 aequitate

302 1321 499 1398 ,nitunturb
512 1316 756 1383 confirmantur:
773 1337 873 1398 eoque
887 1313 964 1394 iuris
977 1317 1052 1378 sunt
1065 1312 1211 1398 perpetui
1223 1311 1324 1376 Exod.
1340 1313 1392 1377 22.
1406 1337 1435 1378 9.
1453 1315 1505 1379 25.
1520 1312 1594 1378 hev.
1609 1315 1750 1378 21931.

300 1411 372 1488 ,36.
390 1410 443 1473 37.
457 1407 553 1472 Dent.
566 1407 619 1471 23.
633 1429 661 1470 9.
676 1405 728 1469 21).
747 1403 831 1468 Ρ991.
849 1404 887 1466 15
905 1426 934 1467 9.
949 1403 979 1467 5.
992 1401 1085 1467 Prov.
1100 1401 1153 1465 28.
1170 1424 1200 1466 9.
1214 1401 1246 1466 8.
1262 1399 1329 1466 Jer.
1345 1401 1620 1468 1591189991.
1639 1404 1676 1466 18
1688 1426 1714 1466 v.
1726 1404 1750 1466 8.

300 1500 439 1577 „moires
460 1501 544 1574 sunt,
569 1495 624 1578 qni
648 1516 711 1559 non
733 1492 911 1578 indigentia
927 1492 1045 1575 9119911,
1058 1490 1112 1554 991
1124 1490 1170 1554 rei
1186 1490 1351 1575 angendae
1363 1491 1468 1555 studio
1480 1493 1630 1575 pecunias
1646 1492 1750 1557 alienas

298 1592 430 1667 ,mutnb
454 1584 624 1670 accipiunt,
636 1583 676 1647 iis
689 1582 887 1648 lucrantur&
900 1584 1068 1664 quaestum
1080 1579 1212 1643 faciunt.
1230 1578 1282 1642 Ab
1299 1579 1339 1642 iis
1351 1603 1464 1644 usuras
1476 1581 1618 1665 accipere
1631 1582 1749 1646 vetitum

299 1699 379 1755 ,999
404 1679 463 1742 est.
477 1673 636 1738 Probatur
648 1670 673 1736 1.
686 1694 724 1736 ex
735 1670 912 1736 interdictis
926 1690 1110 1734 usurarum:
1125 1690 1207 1754 quae
1222 1667 1273 1732 991
1286 1669 1524 1754 restringuntur
1539 1671 1703 1736 manifesti
1717 1671 1750 1734 ad

300 1787 484 1852 ,pauperes
499 1767 537 1828 ut
552 1764 706 1846 appareat
721 1759 880 1843 disparem
894 1781 962 1824 esse
975 1758 1111 1822 divitum
1127 1758 1300 1822 rationem:
1314 1757 1364 1821 vel
1378 1763 1461 1822 hunc
1473 1758 1570 1823 finem
1584 1759 1708 1838 habent,
1719 1782 1752 1822 ne

299 1855 477 1934 „tenuiores
491 1855 510 1916 a
522 1851 675 1916 divitibus
688 1848 927 1926 exhauriantur,
940 1846 1210 1931 opprimanturve.
1224 1843 1307 1909 Vide
1320 1844 1394 1910 Lev.
1408 1847 1459 1911 25.
1474 1870 1503 1911 9.
1518 1848 1570 1912 311.
1582 1849 1634 1912 37.
1646 1851 1668 1914 s
1680 1848 1751 1932 apud

299 1943 507 2028 ,Prophetas
534 1939 577 2005 ll.
592 1937 761 2003 anaturali
776 1937 953 2022 aequitate:
972 1934 1052 2000 Cum
1069 1935 1154 2000 enim
1170 1934 1313 2018 pecuniis
1326 1935 1440 2000 alienis
1456 1941 1624 2022 quaestum
1636 1937 1752 2010 faciant.
1847 1983 1848 1988 .

299 2055 454 2119 ,aequum
468 2034 526 2108 est.
541 2033 577 2093 ut
589 2028 622 2092 in
636 2026 925 2111 compensationem
938 2025 1080 2110 aliquam
1093 2025 1161 2107 ejus
1173 2027 1298 2106 partem
1311 2025 1500 2089 concedant:
1525 2048 1564 2090 ex
1578 2026 1633 2089 illo
1645 2025 1751 2090 Christi

299 2122 435 2200 ,Matth
460 2120 490 2184 7.
515 2142 546 2184 9.
572 2119 623 2182 12.
651 2115 740 2190 Quod
758 2112 1132 2198 maritumamque.
1146 2110 1205 2177 ΠΙ.
1219 2114 1238 2176 a
1245 2112 1317 2195 jare
1330 2114 1602 2194 commerciorum,
1615 2137 1692 2201 qnae
1705 2135 1753 2178 nec

299 2216 412 2290 ,stare
422 2229 525 2293 99999
538 2205 676 2272 exerceri
689 2205 810 2290 absque
823 2203 1021 2268 mutuatione
1034 2203 1057 2268 ta
1069 2223 1127 2285 pro
1135 2205 1173 2265 et
1181 2202 1438 2284 compensatione
1448 2207 1579 2289 999991.
1592 2203 1752 2268 11111999-

299 2349 311 2379 ,
316 2300 438 2385 galium
451 2319 512 2361 non
526 2296 634 2361 abolet
645 2293 779 2358 Politias
792 2297 848 2356 991
860 2292 1011 2357 19999199
1024 2291 1112 2375 leges
1125 2290 1234 2354 civiles
1246 2287 1364 2354 Matth.
1379 2291 1431 2354 22.
1444 2315 1472 2357 v.
1483 2293 1537 2356 21.
1548 2293 1629 2358 Dolo
1640 2293 1752 2360 Caesari

298 2410 395 2476 ,quac
414 2397 489 2453 saort
514 2385 666 2452 Caesaris.
692 2381 795 2469 Atqui
818 2381 893 2446 illae
917 2381 1073 2446 definiunt
1097 2401 1218 2456 usuras,
1243 2380 1266 2444 1
1287 2378 1499 2445 determinant
1513 2381 1553 2446 ad
1565 2387 1682 2448 certum
1694 2405 1752 2446 mc·
1847 2393 1849 2422 1

298 2477 462 2558 ,dumEr
486 2479 515 2540 ὸ.

343 2567 436 2647 ,Jam
448 2497 617 2650 utramque
630 2559 1050 2645 distinctionemsspecialem
1065 2557 1238 2622 conditioni
1249 2561 1430 2622 nostrorum
1446 2563 1628 2644 temporum
1640 2581 1750 2626 accom-

299 2657 491 2736 ,modemus

343 2747 409 2826 ,Ec
430 2745 537 2830 priore
559 2739 749 2827 colligimus.
775 2737 801 2806 l.
826 2737 918 2814 Quod
936 2737 1027 2803 nobis
1040 2737 1134 2801 liceat
1145 2735 1242 2800 etiam
1253 2735 1396 2820 accipere
1408 2759 1522 2802 usuras
1538 2739 1579 2803 ab
1592 2738 1750 2812 extraneis,

297 2835 412 2916 ,19119
427 2833 527 2909 Afris,
540 2829 663 2910 799919,
673 2828 887 2904 Americanis;
900 2827 1138 2913 idqucpropter
1146 2825 1199 2908 jus
1211 2825 1471 2890 commerciorum
1483 2847 1546 2892 non
1561 2833 1664 2894 autern
1678 2827 1751 2914 qnod

296 2923 472 3005 ,atterendi
484 2925 541 2985 aut
552 2918 761 3004 opprimendi.
778 2915 874 2999 Cujus
887 2916 1073 2980 mandatum
1085 2935 1148 2978 non
1165 2913 1331 2978 habemus.
1345 2912 1386 2979 ll.
1403 2913 1426 2978 J
1427 2915 1544 2982 udacos
1557 2918 1639 2982 circa
1651 2939 1750 2982 nsnras

297 3015 420 3094 ,minus
432 3031 562 3096 peccare
575 3031 671 3095 quam
684 3005 893 3072 Christianos.
907 3003 993 3068 Nam
1005 3007 1024 3068 1
1035 3003 1055 3068 J
1057 3002 1166 3066 udaeis
1177 3001 1260 3065 nihil
1272 3002 1448 3086 accipiunt:
1467 3003 1641 3070 Christiani
1655 3011 1749 3071 antem

297 3124 424 3183 ,amnes
447 3099 526 3184 ipsis
550 3097 693 3163 extranei
717 3099 801 3172 sunt,
827 3095 898 3181 lege
915 3093 972 3157 illa
983 3093 1080 3157 Dent.
1098 3092 1150 3156 23.
1165 3113 1193 3156 r.
1208 3092 1260 3155 20.
1274 3091 1504 3176 comprehensi.
1522 3095 1568 3159 At
1582 3095 1751 3182 99119991
1849 3125 1850 3156 l

296 3189 505 3273 ,Christianis
517 3187 551 3251 19
564 3185 762 3252 Christianos
776 3183 826 3248 hic
839 3182 1047 3247 admittitur?

341 3282 408 3360 ,Es
431 3278 599 3364 posteriore
621 3273 812 3360 colligimus,
835 3271 861 3337 l.
884 3271 975 3348 Quod
991 3270 1082 3335 nobis
1098 3269 1196 3335 etiam
1213 3271 1232 3333 a
1243 3268 1398 3335 fratribus
1411 3271 1576 3342 divitibus.
1590 3295 1655 3338 rem
1671 3294 1749 3337 suam
1849 3291 1850 3308 ¹

297 3369 507 3456 ,augentibus
530 3365 648 3430 nostris
659 3362 802 3448 pecuniis
815 3360 937 3447 aliquid
949 3359 1090 3444 accipere
1102 3358 1152 3423 fas
1164 3358 1223 3422 sit:
1238 3359 1330 3442 juxta
1343 3360 1493 3425 honestas
1505 3361 1604 3447 leges.
1618 3361 1658 3428 11.
1671 3360 1750 3438 Quod
1849 3411 1850 3440 ,

295 3458 500 3544 ,simpliciter
523 3452 692 3519 damnandi
715 3451 780 3516 sint
799 3472 908 3515 omnes
931 3447 1130 3533 trapezitae,
1153 3447 1377 3528 foeneratores,
1401 3448 1425 3514 19
1449 3451 1664 3530 nummularii,
1681 3471 1749 3536 quos
1849 3449 1850 3518 J

294 3549 410 3634 ,vulgb
418 3545 588 3627 1919191119
596 3545 721 3608 vocant?
731 3544 840 3624 utpote
849 3539 1037 3625 9911191119
1046 3559 1201 3622 pauperes
1211 3535 1386 3602 usurissuis
1395 3537 1750 3625 exhauriunttpraetcr
1849 3579 1850 3582 =

297 3640 379 3718 ,imb
402 3639 513 3702 contra
526 3654 664 3719 aequum
676 3629 845 3694 intendunt
860 3649 981 3692 usuras.
998 3625 1082 3702 Quin
1094 3625 1199 3710 ipsum
1215 3625 1299 3689 vitae
1311 3647 1413 3710 genus
1426 3632 1475 3691 991
1487 3650 1543 3711 per
1555 3651 1590 3694 99
1602 3629 1748 3694 illicitum.
1849 3627 1850 3658 ¹

335 3727 388 3792 Sic
411 3725 467 3789 ille
479 3724 512 3788 in
529 3721 643 3808 Belgio
658 3724 707 3785 tot
718 3717 810 3782 annis
822 3716 1003 3802 theologica
1015 3714 1221 3800 professione,
1234 3714 1331 3779 etiam
1343 3715 1377 3779 19
1389 3713 1544 3800 Synedrio
1557 3715 1749 3802 Groningano
1848 3731 1850 3758 ⁴

290 3815 430 3882 Senioris
455 3833 585 3878 munere
609 3810 737 3878 functus
762 3805 938 3890 Trapezitis
962 3803 1158 3869 nostratibus
1179 3802 1379 3868 Christianae
1392 3804 1415 3869 19
1430 3805 1558 3890 qnidcm
1573 3807 1663 3894 [pag.
1679 3803 1748 3888 788]
1849 3819 1850 3840 ³

290 3906 482 3970 reformatae
498 3899 649 3985 religioni
662 3895 795 3962 addictis
808 3894 869 3981 (uti
881 3893 1088 3978 profitentur)
1102 3892 1396 3957 condemnationem
1410 3893 1585 3960 mordentis
1599 3917 1707 3962 usurae
1719 3893 1747 3955 in

290 3993 436 4059 terminis
449 3989 647 4075 applicabat:
661 4009 731 4052 cum
746 3984 856 4049 multis
872 3983 963 4048 annis
980 3987 1053 4048 ante
1070 3984 1105 4048 in
1120 3981 1349 4049 Proclamat
1363 3981 1611 4069 Heidelberqenai
1626 3987 1708 4051 Part.
1721 3983 1746 4044 2.

288 4082 389 4168 99911.
413 4080 466 4144 21.
489 4077 621 4144 Judaeis
645 4076 700 4162 991
724 4075 758 4138 19
780 4071 951 4138 Germania
976 4070 1161 4136 manifestos
1188 4072 1211 4136 19
1242 4071 1386 4154 publicos
1398 4073 1570 4156 trapezitas
1585 4075 1746 4159 praestant,

291 4172 403 4236 iisdem
425 4167 603 4233 rationibus
615 4164 695 4230 illud
707 4162 922 4247 applicuisset.
935 4158 984 4226 De
996 4159 1222 4240 Ilistrionibno,
1236 4158 1441 4244 Thymelicis,
1454 4159 1674 4242 Funambulis,
1686 4161 1745 4226 Ma·

232 4314 256 4323 ,
290 4260 400 4324 sistris
420 4256 604 4336 saltatoriis,
618 4253 751 4339 aliisque
763 4251 904 4330 illicitas,
917 4250 1110 4333 periculosas
1123 4251 1146 4316 11
1158 4249 1275 4313 9119999
1286 4253 1371 4313 artes
1387 4251 1617 4331 exercentibus,
1630 4252 1659 4316 19
1672 4249 1744 4316 anti·

336 4350 361 4413 is
385 4346 534 4412 Conciliis
558 4349 642 4408 recte
666 4340 875 4406 determinata
888 4336 1217 4427 apprnlrnnrns.]Virle
1234 4339 1356 4423 quaein
1376 4339 1543 4424 1119999911
1560 4341 1589 4405 7.
1606 4339 1745 4406 Pramo

359 4437 475 4515 martiis,
489 4435 539 4500 199.
552 4430 777 4498 Sattationitns
790 4429 989 4512 collegimus
1699 4519 1708 4576 1

1714 4521 1742 4576 n.
