<?xml version="1.0" encoding="UTF-8"?>
<!DOCTYPE html PUBLIC "-//W3C//DTD XHTML 1.0 Transitional//EN"
    "http://www.w3.org/TR/xhtml1/DTD/xhtml1-transitional.dtd">
<html xmlns="http://www.w3.org/1999/xhtml" xml:lang="en" lang="en">
 <head>
  <title>
</title>
<meta http-equiv="Content-Type" content="text/html;charset=utf-8" />
  <meta name='ocr-system' content='tesseract 3.04.00' />
  <meta name='ocr-capabilities' content='ocr_page ocr_carea ocr_par ocr_line ocrx_word'/>
</head>
<body>
  <div class='ocr_page' id='page_1' title='image "./gisbertivoetiit00rutggoog_0096.png"; bbox 0 0 3732 4840; ppageno 0'>
   <div class='ocr_carea' id='block_1_1' title="bbox 318 197 1565 328">
    <p class='ocr_par' dir='ltr' id='par_1_1' title="bbox 318 197 1565 328">
     <span class='ocr_line' id='line_1_1' title="bbox 318 197 1565 328; baseline 0.006 -14"><span class='ocrx_word' id='word_1_1' title='bbox 318 248 360 315; x_wconf 90' lang='grc'>66</span> <span class='ocrx_word' id='word_1_2' title='bbox 526 247 640 328; x_wconf 82' lang='lat' dir='ltr'>Pnas</span> <span class='ocrx_word' id='word_1_3' title='bbox 673 229 795 320; x_wconf 51' lang='lat' dir='ltr'>IsDe</span> <span class='ocrx_word' id='word_1_4' title='bbox 830 249 1031 320; x_wconf 80' lang='lat' dir='ltr'>Oereoro</span> <span class='ocrx_word' id='word_1_5' title='bbox 1068 252 1217 320; x_wconf 83' lang='lat' dir='ltr'>Pocrr.</span> <span class='ocrx_word' id='word_1_6' title='bbox 1253 197 1378 322; x_wconf 74' lang='lat' dir='ltr'>Ecba</span> <span class='ocrx_word' id='word_1_7' title='bbox 1414 251 1505 320; x_wconf 82' lang='lat' dir='ltr'>bre.</span> <span class='ocrx_word' id='word_1_8' title='bbox 1541 251 1565 321; x_wconf 93' lang='grc' dir='ltr'>Ι.</span> 
     </span>
    </p>
   </div>
   <div class='ocr_carea' id='block_1_2' title="bbox 263 437 1794 4524">
    <p class='ocr_par' dir='ltr' id='par_1_2' title="bbox 263 437 1794 4460">
     <span class='ocr_line' id='line_1_2' title="bbox 318 437 1794 530; baseline 0.006 -28"><span class='ocrx_word' id='word_1_9' title='bbox 318 437 438 522; x_wconf 84' lang='lat' dir='ltr'>absque</span> <span class='ocrx_word' id='word_1_10' title='bbox 459 442 516 505; x_wconf 80' lang='lat' dir='ltr'>tua</span> <span class='ocrx_word' id='word_1_11' title='bbox 539 441 644 526; x_wconf 78' lang='lat' dir='ltr'>culpa,</span> <span class='ocrx_word' id='word_1_12' title='bbox 663 440 755 526; x_wconf 89' lang='lat' dir='ltr'>parvi</span> <span class='ocrx_word' id='word_1_13' title='bbox 776 443 997 507; x_wconf 72' lang='lat' dir='ltr'>aestimentur:</span> <span class='ocrx_word' id='word_1_14' title='bbox 1019 441 1148 508; x_wconf 88' lang='lat' dir='ltr'>interim</span> <span class='ocrx_word' id='word_1_15' title='bbox 1166 441 1304 528; x_wconf 88' lang='lat' dir='ltr'>Collegis</span> <span class='ocrx_word' id='word_1_16' title='bbox 1325 443 1389 508; x_wconf 90' lang='lat' dir='ltr'>tuis</span> <span class='ocrx_word' id='word_1_17' title='bbox 1407 443 1565 530; x_wconf 86' lang='lat' dir='ltr'>indignari</span> <span class='ocrx_word' id='word_1_18' title='bbox 1577 447 1633 508; x_wconf 92' lang='lat' dir='ltr'>aut</span> <span class='ocrx_word' id='word_1_19' title='bbox 1646 443 1794 510; x_wconf 84' lang='lat' dir='ltr'>invidere</span> 
     </span>
     <span class='ocr_line' id='line_1_3' title="bbox 315 529 1791 618; baseline 0.005 -26"><span class='ocrx_word' id='word_1_20' title='bbox 315 549 379 592; x_wconf 90' lang='lat' dir='ltr'>non</span> <span class='ocrx_word' id='word_1_21' title='bbox 400 529 485 610; x_wconf 90' lang='lat' dir='ltr'>licet,</span> <span class='ocrx_word' id='word_1_22' title='bbox 497 553 555 596; x_wconf 89' lang='lat' dir='ltr'>nec</span> <span class='ocrx_word' id='word_1_23' title='bbox 577 531 727 598; x_wconf 87' lang='lat' dir='ltr'>adversus</span> <span class='ocrx_word' id='word_1_24' title='bbox 742 529 847 596; x_wconf 89' lang='lat' dir='ltr'>Deum</span> <span class='ocrx_word' id='word_1_25' title='bbox 863 553 1071 597; x_wconf 80' lang='lat' dir='ltr'><strong>murmurare.</strong></span> <span class='ocrx_word' id='word_1_26' title='bbox 1096 530 1131 596; x_wconf 85' lang='lat' dir='ltr'>Si</span> <span class='ocrx_word' id='word_1_27' title='bbox 1148 531 1230 596; x_wconf 90' lang='lat' dir='ltr'>dona</span> <span class='ocrx_word' id='word_1_28' title='bbox 1245 535 1301 595; x_wconf 87' lang='lat' dir='ltr'>tua</span> <span class='ocrx_word' id='word_1_29' title='bbox 1313 531 1467 599; x_wconf 90' lang='lat' dir='ltr'>inferiora</span> <span class='ocrx_word' id='word_1_30' title='bbox 1483 538 1567 611; x_wconf 87' lang='lat' dir='ltr'>sunt,</span> <span class='ocrx_word' id='word_1_31' title='bbox 1580 535 1791 618; x_wconf 87' lang='lat' dir='ltr'>agnoscende</span> 
     </span>
     <span class='ocr_line' id='line_1_4' title="bbox 317 616 1787 706; baseline 0.004 -24"><span class='ocrx_word' id='word_1_32' title='bbox 317 621 366 682; x_wconf 86' lang='lat' dir='ltr'>est</span> <span class='ocrx_word' id='word_1_33' title='bbox 378 616 440 683; x_wconf 89' lang='lat' dir='ltr'>Dei</span> <span class='ocrx_word' id='word_1_34' title='bbox 452 620 660 704; x_wconf 84' lang='lat' dir='ltr'>providentie,</span> <span class='ocrx_word' id='word_1_35' title='bbox 673 620 729 705; x_wconf 92' lang='lat' dir='ltr'>qui</span> <span class='ocrx_word' id='word_1_36' title='bbox 742 621 838 686; x_wconf 88' lang='lat' dir='ltr'>istam</span> <span class='ocrx_word' id='word_1_37' title='bbox 851 623 1006 688; x_wconf 90' lang='lat' dir='ltr'>donorum</span> <span class='ocrx_word' id='word_1_38' title='bbox 1018 621 1235 686; x_wconf 77' lang='lat' dir='ltr'><strong>minoritatem</strong></span> <span class='ocrx_word' id='word_1_39' title='bbox 1247 620 1344 686; x_wconf 84' lang='lat' dir='ltr'>faciet</span> <span class='ocrx_word' id='word_1_40' title='bbox 1359 623 1419 686; x_wconf 87' lang='lat' dir='ltr'>tibi</span> <span class='ocrx_word' id='word_1_41' title='bbox 1433 622 1594 706; x_wconf 90' lang='lat' dir='ltr'>cooperari</span> <span class='ocrx_word' id='word_1_42' title='bbox 1605 622 1640 686; x_wconf 92' lang='lat' dir='ltr'>in</span> <span class='ocrx_word' id='word_1_43' title='bbox 1649 623 1787 702; x_wconf 89' lang='lat' dir='ltr'>bonum,</span> 
     </span>
     <span class='ocr_line' id='line_1_5' title="bbox 317 706 1786 797; baseline 0.004 -27"><span class='ocrx_word' id='word_1_44' title='bbox 317 706 503 791; x_wconf 80' lang='lat' dir='ltr'>dispensans</span> <span class='ocrx_word' id='word_1_45' title='bbox 523 709 694 794; x_wconf 90' lang='lat' dir='ltr'>unicuique</span> <span class='ocrx_word' id='word_1_46' title='bbox 714 732 896 776; x_wconf 89' lang='lat' dir='ltr'>mensuram</span> <span class='ocrx_word' id='word_1_47' title='bbox 917 710 1040 797; x_wconf 87' lang='lat' dir='ltr'>gratiae</span> <span class='ocrx_word' id='word_1_48' title='bbox 1057 733 1116 795; x_wconf 92' lang='lat' dir='ltr'>pro</span> <span class='ocrx_word' id='word_1_49' title='bbox 1128 710 1338 793; x_wconf 87' lang='lat' dir='ltr'>beneplacito.</span> <span class='ocrx_word' id='word_1_50' title='bbox 1362 709 1471 777; x_wconf 83' lang='lat' dir='ltr'>Lauda</span> <span class='ocrx_word' id='word_1_51' title='bbox 1484 709 1545 775; x_wconf 87' lang='lat' dir='ltr'>Dei</span> <span class='ocrx_word' id='word_1_52' title='bbox 1557 711 1738 776; x_wconf 85' lang='lat' dir='ltr'>bonitatem</span> <span class='ocrx_word' id='word_1_53' title='bbox 1751 714 1786 776; x_wconf 93' lang='lat' dir='ltr'>in</span> 
     </span>
     <span class='ocr_line' id='line_1_6' title="bbox 318 794 1786 886; baseline 0.002 -24"><span class='ocrx_word' id='word_1_54' title='bbox 318 794 457 883; x_wconf 85' lang='lat' dir='ltr'>Collegis</span> <span class='ocrx_word' id='word_1_55' title='bbox 474 799 553 865; x_wconf 88' lang='lat' dir='ltr'>tuis:</span> <span class='ocrx_word' id='word_1_56' title='bbox 578 800 699 885; x_wconf 89' lang='lat' dir='ltr'>gratias</span> <span class='ocrx_word' id='word_1_57' title='bbox 718 799 820 864; x_wconf 90' lang='lat' dir='ltr'>eidem</span> <span class='ocrx_word' id='word_1_58' title='bbox 841 822 901 886; x_wconf 92' lang='lat' dir='ltr'>age</span> <span class='ocrx_word' id='word_1_59' title='bbox 925 823 982 885; x_wconf 94' lang='lat' dir='ltr'>pro</span> <span class='ocrx_word' id='word_1_60' title='bbox 1000 805 1148 865; x_wconf 74' lang='lat' dir='ltr'>mensura</span> <span class='ocrx_word' id='word_1_61' title='bbox 1166 799 1227 863; x_wconf 88' lang='lat' dir='ltr'>tibi</span> <span class='ocrx_word' id='word_1_62' title='bbox 1245 799 1375 877; x_wconf 80' lang='lat' dir='ltr'>collatt;</span> <span class='ocrx_word' id='word_1_63' title='bbox 1397 801 1502 866; x_wconf 90' lang='lat' dir='ltr'>minus</span> <span class='ocrx_word' id='word_1_64' title='bbox 1520 799 1605 864; x_wconf 86' lang='lat' dir='ltr'>enim</span> <span class='ocrx_word' id='word_1_65' title='bbox 1624 805 1681 865; x_wconf 89' lang='grc'>666</span> <span class='ocrx_word' id='word_1_66' title='bbox 1700 801 1786 865; x_wconf 91' lang='lat' dir='ltr'>nihil</span> 
     </span>
     <span class='ocr_line' id='line_1_7' title="bbox 316 887 1784 973; baseline 0.003 -23"><span class='ocrx_word' id='word_1_67' title='bbox 316 887 472 968; x_wconf 87' lang='lat' dir='ltr'>potuisset</span> <span class='ocrx_word' id='word_1_68' title='bbox 496 888 654 968; x_wconf 89' lang='lat' dir='ltr'>conferre;</span> <span class='ocrx_word' id='word_1_69' title='bbox 668 893 741 973; x_wconf 88' lang='lat' dir='ltr'>pete</span> <span class='ocrx_word' id='word_1_70' title='bbox 754 890 794 954; x_wconf 89' lang='lat' dir='ltr'>ab</span> <span class='ocrx_word' id='word_1_71' title='bbox 810 890 865 954; x_wconf 92' lang='lat' dir='ltr'>illo</span> <span class='ocrx_word' id='word_1_72' title='bbox 878 891 1119 954; x_wconf 89' lang='lat' dir='ltr'>incrementum:</span> <span class='ocrx_word' id='word_1_73' title='bbox 1133 888 1205 954; x_wconf 87' lang='lat' dir='ltr'>eliis</span> <span class='ocrx_word' id='word_1_74' title='bbox 1218 889 1408 972; x_wconf 84' lang='lat' dir='ltr'>quibusdam</span> <span class='ocrx_word' id='word_1_75' title='bbox 1422 889 1653 955; x_wconf 79' lang='lat' dir='ltr'>Ecclesiasticis</span> <span class='ocrx_word' id='word_1_76' title='bbox 1664 889 1784 956; x_wconf 85' lang='lat' dir='ltr'>officiis</span> 
     </span>
     <span class='ocr_line' id='line_1_8' title="bbox 317 973 1786 1065; baseline 0.005 -28"><span class='ocrx_word' id='word_1_77' title='bbox 317 973 453 1040; x_wconf 90' lang='lat' dir='ltr'>fideliter</span> <span class='ocrx_word' id='word_1_78' title='bbox 466 979 488 1044; x_wconf 79' lang='lat' dir='ltr'>du</span> <span class='ocrx_word' id='word_1_79' title='bbox 500 977 620 1043; x_wconf 76' lang='lat' dir='ltr'>fervide</span> <span class='ocrx_word' id='word_1_80' title='bbox 632 979 789 1056; x_wconf 85' lang='lat' dir='ltr'>curandis,</span> <span class='ocrx_word' id='word_1_81' title='bbox 801 979 861 1044; x_wconf 91' lang='lat' dir='ltr'>hoc</span> <span class='ocrx_word' id='word_1_82' title='bbox 873 1001 1053 1064; x_wconf 87' lang='lat' dir='ltr'>compensa,</span> <span class='ocrx_word' id='word_1_83' title='bbox 1066 980 1150 1063; x_wconf 92' lang='lat' dir='ltr'>quod</span> <span class='ocrx_word' id='word_1_84' title='bbox 1162 978 1252 1042; x_wconf 92' lang='lat' dir='ltr'>donis</span> <span class='ocrx_word' id='word_1_85' title='bbox 1261 978 1467 1044; x_wconf 91' lang='lat' dir='ltr'>concionandi</span> <span class='ocrx_word' id='word_1_86' title='bbox 1479 983 1643 1065; x_wconf 89' lang='lat' dir='ltr'>praestare</span> <span class='ocrx_word' id='word_1_87' title='bbox 1656 981 1786 1064; x_wconf 86' lang='lat' dir='ltr'>nequis.</span> 
     </span>
     <span class='ocr_line' id='line_1_9' title="bbox 316 1059 1786 1154; baseline 0.004 -26"><span class='ocrx_word' id='word_1_88' title='bbox 316 1059 374 1128; x_wconf 82' lang='lat' dir='ltr'>Sin</span> <span class='ocrx_word' id='word_1_89' title='bbox 398 1065 479 1130; x_wconf 88' lang='grc'><strong>6666</strong></span> <span class='ocrx_word' id='word_1_90' title='bbox 497 1067 712 1149; x_wconf 89' lang='lat' dir='ltr'>concionandi,</span> <span class='ocrx_word' id='word_1_91' title='bbox 730 1068 855 1133; x_wconf 86' lang='lat' dir='ltr'>defectu</span> <span class='ocrx_word' id='word_1_92' title='bbox 867 1068 1063 1154; x_wconf 75' lang='lat' dir='ltr'>diligentiae,</span> <span class='ocrx_word' id='word_1_93' title='bbox 1076 1073 1132 1132; x_wconf 90' lang='grc'>666</span> <span class='ocrx_word' id='word_1_94' title='bbox 1147 1067 1217 1147; x_wconf 89' lang='lat' dir='ltr'>zeli,</span> <span class='ocrx_word' id='word_1_95' title='bbox 1228 1071 1288 1131; x_wconf 81' lang='lat' dir='ltr'>‘aut</span> <span class='ocrx_word' id='word_1_96' title='bbox 1300 1067 1431 1150; x_wconf 87' lang='lat' dir='ltr'>pietatis</span> <span class='ocrx_word' id='word_1_97' title='bbox 1443 1073 1528 1147; x_wconf 88' lang='lat' dir='ltr'>tuae,</span> <span class='ocrx_word' id='word_1_98' title='bbox 1542 1068 1678 1133; x_wconf 85' lang='lat' dir='ltr'>aliorum</span> <span class='ocrx_word' id='word_1_99' title='bbox 1689 1069 1786 1134; x_wconf 86' lang='lat' dir='ltr'>donis</span> 
     </span>
     <span class='ocr_line' id='line_1_10' title="bbox 316 1152 1783 1244; baseline 0.004 -28"><span class='ocrx_word' id='word_1_100' title='bbox 316 1152 382 1218; x_wconf 88' lang='lat' dir='ltr'>sint</span> <span class='ocrx_word' id='word_1_101' title='bbox 393 1153 553 1239; x_wconf 88' lang='lat' dir='ltr'>inferiora,</span> <span class='ocrx_word' id='word_1_102' title='bbox 567 1155 692 1222; x_wconf 90' lang='lat' dir='ltr'>animus</span> <span class='ocrx_word' id='word_1_103' title='bbox 708 1157 748 1222; x_wconf 90' lang='lat' dir='ltr'>ad</span> <span class='ocrx_word' id='word_1_104' title='bbox 760 1157 917 1223; x_wconf 88' lang='lat' dir='ltr'>ferventes</span> <span class='ocrx_word' id='word_1_105' title='bbox 929 1181 1049 1242; x_wconf 90' lang='lat' dir='ltr'>preces,</span> <span class='ocrx_word' id='word_1_106' title='bbox 1063 1157 1178 1222; x_wconf 88' lang='lat' dir='ltr'>seriam</span> <span class='ocrx_word' id='word_1_107' title='bbox 1191 1157 1453 1240; x_wconf 83' lang='lat' dir='ltr'>resipiscentiam,</span> <span class='ocrx_word' id='word_1_108' title='bbox 1467 1157 1627 1223; x_wconf 87' lang='lat' dir='ltr'>assiduam</span> <span class='ocrx_word' id='word_1_109' title='bbox 1641 1158 1783 1244; x_wconf 91' lang='lat' dir='ltr'>diligen·</span> 
     </span>
     <span class='ocr_line' id='line_1_11' title="bbox 316 1242 1786 1330; baseline 0.005 -25"><span class='ocrx_word' id='word_1_110' title='bbox 316 1242 395 1307; x_wconf 89' lang='lat' dir='ltr'>tiam</span> <span class='ocrx_word' id='word_1_111' title='bbox 411 1246 649 1326; x_wconf 84' lang='lat' dir='ltr'>convertendus,</span> <span class='ocrx_word' id='word_1_112' title='bbox 663 1249 686 1313; x_wconf 76' lang='grc'>6</span> <span class='ocrx_word' id='word_1_113' title='bbox 701 1247 740 1312; x_wconf 88' lang='lat' dir='ltr'>ab</span> <span class='ocrx_word' id='word_1_114' title='bbox 754 1247 840 1312; x_wconf 91' lang='lat' dir='ltr'>omni</span> <span class='ocrx_word' id='word_1_115' title='bbox 853 1248 1013 1312; x_wconf 92' lang='lat' dir='ltr'>mundano</span> <span class='ocrx_word' id='word_1_116' title='bbox 1025 1247 1091 1312; x_wconf 85' lang='lat' dir='ltr'>sive</span> <span class='ocrx_word' id='word_1_117' title='bbox 1106 1248 1173 1312; x_wconf 89' lang='lat' dir='ltr'>otio</span> <span class='ocrx_word' id='word_1_118' title='bbox 1188 1246 1254 1311; x_wconf 88' lang='lat' dir='ltr'>sive</span> <span class='ocrx_word' id='word_1_119' title='bbox 1269 1247 1398 1330; x_wconf 88' lang='lat' dir='ltr'>negotio</span> <span class='ocrx_word' id='word_1_120' title='bbox 1415 1247 1615 1312; x_wconf 85' lang='lat' dir='ltr'>avertendus.</span> <span class='ocrx_word' id='word_1_121' title='bbox 1635 1246 1786 1312; x_wconf 84' lang='lat' dir='ltr'>Breviter</span> 
     </span>
     <span class='ocr_line' id='line_1_12' title="bbox 315 1333 1786 1421; baseline 0.003 -25"><span class='ocrx_word' id='word_1_122' title='bbox 315 1333 400 1398; x_wconf 88' lang='lat' dir='ltr'>absit</span> <span class='ocrx_word' id='word_1_123' title='bbox 416 1335 507 1400; x_wconf 91' lang='lat' dir='ltr'>modo</span> <span class='ocrx_word' id='word_1_124' title='bbox 519 1335 658 1421; x_wconf 83' lang='lat' dir='ltr'>ignavia,</span> <span class='ocrx_word' id='word_1_125' title='bbox 675 1336 839 1415; x_wconf 82' lang='lat' dir='ltr'>securitas,</span> <span class='ocrx_word' id='word_1_126' title='bbox 853 1337 1012 1420; x_wconf 88' lang='lat' dir='ltr'>superbia,</span> <span class='ocrx_word' id='word_1_127' title='bbox 1027 1336 1157 1415; x_wconf 88' lang='lat' dir='ltr'>invidia,</span> <span class='ocrx_word' id='word_1_128' title='bbox 1173 1335 1345 1402; x_wconf 82' lang='lat' dir='ltr'>&amp;aberunt</span> <span class='ocrx_word' id='word_1_129' title='bbox 1357 1338 1575 1402; x_wconf 85' lang='lat' dir='ltr'>contentiosae</span> <span class='ocrx_word' id='word_1_130' title='bbox 1593 1337 1786 1401; x_wconf 88' lang='lat' dir='ltr'>aemulatio·</span> 
     </span>
     <span class='ocr_line' id='line_1_13' title="bbox 316 1425 1789 1511; baseline 0.003 -26"><span class='ocrx_word' id='word_1_131' title='bbox 316 1443 382 1503; x_wconf 91' lang='lat' dir='ltr'>nes,</span> <span class='ocrx_word' id='word_1_132' title='bbox 404 1445 484 1508; x_wconf 90' lang='lat' dir='ltr'>quae</span> <span class='ocrx_word' id='word_1_133' title='bbox 508 1447 571 1490; x_wconf 91' lang='lat' dir='ltr'>non</span> <span class='ocrx_word' id='word_1_134' title='bbox 591 1448 663 1490; x_wconf 89' lang='lat' dir='ltr'>raro</span> <span class='ocrx_word' id='word_1_135' title='bbox 678 1426 712 1490; x_wconf 93' lang='lat' dir='ltr'>in</span> <span class='ocrx_word' id='word_1_136' title='bbox 728 1426 901 1511; x_wconf 89' lang='lat' dir='ltr'>majoribus</span> <span class='ocrx_word' id='word_1_137' title='bbox 914 1425 1107 1502; x_wconf 90' lang='lat' dir='ltr'>civitatibus,</span> <span class='ocrx_word' id='word_1_138' title='bbox 1120 1425 1269 1510; x_wconf 81' lang='lat' dir='ltr'>Collegae</span> <span class='ocrx_word' id='word_1_139' title='bbox 1281 1425 1315 1488; x_wconf 94' lang='lat' dir='ltr'>in</span> <span class='ocrx_word' id='word_1_140' title='bbox 1328 1425 1438 1490; x_wconf 90' lang='lat' dir='ltr'>eodem</span> <span class='ocrx_word' id='word_1_141' title='bbox 1452 1425 1628 1491; x_wconf 82' lang='lat' dir='ltr'>ministario</span> <span class='ocrx_word' id='word_1_142' title='bbox 1640 1433 1789 1510; x_wconf 89' lang='lat' dir='ltr'>coquunt</span> 
     </span>
     <span class='ocr_line' id='line_1_14' title="bbox 315 1512 1787 1600; baseline 0.004 -26"><span class='ocrx_word' id='word_1_143' title='bbox 315 1515 411 1596; x_wconf 85' lang='lat' dir='ltr'>atque</span> <span class='ocrx_word' id='word_1_144' title='bbox 430 1520 586 1580; x_wconf 85' lang='lat' dir='ltr'>exercent.</span> <span class='ocrx_word' id='word_1_145' title='bbox 611 1512 673 1580; x_wconf 84' lang='lat' dir='ltr'>Sed</span> <span class='ocrx_word' id='word_1_146' title='bbox 692 1516 766 1600; x_wconf 88' lang='lat' dir='ltr'>plus</span> <span class='ocrx_word' id='word_1_147' title='bbox 783 1515 860 1580; x_wconf 88' lang='lat' dir='ltr'>satis</span> <span class='ocrx_word' id='word_1_148' title='bbox 873 1515 1024 1580; x_wconf 89' lang='lat' dir='ltr'>adversus</span> <span class='ocrx_word' id='word_1_149' title='bbox 1037 1514 1218 1579; x_wconf 89' lang='lat' dir='ltr'>scabrosam</span> <span class='ocrx_word' id='word_1_150' title='bbox 1233 1516 1256 1580; x_wconf 76' lang='lat' dir='ltr'>b</span> <span class='ocrx_word' id='word_1_151' title='bbox 1271 1516 1474 1598; x_wconf 83' lang='lat' dir='ltr'>nugatoriam</span> <span class='ocrx_word' id='word_1_152' title='bbox 1486 1515 1569 1582; x_wconf 89' lang='lat' dir='ltr'>hauc</span> <span class='ocrx_word' id='word_1_153' title='bbox 1583 1515 1787 1599; x_wconf 86' lang='lat' dir='ltr'>quorundam</span> 
     </span>
     <span class='ocr_line' id='line_1_15' title="bbox 315 1600 1783 1688; baseline 0.003 -23"><span class='ocrx_word' id='word_1_154' title='bbox 315 1600 585 1687; x_wconf 88' lang='lat' dir='ltr'>disceptationem.</span> <span class='ocrx_word' id='word_1_155' title='bbox 604 1643 644 1652; x_wconf 97' lang='lat'><em>-</em></span> <span class='ocrx_word' id='word_1_156' title='bbox 658 1603 715 1670; x_wconf 91' lang='lat' dir='ltr'>IV.</span> <span class='ocrx_word' id='word_1_157' title='bbox 734 1607 858 1688; x_wconf 69' lang='lat' dir='ltr'>Quaeri.</span> <span class='ocrx_word' id='word_1_158' title='bbox 883 1604 934 1668; x_wconf 85' lang='lat' dir='ltr'>An</span> <span class='ocrx_word' id='word_1_159' title='bbox 950 1603 1112 1669; x_wconf 76' lang='lat' dir='ltr'>Ecclesiae</span> <span class='ocrx_word' id='word_1_160' title='bbox 1128 1604 1259 1684; x_wconf 75' lang='lat' dir='ltr'>ruraleS,</span> <span class='ocrx_word' id='word_1_161' title='bbox 1276 1608 1332 1668; x_wconf 89' lang='lat' dir='ltr'>aut</span> <span class='ocrx_word' id='word_1_162' title='bbox 1348 1604 1526 1688; x_wconf 87' lang='lat' dir='ltr'>oppidanae</span> <span class='ocrx_word' id='word_1_163' title='bbox 1543 1606 1584 1670; x_wconf 88' lang='lat' dir='ltr'>ab</span> <span class='ocrx_word' id='word_1_164' title='bbox 1596 1605 1716 1670; x_wconf 88' lang='lat' dir='ltr'>urbicis</span> <span class='ocrx_word' id='word_1_165' title='bbox 1734 1605 1783 1669; x_wconf 89' lang='lat' dir='ltr'>ita</span> 
     </span>
     <span class='ocr_line' id='line_1_16' title="bbox 315 1689 1786 1778; baseline 0.001 -23"><span class='ocrx_word' id='word_1_166' title='bbox 315 1689 563 1778; x_wconf 88' lang='lat' dir='ltr'>distinguantur,</span> <span class='ocrx_word' id='word_1_167' title='bbox 583 1699 620 1758; x_wconf 90' lang='lat' dir='ltr'>ut</span> <span class='ocrx_word' id='word_1_168' title='bbox 642 1694 723 1759; x_wconf 87' lang='lat' dir='ltr'>istae</span> <span class='ocrx_word' id='word_1_169' title='bbox 745 1696 831 1760; x_wconf 89' lang='lat' dir='ltr'>solae</span> <span class='ocrx_word' id='word_1_170' title='bbox 847 1694 912 1758; x_wconf 88' lang='lat' dir='ltr'>sint</span> <span class='ocrx_word' id='word_1_171' title='bbox 925 1693 1095 1774; x_wconf 83' lang='lat' dir='ltr'>Ecclesiae,</span> <span class='ocrx_word' id='word_1_172' title='bbox 1109 1697 1166 1758; x_wconf 88' lang='lat' dir='ltr'>aut</span> <span class='ocrx_word' id='word_1_173' title='bbox 1177 1693 1304 1777; x_wconf 80' lang='lat' dir='ltr'>proprie</span> <span class='ocrx_word' id='word_1_174' title='bbox 1319 1692 1439 1758; x_wconf 89' lang='lat' dir='ltr'>dictae:</span> <span class='ocrx_word' id='word_1_175' title='bbox 1453 1693 1497 1759; x_wconf 85' lang='lat' dir='ltr'>Et</span> <span class='ocrx_word' id='word_1_176' title='bbox 1508 1719 1549 1759; x_wconf 92' lang='lat' dir='ltr'>an</span> <span class='ocrx_word' id='word_1_177' title='bbox 1565 1699 1699 1778; x_wconf 86' lang='lat' dir='ltr'>propter</span> <span class='ocrx_word' id='word_1_178' title='bbox 1709 1693 1786 1758; x_wconf 85' lang='lat' dir='ltr'>fre-</span> 
     </span>
     <span class='ocr_line' id='line_1_17' title="bbox 315 1781 1786 1869; baseline 0.003 -26"><span class='ocrx_word' id='word_1_179' title='bbox 315 1781 489 1862; x_wconf 91' lang='lat' dir='ltr'>quentiam,</span> <span class='ocrx_word' id='word_1_180' title='bbox 512 1784 560 1848; x_wconf 84' lang='lat' dir='ltr'>vel</span> <span class='ocrx_word' id='word_1_181' title='bbox 577 1787 709 1867; x_wconf 89' lang='lat' dir='ltr'>propter</span> <span class='ocrx_word' id='word_1_182' title='bbox 723 1783 893 1848; x_wconf 89' lang='lat' dir='ltr'>Politicam</span> <span class='ocrx_word' id='word_1_183' title='bbox 905 1783 1138 1868; x_wconf 85' lang='lat' dir='ltr'>praefecturam</span> <span class='ocrx_word' id='word_1_184' title='bbox 1152 1785 1174 1849; x_wconf 79' lang='lat' dir='ltr'>tu</span> <span class='ocrx_word' id='word_1_185' title='bbox 1187 1781 1427 1864; x_wconf 76' lang='lat' dir='ltr'>subiectionem,</span> <span class='ocrx_word' id='word_1_186' title='bbox 1440 1785 1492 1848; x_wconf 84' lang='lat' dir='ltr'>vel</span> <span class='ocrx_word' id='word_1_187' title='bbox 1508 1788 1641 1869; x_wconf 86' lang='lat' dir='ltr'>propter</span> <span class='ocrx_word' id='word_1_188' title='bbox 1652 1783 1729 1848; x_wconf 89' lang='lat' dir='ltr'>fidei</span> <span class='ocrx_word' id='word_1_189' title='bbox 1741 1784 1786 1848; x_wconf 90' lang='lat' dir='ltr'>ab</span> 
     </span>
     <span class='ocr_line' id='line_1_18' title="bbox 315 1871 1786 1959; baseline 0.002 -25"><span class='ocrx_word' id='word_1_190' title='bbox 315 1871 338 1934; x_wconf 77' lang='lat' dir='ltr'>dt</span> <span class='ocrx_word' id='word_1_191' title='bbox 357 1893 396 1934; x_wconf 86' lang='lat' dir='ltr'>ex</span> <span class='ocrx_word' id='word_1_192' title='bbox 412 1872 521 1936; x_wconf 73' lang='lat' dir='ltr'>urbica</span> <span class='ocrx_word' id='word_1_193' title='bbox 536 1872 569 1936; x_wconf 92' lang='lat' dir='ltr'>in</span> <span class='ocrx_word' id='word_1_194' title='bbox 583 1873 705 1938; x_wconf 89' lang='lat' dir='ltr'>rurales</span> <span class='ocrx_word' id='word_1_195' title='bbox 718 1874 993 1959; x_wconf 86' lang='lat' dir='ltr'>propagationem,</span> <span class='ocrx_word' id='word_1_196' title='bbox 1007 1872 1056 1936; x_wconf 87' lang='lat' dir='ltr'>vel</span> <span class='ocrx_word' id='word_1_197' title='bbox 1071 1877 1201 1957; x_wconf 91' lang='lat' dir='ltr'>propter</span> <span class='ocrx_word' id='word_1_198' title='bbox 1213 1871 1368 1936; x_wconf 88' lang='lat' dir='ltr'>ruralium</span> <span class='ocrx_word' id='word_1_199' title='bbox 1380 1873 1595 1938; x_wconf 87' lang='lat' dir='ltr'>voluntariam</span> <span class='ocrx_word' id='word_1_200' title='bbox 1608 1873 1786 1938; x_wconf 88' lang='lat' dir='ltr'>concessio-</span> 
     </span>
     <span class='ocr_line' id='line_1_19' title="bbox 315 1959 1787 2047; baseline 0.003 -25"><span class='ocrx_word' id='word_1_201' title='bbox 315 1981 399 2039; x_wconf 90' lang='lat' dir='ltr'>nem,</span> <span class='ocrx_word' id='word_1_202' title='bbox 412 1960 487 2025; x_wconf 92' lang='lat' dir='ltr'>hinc</span> <span class='ocrx_word' id='word_1_203' title='bbox 498 1966 611 2026; x_wconf 91' lang='lat' dir='ltr'>natum</span> <span class='ocrx_word' id='word_1_204' title='bbox 619 1963 673 2046; x_wconf 87' lang='lat' dir='ltr'>jus</span> <span class='ocrx_word' id='word_1_205' title='bbox 685 1961 971 2046; x_wconf 76' lang='lat' dir='ltr'>praescriptionis?</span> <span class='ocrx_word' id='word_1_206' title='bbox 988 1964 1079 2046; x_wconf 79' lang='lat' dir='ltr'>Resp.</span> <span class='ocrx_word' id='word_1_207' title='bbox 1097 1963 1169 2047; x_wconf 76' lang='lat' dir='ltr'>lVep.</span> <span class='ocrx_word' id='word_1_208' title='bbox 1184 1959 1284 2026; x_wconf 89' lang='lat' dir='ltr'>Nulla</span> <span class='ocrx_word' id='word_1_209' title='bbox 1296 1960 1382 2025; x_wconf 89' lang='lat' dir='ltr'>enim</span> <span class='ocrx_word' id='word_1_210' title='bbox 1394 1961 1528 2026; x_wconf 89' lang='lat' dir='ltr'>istarum</span> <span class='ocrx_word' id='word_1_211' title='bbox 1542 1984 1708 2028; x_wconf 86' lang='lat' dir='ltr'>causarum</span> <span class='ocrx_word' id='word_1_212' title='bbox 1722 1962 1787 2027; x_wconf 91' lang='lat' dir='ltr'>hoc</span> 
     </span>
     <span class='ocr_line' id='line_1_20' title="bbox 312 2048 1787 2135; baseline 0.003 -23"><span class='ocrx_word' id='word_1_213' title='bbox 312 2048 364 2132; x_wconf 88' lang='lat' dir='ltr'>jus</span> <span class='ocrx_word' id='word_1_214' title='bbox 376 2048 511 2114; x_wconf 90' lang='lat' dir='ltr'>fundare</span> <span class='ocrx_word' id='word_1_215' title='bbox 523 2056 640 2134; x_wconf 87' lang='lat' dir='ltr'>potest.</span> <span class='ocrx_word' id='word_1_216' title='bbox 654 2050 728 2116; x_wconf 87' lang='lat' dir='ltr'>Non</span> <span class='ocrx_word' id='word_1_217' title='bbox 742 2053 863 2129; x_wconf 76' lang='lat' dir='ltr'>Primo,</span> <span class='ocrx_word' id='word_1_218' title='bbox 874 2052 949 2135; x_wconf 87' lang='lat' dir='ltr'>quia</span> <span class='ocrx_word' id='word_1_219' title='bbox 961 2074 1113 2116; x_wconf 88' lang='lat' dir='ltr'>numerus</span> <span class='ocrx_word' id='word_1_220' title='bbox 1125 2051 1228 2134; x_wconf 87' lang='lat' dir='ltr'>major</span> <span class='ocrx_word' id='word_1_221' title='bbox 1240 2054 1297 2114; x_wconf 89' lang='lat' dir='ltr'>aut</span> <span class='ocrx_word' id='word_1_222' title='bbox 1307 2050 1411 2114; x_wconf 88' lang='lat' dir='ltr'>minor</span> <span class='ocrx_word' id='word_1_223' title='bbox 1423 2073 1485 2116; x_wconf 93' lang='lat' dir='ltr'>non</span> <span class='ocrx_word' id='word_1_224' title='bbox 1498 2052 1601 2117; x_wconf 87' lang='lat' dir='ltr'>variat</span> <span class='ocrx_word' id='word_1_225' title='bbox 1610 2051 1787 2117; x_wconf 88' lang='lat' dir='ltr'>essentiam</span> 
     </span>
     <span class='ocr_line' id='line_1_21' title="bbox 316 2138 1788 2226; baseline 0.003 -25"><span class='ocrx_word' id='word_1_226' title='bbox 316 2138 398 2203; x_wconf 88' lang='lat' dir='ltr'>entis</span> <span class='ocrx_word' id='word_1_227' title='bbox 418 2139 584 2220; x_wconf 86' lang='lat' dir='ltr'>collectivi,</span> <span class='ocrx_word' id='word_1_228' title='bbox 605 2163 632 2206; x_wconf 91' lang='lat' dir='ltr'>e.</span> <span class='ocrx_word' id='word_1_229' title='bbox 645 2162 693 2226; x_wconf 93' lang='lat' dir='ltr'>gr.</span> <span class='ocrx_word' id='word_1_230' title='bbox 714 2141 812 2220; x_wconf 88' lang='lat' dir='ltr'>urbis,</span> <span class='ocrx_word' id='word_1_231' title='bbox 828 2141 930 2226; x_wconf 89' lang='lat' dir='ltr'>regni,</span> <span class='ocrx_word' id='word_1_232' title='bbox 943 2141 1110 2219; x_wconf 85' lang='lat' dir='ltr'>exercitus,</span> <span class='ocrx_word' id='word_1_233' title='bbox 1125 2141 1262 2205; x_wconf 89' lang='lat' dir='ltr'>scholae.</span> <span class='ocrx_word' id='word_1_234' title='bbox 1276 2140 1405 2218; x_wconf 66' lang='lat' dir='ltr'>Doride,</span> <span class='ocrx_word' id='word_1_235' title='bbox 1420 2141 1536 2206; x_wconf 87' lang='lat' dir='ltr'>accidit</span> <span class='ocrx_word' id='word_1_236' title='bbox 1547 2140 1730 2226; x_wconf 90' lang='lat' dir='ltr'>aliquando,</span> <span class='ocrx_word' id='word_1_237' title='bbox 1749 2147 1788 2205; x_wconf 90' lang='lat' dir='ltr'>ut</span> 
     </span>
     <span class='ocr_line' id='line_1_22' title="bbox 315 2225 1787 2314; baseline 0.003 -24"><span class='ocrx_word' id='word_1_238' title='bbox 315 2225 348 2290; x_wconf 93' lang='lat' dir='ltr'>in</span> <span class='ocrx_word' id='word_1_239' title='bbox 361 2228 438 2292; x_wconf 86' lang='lat' dir='ltr'>vicis</span> <span class='ocrx_word' id='word_1_240' title='bbox 450 2229 522 2293; x_wconf 90' lang='lat' dir='ltr'>urbi</span> <span class='ocrx_word' id='word_1_241' title='bbox 534 2230 684 2314; x_wconf 87' lang='lat' dir='ltr'>subjectis</span> <span class='ocrx_word' id='word_1_242' title='bbox 696 2229 893 2314; x_wconf 87' lang='lat' dir='ltr'>frequentior</span> <span class='ocrx_word' id='word_1_243' title='bbox 906 2230 949 2295; x_wconf 89' lang='lat' dir='ltr'>sit</span> <span class='ocrx_word' id='word_1_244' title='bbox 959 2229 1102 2295; x_wconf 85' lang='lat' dir='ltr'>Ecclesia</span> <span class='ocrx_word' id='word_1_245' title='bbox 1118 2253 1214 2314; x_wconf 91' lang='lat' dir='ltr'>quam</span> <span class='ocrx_word' id='word_1_246' title='bbox 1227 2229 1260 2293; x_wconf 91' lang='lat' dir='ltr'>in</span> <span class='ocrx_word' id='word_1_247' title='bbox 1271 2229 1343 2313; x_wconf 73' lang='lat' dir='ltr'>ipsa</span> <span class='ocrx_word' id='word_1_248' title='bbox 1357 2229 1443 2295; x_wconf 91' lang='lat' dir='ltr'>urbe.</span> <span class='ocrx_word' id='word_1_249' title='bbox 1457 2229 1531 2296; x_wconf 86' lang='lat' dir='ltr'>Non</span> <span class='ocrx_word' id='word_1_250' title='bbox 1544 2231 1689 2305; x_wconf 75' lang='lat' dir='ltr'>serrendo,</span> <span class='ocrx_word' id='word_1_251' title='bbox 1704 2231 1787 2314; x_wconf 88' lang='lat' dir='ltr'>quia</span> 
     </span>
     <span class='ocr_line' id='line_1_23' title="bbox 316 2317 1786 2402; baseline 0.001 -22"><span class='ocrx_word' id='word_1_252' title='bbox 316 2337 451 2402; x_wconf 84' lang='lat' dir='ltr'>regnum</span> <span class='ocrx_word' id='word_1_253' title='bbox 471 2317 591 2384; x_wconf 79' lang='lat' dir='ltr'>Christi</span> <span class='ocrx_word' id='word_1_254' title='bbox 608 2341 674 2384; x_wconf 91' lang='lat' dir='ltr'>non</span> <span class='ocrx_word' id='word_1_255' title='bbox 694 2323 742 2384; x_wconf 89' lang='grc'>666</span> <span class='ocrx_word' id='word_1_256' title='bbox 762 2321 799 2384; x_wconf 87' lang='grc'>66</span> <span class='ocrx_word' id='word_1_257' title='bbox 815 2319 876 2384; x_wconf 94' lang='lat' dir='ltr'>hoc</span> <span class='ocrx_word' id='word_1_258' title='bbox 892 2319 1027 2396; x_wconf 85' lang='lat' dir='ltr'>mund03</span> <span class='ocrx_word' id='word_1_259' title='bbox 1052 2319 1181 2385; x_wconf 78' lang='lat' dir='ltr'>&amp;sicuti</span> <span class='ocrx_word' id='word_1_260' title='bbox 1194 2319 1227 2382; x_wconf 91' lang='lat' dir='ltr'>in</span> <span class='ocrx_word' id='word_1_261' title='bbox 1240 2318 1366 2384; x_wconf 89' lang='lat' dir='ltr'>Christo</span> <span class='ocrx_word' id='word_1_262' title='bbox 1378 2339 1441 2383; x_wconf 91' lang='lat' dir='ltr'>non</span> <span class='ocrx_word' id='word_1_263' title='bbox 1454 2323 1503 2384; x_wconf 88' lang='lat' dir='ltr'>est</span> <span class='ocrx_word' id='word_1_264' title='bbox 1516 2321 1685 2385; x_wconf 87' lang='lat' dir='ltr'>discrimen</span> <span class='ocrx_word' id='word_1_265' title='bbox 1695 2319 1786 2383; x_wconf 89' lang='lat' dir='ltr'>inter</span> 
     </span>
     <span class='ocr_line' id='line_1_24' title="bbox 316 2405 1786 2489; baseline 0.003 -20"><span class='ocrx_word' id='word_1_266' title='bbox 316 2405 478 2472; x_wconf 89' lang='lat' dir='ltr'>dominum</span> <span class='ocrx_word' id='word_1_267' title='bbox 491 2409 661 2487; x_wconf 74' lang='lat' dir='ltr'>&amp;servum</span> <span class='ocrx_word' id='word_1_268' title='bbox 674 2408 720 2472; x_wconf 88' lang='lat' dir='ltr'>sic</span> <span class='ocrx_word' id='word_1_269' title='bbox 730 2431 789 2474; x_wconf 88' lang='lat' dir='ltr'>nec</span> <span class='ocrx_word' id='word_1_270' title='bbox 804 2408 887 2473; x_wconf 90' lang='lat' dir='ltr'>inter</span> <span class='ocrx_word' id='word_1_271' title='bbox 898 2407 1075 2473; x_wconf 86' lang='lat' dir='ltr'>Ecclesiam</span> <span class='ocrx_word' id='word_1_272' title='bbox 1093 2407 1246 2488; x_wconf 88' lang='lat' dir='ltr'>urbicam,</span> <span class='ocrx_word' id='word_1_273' title='bbox 1259 2408 1443 2474; x_wconf 78' lang='lat' dir='ltr'>&amp;ruralem</span> <span class='ocrx_word' id='word_1_274' title='bbox 1459 2411 1590 2489; x_wconf 68' lang='lat' dir='ltr'>Deoida,</span> <span class='ocrx_word' id='word_1_275' title='bbox 1604 2414 1707 2474; x_wconf 88' lang='lat' dir='ltr'>totum</span> <span class='ocrx_word' id='word_1_276' title='bbox 1720 2408 1786 2473; x_wconf 92' lang='lat' dir='ltr'>hoc</span> 
     </span>
     <span class='ocr_line' id='line_1_25' title="bbox 315 2484 1785 2584; baseline 0.001 -25"><span class='ocrx_word' id='word_1_277' title='bbox 315 2484 484 2562; x_wconf 86' lang='lat' dir='ltr'>discrimen</span> <span class='ocrx_word' id='word_1_278' title='bbox 502 2497 586 2562; x_wconf 89' lang='lat' dir='ltr'>inter</span> <span class='ocrx_word' id='word_1_279' title='bbox 606 2497 691 2562; x_wconf 87' lang='lat' dir='ltr'>vicos</span> <span class='ocrx_word' id='word_1_280' title='bbox 707 2521 763 2562; x_wconf 91' lang='lat' dir='ltr'>seu</span> <span class='ocrx_word' id='word_1_281' title='bbox 776 2498 902 2582; x_wconf 87' lang='lat' dir='ltr'>oppida,</span> <span class='ocrx_word' id='word_1_282' title='bbox 919 2499 943 2563; x_wconf 77' lang='lat' dir='ltr'>b</span> <span class='ocrx_word' id='word_1_283' title='bbox 958 2497 1063 2576; x_wconf 88' lang='lat' dir='ltr'>urbes,</span> <span class='ocrx_word' id='word_1_284' title='bbox 1076 2497 1160 2562; x_wconf 90' lang='lat' dir='ltr'>inter</span> <span class='ocrx_word' id='word_1_285' title='bbox 1176 2497 1270 2562; x_wconf 88' lang='lat' dir='ltr'>urbes</span> <span class='ocrx_word' id='word_1_286' title='bbox 1283 2498 1511 2581; x_wconf 81' lang='lat' dir='ltr'>&amp;metropoles</span> <span class='ocrx_word' id='word_1_287' title='bbox 1524 2499 1645 2584; x_wconf 84' lang='lat' dir='ltr'>typhus</span> <span class='ocrx_word' id='word_1_288' title='bbox 1658 2497 1785 2562; x_wconf 89' lang='lat' dir='ltr'>saeculi</span> 
     </span>
     <span class='ocr_line' id='line_1_26' title="bbox 315 2585 1783 2674; baseline 0.001 -25"><span class='ocrx_word' id='word_1_289' title='bbox 315 2607 379 2650; x_wconf 92' lang='lat' dir='ltr'>una</span> <span class='ocrx_word' id='word_1_290' title='bbox 395 2607 467 2650; x_wconf 91' lang='lat' dir='ltr'>cum</span> <span class='ocrx_word' id='word_1_291' title='bbox 479 2585 645 2671; x_wconf 88' lang='lat' dir='ltr'>Episcopis</span> <span class='ocrx_word' id='word_1_292' title='bbox 658 2589 680 2653; x_wconf 77' lang='grc'>6</span> <span class='ocrx_word' id='word_1_293' title='bbox 692 2585 948 2671; x_wconf 86' lang='lat' dir='ltr'>Metropolitanis</span> <span class='ocrx_word' id='word_1_294' title='bbox 960 2587 994 2650; x_wconf 91' lang='lat' dir='ltr'>in</span> <span class='ocrx_word' id='word_1_295' title='bbox 1007 2586 1181 2652; x_wconf 86' lang='lat' dir='ltr'>Ecclesiam</span> <span class='ocrx_word' id='word_1_296' title='bbox 1193 2586 1325 2651; x_wconf 85' lang='lat' dir='ltr'>invexit.</span> <span class='ocrx_word' id='word_1_297' title='bbox 1340 2585 1414 2650; x_wconf 90' lang='lat' dir='ltr'>Non</span> <span class='ocrx_word' id='word_1_298' title='bbox 1432 2589 1543 2666; x_wconf 76' lang='lat' dir='ltr'>Tertia,</span> <span class='ocrx_word' id='word_1_299' title='bbox 1556 2587 1604 2653; x_wconf 90' lang='lat' dir='ltr'>uti</span> <span class='ocrx_word' id='word_1_300' title='bbox 1620 2589 1697 2672; x_wconf 82' lang='lat' dir='ltr'>Cap.</span> <span class='ocrx_word' id='word_1_301' title='bbox 1718 2608 1783 2674; x_wconf 79' lang='lat' dir='ltr'>seq.</span> 
     </span>
     <span class='ocr_line' id='line_1_27' title="bbox 316 2673 1785 2760; baseline 0.001 -22"><span class='ocrx_word' id='word_1_302' title='bbox 316 2675 509 2740; x_wconf 89' lang='lat' dir='ltr'>ostendimus</span> <span class='ocrx_word' id='word_1_303' title='bbox 530 2675 567 2742; x_wconf 85' lang='lat' dir='ltr'>de</span> <span class='ocrx_word' id='word_1_304' title='bbox 587 2678 728 2742; x_wconf 75' lang='lat' dir='ltr'>Ecclesiae</span> <span class='ocrx_word' id='word_1_305' title='bbox 752 2677 926 2742; x_wconf 79' lang='lat' dir='ltr'>Cotbedrol.</span> <span class='ocrx_word' id='word_1_306' title='bbox 948 2675 979 2741; x_wconf 82' lang='lat' dir='ltr'>d·</span> <span class='ocrx_word' id='word_1_307' title='bbox 999 2677 1183 2760; x_wconf 79' lang='lat' dir='ltr'>Metropolil.</span> <span class='ocrx_word' id='word_1_308' title='bbox 1204 2673 1279 2739; x_wconf 87' lang='lat' dir='ltr'>Non</span> <span class='ocrx_word' id='word_1_309' title='bbox 1294 2677 1424 2758; x_wconf 76' lang='lat' dir='ltr'>Quarto,</span> <span class='ocrx_word' id='word_1_310' title='bbox 1446 2676 1521 2760; x_wconf 91' lang='lat' dir='ltr'>quia</span> <span class='ocrx_word' id='word_1_311' title='bbox 1534 2677 1622 2742; x_wconf 89' lang='lat' dir='ltr'>nulla</span> <span class='ocrx_word' id='word_1_312' title='bbox 1635 2675 1785 2740; x_wconf 86' lang='lat' dir='ltr'>Ecclesia</span> 
     </span>
     <span class='ocr_line' id='line_1_28' title="bbox 312 2763 1785 2850; baseline 0.001 -22"><span class='ocrx_word' id='word_1_313' title='bbox 312 2763 365 2847; x_wconf 89' lang='lat' dir='ltr'>jus</span> <span class='ocrx_word' id='word_1_314' title='bbox 386 2786 422 2829; x_wconf 92' lang='lat' dir='ltr'>ac</span> <span class='ocrx_word' id='word_1_315' title='bbox 442 2769 633 2849; x_wconf 84' lang='lat' dir='ltr'>potestatem</span> <span class='ocrx_word' id='word_1_316' title='bbox 655 2766 848 2830; x_wconf 88' lang='lat' dir='ltr'>ordinariam</span> <span class='ocrx_word' id='word_1_317' title='bbox 869 2769 888 2830; x_wconf 79' lang='grc'>6</span> <span class='ocrx_word' id='word_1_318' title='bbox 908 2764 1035 2830; x_wconf 87' lang='lat' dir='ltr'>Christo</span> <span class='ocrx_word' id='word_1_319' title='bbox 1054 2764 1275 2830; x_wconf 87' lang='lat' dir='ltr'>concessamin</span> <span class='ocrx_word' id='word_1_320' title='bbox 1298 2765 1395 2828; x_wconf 87' lang='lat' dir='ltr'>aliam</span> <span class='ocrx_word' id='word_1_321' title='bbox 1406 2767 1580 2830; x_wconf 88' lang='lat' dir='ltr'>transferre</span> <span class='ocrx_word' id='word_1_322' title='bbox 1593 2769 1707 2850; x_wconf 89' lang='lat' dir='ltr'>potest,</span> <span class='ocrx_word' id='word_1_323' title='bbox 1722 2787 1785 2829; x_wconf 88' lang='lat' dir='ltr'>nec</span> 
     </span>
     <span class='ocr_line' id='line_1_29' title="bbox 315 2853 1784 2939; baseline -0.001 -21"><span class='ocrx_word' id='word_1_324' title='bbox 315 2853 380 2918; x_wconf 86' lang='lat' dir='ltr'>alia</span> <span class='ocrx_word' id='word_1_325' title='bbox 399 2875 470 2917; x_wconf 92' lang='lat' dir='ltr'>eam</span> <span class='ocrx_word' id='word_1_326' title='bbox 488 2854 639 2938; x_wconf 89' lang='lat' dir='ltr'>recipere,</span> <span class='ocrx_word' id='word_1_327' title='bbox 661 2855 687 2919; x_wconf 88' lang='lat' dir='ltr'>si</span> <span class='ocrx_word' id='word_1_328' title='bbox 708 2855 884 2920; x_wconf 87' lang='lat' dir='ltr'>offerretur.</span> <span class='ocrx_word' id='word_1_329' title='bbox 910 2855 1041 2933; x_wconf 80' lang='lat' dir='ltr'>Deinde,</span> <span class='ocrx_word' id='word_1_330' title='bbox 1059 2877 1116 2920; x_wconf 87' lang='lat' dir='ltr'>nos</span> <span class='ocrx_word' id='word_1_331' title='bbox 1129 2853 1247 2938; x_wconf 89' lang='lat' dir='ltr'>justius</span> <span class='ocrx_word' id='word_1_332' title='bbox 1262 2853 1395 2918; x_wconf 88' lang='lat' dir='ltr'>dicimus</span> <span class='ocrx_word' id='word_1_333' title='bbox 1408 2854 1445 2919; x_wconf 92' lang='lat' dir='ltr'>de</span> <span class='ocrx_word' id='word_1_334' title='bbox 1458 2855 1552 2920; x_wconf 91' lang='lat' dir='ltr'>rebus</span> <span class='ocrx_word' id='word_1_335' title='bbox 1564 2858 1587 2922; x_wconf 79' lang='lat' dir='ltr'>b</span> <span class='ocrx_word' id='word_1_336' title='bbox 1599 2854 1784 2939; x_wconf 86' lang='lat' dir='ltr'>privilegiis</span> 
     </span>
     <span class='ocr_line' id='line_1_30' title="bbox 315 2941 1783 3028; baseline 0 -22"><span class='ocrx_word' id='word_1_337' title='bbox 315 2942 545 3027; x_wconf 87' lang='lat' dir='ltr'>spiritualibus,</span> <span class='ocrx_word' id='word_1_338' title='bbox 566 2945 650 3028; x_wconf 93' lang='lat' dir='ltr'>quod</span> <span class='ocrx_word' id='word_1_339' title='bbox 671 2942 861 3009; x_wconf 86' lang='lat' dir='ltr'>Canonistae</span> <span class='ocrx_word' id='word_1_340' title='bbox 872 2943 910 3008; x_wconf 89' lang='lat' dir='ltr'>de</span> <span class='ocrx_word' id='word_1_341' title='bbox 922 2943 1018 3008; x_wconf 89' lang='lat' dir='ltr'>rebus</span> <span class='ocrx_word' id='word_1_342' title='bbox 1030 2944 1269 3028; x_wconf 90' lang='lat' dir='ltr'>temporalibus,</span> <span class='ocrx_word' id='word_1_343' title='bbox 1283 2941 1454 3022; x_wconf 89' lang='lat' dir='ltr'>Ecclesiae,</span> <span class='ocrx_word' id='word_1_344' title='bbox 1467 2966 1531 3008; x_wconf 93' lang='lat' dir='ltr'>non</span> <span class='ocrx_word' id='word_1_345' title='bbox 1544 2944 1711 3008; x_wconf 88' lang='lat' dir='ltr'>admittere</span> <span class='ocrx_word' id='word_1_346' title='bbox 1724 2966 1783 3008; x_wconf 88' lang='lat' dir='ltr'>eas</span> 
     </span>
     <span class='ocr_line' id='line_1_31' title="bbox 315 3031 1784 3119; baseline 0.001 -24"><span class='ocrx_word' id='word_1_347' title='bbox 315 3031 595 3116; x_wconf 84' lang='lat' dir='ltr'>praescriptionem</span> <span class='ocrx_word' id='word_1_348' title='bbox 619 3037 675 3097; x_wconf 89' lang='lat' dir='ltr'>aut</span> <span class='ocrx_word' id='word_1_349' title='bbox 694 3033 929 3118; x_wconf 90' lang='lat' dir='ltr'>usucapionem.</span> <span class='ocrx_word' id='word_1_350' title='bbox 954 3031 1103 3118; x_wconf 83' lang='lat' dir='ltr'>Regnum</span> <span class='ocrx_word' id='word_1_351' title='bbox 1124 3034 1214 3119; x_wconf 89' lang='lat' dir='ltr'>[pag.</span> <span class='ocrx_word' id='word_1_352' title='bbox 1230 3032 1288 3118; x_wconf 87' lang='grc'>76]</span> <span class='ocrx_word' id='word_1_353' title='bbox 1302 3031 1387 3096; x_wconf 82' lang='grc'><strong>6666</strong></span> <span class='ocrx_word' id='word_1_354' title='bbox 1399 3031 1519 3097; x_wconf 82' lang='lat' dir='ltr'>Christi</span> <span class='ocrx_word' id='word_1_355' title='bbox 1530 3055 1593 3098; x_wconf 92' lang='lat' dir='ltr'>non</span> <span class='ocrx_word' id='word_1_356' title='bbox 1606 3037 1654 3098; x_wconf 90' lang='lat' dir='ltr'>est</span> <span class='ocrx_word' id='word_1_357' title='bbox 1667 3033 1704 3096; x_wconf 89' lang='lat' dir='ltr'>de</span> <span class='ocrx_word' id='word_1_358' title='bbox 1718 3033 1784 3096; x_wconf 92' lang='lat' dir='ltr'>hoc</span> 
     </span>
     <span class='ocr_line' id='line_1_32' title="bbox 263 3120 1784 3207; baseline 0.001 -23"><span class='ocrx_word' id='word_1_359' title='bbox 263 3155 266 3162; x_wconf 80' lang='lat'><strong><em>‚</em></strong></span> <span class='ocrx_word' id='word_1_360' title='bbox 316 3121 443 3201; x_wconf 91' lang='lat' dir='ltr'>mundo,</span> <span class='ocrx_word' id='word_1_361' title='bbox 452 3143 513 3185; x_wconf 90' lang='lat' dir='ltr'>nee</span> <span class='ocrx_word' id='word_1_362' title='bbox 528 3122 567 3186; x_wconf 97' lang='grc'>66</span> <span class='ocrx_word' id='word_1_363' title='bbox 576 3122 649 3206; x_wconf 90' lang='lat' dir='ltr'>jura</span> <span class='ocrx_word' id='word_1_364' title='bbox 661 3122 869 3207; x_wconf 84' lang='lat' dir='ltr'>civiliahujus</span> <span class='ocrx_word' id='word_1_365' title='bbox 879 3122 988 3186; x_wconf 91' lang='lat' dir='ltr'>mundi</span> <span class='ocrx_word' id='word_1_366' title='bbox 995 3121 1144 3207; x_wconf 87' lang='lat' dir='ltr'>exigitur.</span> <span class='ocrx_word' id='word_1_367' title='bbox 1155 3161 1195 3170; x_wconf 88' lang='lat'>—</span> <span class='ocrx_word' id='word_1_368' title='bbox 1205 3121 1245 3186; x_wconf 93' lang='lat' dir='ltr'>V.</span> <span class='ocrx_word' id='word_1_369' title='bbox 1258 3123 1381 3203; x_wconf 81' lang='lat' dir='ltr'>Quuesl.</span> <span class='ocrx_word' id='word_1_370' title='bbox 1391 3120 1442 3184; x_wconf 90' lang='lat' dir='ltr'>An</span> <span class='ocrx_word' id='word_1_371' title='bbox 1452 3121 1628 3187; x_wconf 89' lang='lat' dir='ltr'>Castrensis</span> <span class='ocrx_word' id='word_1_372' title='bbox 1634 3121 1784 3186; x_wconf 82' lang='lat' dir='ltr'>Ecclesia</span> 
     </span>
     <span class='ocr_line' id='line_1_33' title="bbox 315 3209 1783 3296; baseline 0 -22"><span class='ocrx_word' id='word_1_373' title='bbox 315 3209 357 3274; x_wconf 87' lang='lat' dir='ltr'>sit</span> <span class='ocrx_word' id='word_1_374' title='bbox 380 3209 549 3275; x_wconf 77' lang='lat' dir='ltr'>Ecclesia?</span> <span class='ocrx_word' id='word_1_375' title='bbox 570 3213 659 3296; x_wconf 75' lang='lat' dir='ltr'>Hesp.</span> <span class='ocrx_word' id='word_1_376' title='bbox 678 3209 748 3292; x_wconf 88' lang='lat' dir='ltr'>Est,</span> <span class='ocrx_word' id='word_1_377' title='bbox 769 3212 824 3277; x_wconf 91' lang='lat' dir='ltr'>sed</span> <span class='ocrx_word' id='word_1_378' title='bbox 847 3233 918 3276; x_wconf 92' lang='lat' dir='ltr'>cum</span> <span class='ocrx_word' id='word_1_379' title='bbox 930 3211 1068 3276; x_wconf 90' lang='lat' dir='ltr'>termino</span> <span class='ocrx_word' id='word_1_380' title='bbox 1081 3211 1287 3288; x_wconf 88' lang='lat' dir='ltr'>diminuente,</span> <span class='ocrx_word' id='word_1_381' title='bbox 1303 3211 1496 3295; x_wconf 87' lang='lat' dir='ltr'>temporaria</span> <span class='ocrx_word' id='word_1_382' title='bbox 1508 3211 1577 3276; x_wconf 87' lang='lat' dir='ltr'>scil.</span> <span class='ocrx_word' id='word_1_383' title='bbox 1590 3209 1727 3276; x_wconf 89' lang='lat' dir='ltr'>conflata</span> <span class='ocrx_word' id='word_1_384' title='bbox 1740 3233 1783 3274; x_wconf 81' lang='lat' dir='ltr'>ex</span> 
     </span>
     <span class='ocr_line' id='line_1_34' title="bbox 313 3298 1784 3385; baseline -0.001 -22"><span class='ocrx_word' id='word_1_385' title='bbox 313 3298 465 3365; x_wconf 91' lang='lat' dir='ltr'>membris</span> <span class='ocrx_word' id='word_1_386' title='bbox 477 3298 638 3366; x_wconf 86' lang='lat' dir='ltr'>variarum</span> <span class='ocrx_word' id='word_1_387' title='bbox 650 3298 876 3378; x_wconf 89' lang='lat' dir='ltr'>Ecclesiarum,</span> <span class='ocrx_word' id='word_1_388' title='bbox 890 3322 971 3384; x_wconf 89' lang='lat' dir='ltr'>quae</span> <span class='ocrx_word' id='word_1_389' title='bbox 984 3305 1056 3385; x_wconf 92' lang='lat' dir='ltr'>post</span> <span class='ocrx_word' id='word_1_390' title='bbox 1068 3323 1186 3384; x_wconf 91' lang='lat' dir='ltr'>paucos</span> <span class='ocrx_word' id='word_1_391' title='bbox 1198 3321 1322 3370; x_wconf 87' lang='lat' dir='ltr'>menses</span> <span class='ocrx_word' id='word_1_392' title='bbox 1334 3298 1454 3383; x_wconf 91' lang='lat' dir='ltr'>partim</span> <span class='ocrx_word' id='word_1_393' title='bbox 1465 3299 1505 3364; x_wconf 91' lang='lat' dir='ltr'>ad</span> <span class='ocrx_word' id='word_1_394' title='bbox 1518 3321 1609 3365; x_wconf 88' lang='lat' dir='ltr'>suam</span> <span class='ocrx_word' id='word_1_395' title='bbox 1618 3321 1784 3384; x_wconf 89' lang='lat' dir='ltr'>quamque</span> 
     </span>
     <span class='ocr_line' id='line_1_35' title="bbox 314 3387 1785 3475; baseline -0.001 -23"><span class='ocrx_word' id='word_1_396' title='bbox 314 3387 491 3454; x_wconf 89' lang='lat' dir='ltr'>Ecclesiam</span> <span class='ocrx_word' id='word_1_397' title='bbox 502 3391 687 3472; x_wconf 90' lang='lat' dir='ltr'>concedunt,</span> <span class='ocrx_word' id='word_1_398' title='bbox 701 3389 819 3474; x_wconf 90' lang='lat' dir='ltr'>partim</span> <span class='ocrx_word' id='word_1_399' title='bbox 831 3389 871 3455; x_wconf 88' lang='lat' dir='ltr'>ad</span> <span class='ocrx_word' id='word_1_400' title='bbox 884 3389 963 3453; x_wconf 86' lang='lat' dir='ltr'>alias</span> <span class='ocrx_word' id='word_1_401' title='bbox 974 3390 1195 3475; x_wconf 88' lang='lat' dir='ltr'>commigrant.</span> <span class='ocrx_word' id='word_1_402' title='bbox 1209 3387 1282 3454; x_wconf 89' lang='lat' dir='ltr'>Non</span> <span class='ocrx_word' id='word_1_403' title='bbox 1295 3411 1387 3473; x_wconf 91' lang='lat' dir='ltr'>posse</span> <span class='ocrx_word' id='word_1_404' title='bbox 1400 3393 1508 3454; x_wconf 86' lang='lat' dir='ltr'>autem</span> <span class='ocrx_word' id='word_1_405' title='bbox 1520 3389 1639 3473; x_wconf 86' lang='lat' dir='ltr'>privari</span> <span class='ocrx_word' id='word_1_406' title='bbox 1652 3388 1785 3453; x_wconf 90' lang='lat' dir='ltr'>nomine</span> 
     </span>
     <span class='ocr_line' id='line_1_36' title="bbox 314 3475 1784 3563; baseline -0.001 -21"><span class='ocrx_word' id='word_1_407' title='bbox 314 3475 529 3542; x_wconf 89' lang='lat' dir='ltr'>Ecclesiarum</span> <span class='ocrx_word' id='word_1_408' title='bbox 555 3479 627 3543; x_wconf 91' lang='lat' dir='ltr'>inde</span> <span class='ocrx_word' id='word_1_409' title='bbox 641 3483 774 3558; x_wconf 90' lang='lat' dir='ltr'>constet,</span> <span class='ocrx_word' id='word_1_410' title='bbox 787 3479 872 3563; x_wconf 91' lang='lat' dir='ltr'>quod</span> <span class='ocrx_word' id='word_1_411' title='bbox 883 3478 965 3542; x_wconf 90' lang='lat' dir='ltr'>ratio</span> <span class='ocrx_word' id='word_1_412' title='bbox 978 3480 1001 3545; x_wconf 80' lang='lat' dir='ltr'>du</span> <span class='ocrx_word' id='word_1_413' title='bbox 1013 3479 1104 3562; x_wconf 90' lang='lat' dir='ltr'>copia</span> <span class='ocrx_word' id='word_1_414' title='bbox 1115 3479 1160 3542; x_wconf 90' lang='lat' dir='ltr'>ibi</span> <span class='ocrx_word' id='word_1_415' title='bbox 1174 3479 1226 3556; x_wconf 90' lang='lat' dir='ltr'>sit,</span> <span class='ocrx_word' id='word_1_416' title='bbox 1241 3477 1385 3542; x_wconf 89' lang='lat' dir='ltr'>lectionis</span> <span class='ocrx_word' id='word_1_417' title='bbox 1399 3477 1497 3554; x_wconf 87' lang='lat' dir='ltr'>verbi,</span> <span class='ocrx_word' id='word_1_418' title='bbox 1514 3478 1712 3556; x_wconf 91' lang='lat' dir='ltr'>concionum,</span> <span class='ocrx_word' id='word_1_419' title='bbox 1726 3477 1784 3541; x_wconf 88' lang='lat' dir='ltr'>ad·</span> 
     </span>
     <span class='ocr_line' id='line_1_37' title="bbox 314 3565 1786 3652; baseline 0.001 -22"><span class='ocrx_word' id='word_1_420' title='bbox 314 3567 556 3632; x_wconf 88' lang='lat' dir='ltr'>ministrationis</span> <span class='ocrx_word' id='word_1_421' title='bbox 581 3572 861 3644; x_wconf 90' lang='lat' dir='ltr'>sacramentorum,</span> <span class='ocrx_word' id='word_1_422' title='bbox 885 3567 1051 3652; x_wconf 90' lang='lat' dir='ltr'>regiminis</span> <span class='ocrx_word' id='word_1_423' title='bbox 1074 3568 1204 3651; x_wconf 90' lang='lat' dir='ltr'>insuper</span> <span class='ocrx_word' id='word_1_424' title='bbox 1227 3566 1495 3651; x_wconf 78' lang='lat' dir='ltr'>&amp;jurisdictionis</span> <span class='ocrx_word' id='word_1_425' title='bbox 1507 3590 1565 3652; x_wconf 90' lang='lat' dir='ltr'>per</span> <span class='ocrx_word' id='word_1_426' title='bbox 1580 3565 1786 3632; x_wconf 83' lang='lat' dir='ltr'>Ministros&amp;</span> 
     </span>
     <span class='ocr_line' id='line_1_38' title="bbox 314 3654 1787 3742; baseline -0.001 -22"><span class='ocrx_word' id='word_1_427' title='bbox 314 3654 521 3740; x_wconf 87' lang='lat' dir='ltr'>Inspectores,</span> <span class='ocrx_word' id='word_1_428' title='bbox 543 3657 826 3722; x_wconf 88' lang='lat' dir='ltr'>confoederationis</span> <span class='ocrx_word' id='word_1_429' title='bbox 847 3655 1101 3738; x_wconf 90' lang='lat' dir='ltr'>Ecclesiasticae,</span> <span class='ocrx_word' id='word_1_430' title='bbox 1119 3660 1142 3722; x_wconf 80' lang='lat' dir='ltr'>b</span> <span class='ocrx_word' id='word_1_431' title='bbox 1161 3656 1363 3721; x_wconf 90' lang='lat' dir='ltr'>admissionis</span> <span class='ocrx_word' id='word_1_432' title='bbox 1376 3655 1575 3742; x_wconf 82' lang='lat' dir='ltr'>singulorum</span> <span class='ocrx_word' id='word_1_433' title='bbox 1588 3656 1627 3721; x_wconf 89' lang='lat' dir='ltr'>ad</span> <span class='ocrx_word' id='word_1_434' title='bbox 1641 3679 1712 3721; x_wconf 87' lang='lat' dir='ltr'>eam</span> <span class='ocrx_word' id='word_1_435' title='bbox 1724 3677 1787 3741; x_wconf 88' lang='lat' dir='ltr'>per</span> 
     </span>
     <span class='ocr_line' id='line_1_39' title="bbox 314 3744 1787 3830; baseline 0.001 -22"><span class='ocrx_word' id='word_1_436' title='bbox 314 3744 506 3809; x_wconf 86' lang='lat' dir='ltr'>sufficientia</span> <span class='ocrx_word' id='word_1_437' title='bbox 529 3747 722 3825; x_wconf 87' lang='lat' dir='ltr'>testimonia,</span> <span class='ocrx_word' id='word_1_438' title='bbox 744 3749 840 3830; x_wconf 88' lang='lat' dir='ltr'>atque</span> <span class='ocrx_word' id='word_1_439' title='bbox 863 3745 994 3829; x_wconf 90' lang='lat' dir='ltr'>insuper</span> <span class='ocrx_word' id='word_1_440' title='bbox 1006 3746 1124 3810; x_wconf 90' lang='lat' dir='ltr'>editam</span> <span class='ocrx_word' id='word_1_441' title='bbox 1136 3745 1210 3809; x_wconf 90' lang='lat' dir='ltr'>fidei</span> <span class='ocrx_word' id='word_1_442' title='bbox 1222 3744 1466 3829; x_wconf 89' lang='lat' dir='ltr'>professionem,</span> <span class='ocrx_word' id='word_1_443' title='bbox 1480 3745 1637 3829; x_wconf 90' lang='lat' dir='ltr'>siquidem</span> <span class='ocrx_word' id='word_1_444' title='bbox 1648 3746 1686 3810; x_wconf 91' lang='lat' dir='ltr'>de</span> <span class='ocrx_word' id='word_1_445' title='bbox 1699 3767 1787 3810; x_wconf 88' lang='lat' dir='ltr'>novo</span> 
     </span>
     <span class='ocr_line' id='line_1_40' title="bbox 315 3832 1785 3919; baseline 0.001 -21"><span class='ocrx_word' id='word_1_446' title='bbox 315 3835 473 3898; x_wconf 90' lang='lat' dir='ltr'>accedant.</span> <span class='ocrx_word' id='word_1_447' title='bbox 483 3873 525 3883; x_wconf 89' lang='lat'>—</span> <span class='ocrx_word' id='word_1_448' title='bbox 536 3833 593 3900; x_wconf 91' lang='lat' dir='ltr'>VI.</span> <span class='ocrx_word' id='word_1_449' title='bbox 606 3838 730 3919; x_wconf 80' lang='lat' dir='ltr'>Quaest.</span> <span class='ocrx_word' id='word_1_450' title='bbox 740 3834 822 3911; x_wconf 86' lang='lat' dir='ltr'>Quid</span> <span class='ocrx_word' id='word_1_451' title='bbox 834 3836 871 3899; x_wconf 90' lang='lat' dir='ltr'>de</span> <span class='ocrx_word' id='word_1_452' title='bbox 883 3834 1025 3899; x_wconf 75' lang='lat' dir='ltr'>Ecclesia</span> <span class='ocrx_word' id='word_1_453' title='bbox 1033 3833 1170 3899; x_wconf 81' lang='lat' dir='ltr'>Navali?</span> <span class='ocrx_word' id='word_1_454' title='bbox 1183 3837 1273 3919; x_wconf 79' lang='lat' dir='ltr'>Hesp.</span> <span class='ocrx_word' id='word_1_455' title='bbox 1285 3832 1375 3898; x_wconf 88' lang='lat' dir='ltr'>ldem</span> <span class='ocrx_word' id='word_1_456' title='bbox 1386 3833 1555 3918; x_wconf 88' lang='lat' dir='ltr'>fere,quod</span> <span class='ocrx_word' id='word_1_457' title='bbox 1564 3834 1602 3899; x_wconf 89' lang='grc'>66</span> <span class='ocrx_word' id='word_1_458' title='bbox 1610 3839 1732 3900; x_wconf 83' lang='lat' dir='ltr'>castren</span> <span class='ocrx_word' id='word_1_459' title='bbox 1758 3835 1785 3899; x_wconf 79' lang='lat' dir='ltr'>i:</span> 
     </span>
     <span class='ocr_line' id='line_1_41' title="bbox 314 3921 1788 4009; baseline 0.002 -24"><span class='ocrx_word' id='word_1_460' title='bbox 314 3923 472 4006; x_wconf 90' lang='lat' dir='ltr'>siquidem</span> <span class='ocrx_word' id='word_1_461' title='bbox 481 3924 566 3987; x_wconf 93' lang='lat' dir='ltr'>idem</span> <span class='ocrx_word' id='word_1_462' title='bbox 575 3925 649 3988; x_wconf 93' lang='lat' dir='ltr'>ordo</span> <span class='ocrx_word' id='word_1_463' title='bbox 656 3927 918 4009; x_wconf 90' lang='lat' dir='ltr'>praeterpropter</span> <span class='ocrx_word' id='word_1_464' title='bbox 929 3928 1083 3988; x_wconf 89' lang='lat' dir='ltr'>servetur.</span> <span class='ocrx_word' id='word_1_465' title='bbox 1096 3961 1140 3972; x_wconf 87' lang='lat'>-</span> <span class='ocrx_word' id='word_1_466' title='bbox 1152 3922 1227 3988; x_wconf 87' lang='lat' dir='ltr'>VH.</span> <span class='ocrx_word' id='word_1_467' title='bbox 1250 3925 1373 4004; x_wconf 78' lang='lat' dir='ltr'>eraesr.</span> <span class='ocrx_word' id='word_1_468' title='bbox 1390 3921 1473 3998; x_wconf 80' lang='lat' dir='ltr'>Quid</span> <span class='ocrx_word' id='word_1_469' title='bbox 1489 3925 1527 3988; x_wconf 90' lang='lat' dir='ltr'>de</span> <span class='ocrx_word' id='word_1_470' title='bbox 1539 3923 1731 3988; x_wconf 89' lang='lat' dir='ltr'>Domesticis</span> <span class='ocrx_word' id='word_1_471' title='bbox 1764 3947 1788 3988; x_wconf 95' lang='lat' dir='ltr'>n</span> 
     </span>
     <span class='ocr_line' id='line_1_42' title="bbox 315 4009 1788 4098; baseline 0.001 -22"><span class='ocrx_word' id='word_1_472' title='bbox 315 4011 397 4076; x_wconf 89' lang='lat' dir='ltr'>aulis</span> <span class='ocrx_word' id='word_1_473' title='bbox 411 4009 613 4096; x_wconf 88' lang='lat' dir='ltr'>Magnetum,</span> <span class='ocrx_word' id='word_1_474' title='bbox 628 4018 684 4078; x_wconf 91' lang='lat' dir='ltr'>aut</span> <span class='ocrx_word' id='word_1_475' title='bbox 695 4013 728 4077; x_wconf 92' lang='lat' dir='ltr'>in</span> <span class='ocrx_word' id='word_1_476' title='bbox 741 4012 898 4078; x_wconf 87' lang='lat' dir='ltr'>Domibus</span> <span class='ocrx_word' id='word_1_477' title='bbox 906 4012 1075 4077; x_wconf 89' lang='lat' dir='ltr'>Procerum</span> <span class='ocrx_word' id='word_1_478' title='bbox 1089 4016 1122 4077; x_wconf 88' lang='lat' dir='ltr'>et</span> <span class='ocrx_word' id='word_1_479' title='bbox 1130 4011 1308 4078; x_wconf 88' lang='lat' dir='ltr'>Nobilium.</span> <span class='ocrx_word' id='word_1_480' title='bbox 1331 4015 1420 4098; x_wconf 78' lang='lat' dir='ltr'>Hesp.</span> <span class='ocrx_word' id='word_1_481' title='bbox 1429 4011 1618 4078; x_wconf 87' lang='lat' dir='ltr'>Praemissis</span> <span class='ocrx_word' id='word_1_482' title='bbox 1627 4012 1740 4077; x_wconf 89' lang='lat' dir='ltr'>distinc</span> <span class='ocrx_word' id='word_1_483' title='bbox 1764 4015 1788 4077; x_wconf 89' lang='lat' dir='ltr'>i-</span> 
     </span>
     <span class='ocr_line' id='line_1_43' title="bbox 313 4100 1787 4186; baseline 0.002 -22"><span class='ocrx_word' id='word_1_484' title='bbox 313 4100 438 4179; x_wconf 74' lang='lat' dir='ltr'>onibuS,</span> <span class='ocrx_word' id='word_1_485' title='bbox 462 4103 546 4184; x_wconf 93' lang='lat' dir='ltr'>qnod</span> <span class='ocrx_word' id='word_1_486' title='bbox 567 4103 690 4186; x_wconf 90' lang='lat' dir='ltr'>possint</span> <span class='ocrx_word' id='word_1_487' title='bbox 707 4102 772 4166; x_wconf 87' lang='lat' dir='ltr'>frui</span> <span class='ocrx_word' id='word_1_488' title='bbox 788 4101 1007 4167; x_wconf 85' lang='lat' dir='ltr'>communione</span> <span class='ocrx_word' id='word_1_489' title='bbox 1027 4102 1346 4186; x_wconf 80' lang='lat' dir='ltr'>&amp;concorporatione</span> <span class='ocrx_word' id='word_1_490' title='bbox 1365 4101 1527 4167; x_wconf 88' lang='lat' dir='ltr'>Ecclesiae</span> <span class='ocrx_word' id='word_1_491' title='bbox 1547 4102 1619 4182; x_wconf 92' lang='lat' dir='ltr'>loci,</span> <span class='ocrx_word' id='word_1_492' title='bbox 1643 4106 1738 4166; x_wconf 88' lang='grc'><strong>6666</strong></span> <span class='ocrx_word' id='word_1_493' title='bbox 1764 4126 1787 4167; x_wconf 89' lang='grc'>6</span> 
     </span>
     <span class='ocr_line' id='line_1_44' title="bbox 314 4189 1788 4278; baseline 0.001 -24"><span class='ocrx_word' id='word_1_494' title='bbox 314 4190 436 4275; x_wconf 93' lang='lat' dir='ltr'>possint</span> <span class='ocrx_word' id='word_1_495' title='bbox 449 4189 513 4255; x_wconf 86' lang='lat' dir='ltr'>frui</span> <span class='ocrx_word' id='word_1_496' title='bbox 524 4215 532 4268; x_wconf 89' lang='lat'><strong>;</strong></span> <span class='ocrx_word' id='word_1_497' title='bbox 554 4192 673 4278; x_wconf 81' lang='lat' dir='ltr'>&amp;quod</span> <span class='ocrx_word' id='word_1_498' title='bbox 685 4192 874 4276; x_wconf 90' lang='lat' dir='ltr'>posteriores</span> <span class='ocrx_word' id='word_1_499' title='bbox 888 4213 1013 4255; x_wconf 89' lang='lat' dir='ltr'>rursum</span> <span class='ocrx_word' id='word_1_500' title='bbox 1030 4191 1153 4275; x_wconf 91' lang='lat' dir='ltr'>possint</span> <span class='ocrx_word' id='word_1_501' title='bbox 1164 4191 1357 4255; x_wconf 90' lang='lat' dir='ltr'>considerari</span> <span class='ocrx_word' id='word_1_502' title='bbox 1369 4195 1405 4255; x_wconf 87' lang='lat' dir='ltr'>ut</span> <span class='ocrx_word' id='word_1_503' title='bbox 1417 4190 1580 4256; x_wconf 87' lang='lat' dir='ltr'>Ecclesiae</span> <span class='ocrx_word' id='word_1_504' title='bbox 1593 4190 1653 4256; x_wconf 93' lang='lat' dir='ltr'>loci</span> <span class='ocrx_word' id='word_1_505' title='bbox 1665 4189 1736 4255; x_wconf 63' lang='lat' dir='ltr'>insi*</span> <span class='ocrx_word' id='word_1_506' title='bbox 1764 4215 1788 4256; x_wconf 75' lang='lat' dir='ltr'>,e</span> 
     </span>
     <span class='ocr_line' id='line_1_45' title="bbox 314 4279 1787 4364; baseline 0 -18"><span class='ocrx_word' id='word_1_507' title='bbox 314 4283 371 4346; x_wconf 85' lang='lat' dir='ltr'>aut</span> <span class='ocrx_word' id='word_1_508' title='bbox 389 4301 453 4344; x_wconf 91' lang='lat' dir='ltr'>non</span> <span class='ocrx_word' id='word_1_509' title='bbox 472 4280 599 4359; x_wconf 88' lang='lat' dir='ltr'>insitae,</span> <span class='ocrx_word' id='word_1_510' title='bbox 625 4282 679 4346; x_wconf 90' lang='lat' dir='ltr'>sed</span> <span class='ocrx_word' id='word_1_511' title='bbox 699 4281 739 4344; x_wconf 86' lang='lat' dir='ltr'>ab</span> <span class='ocrx_word' id='word_1_512' title='bbox 752 4286 789 4344; x_wconf 83' lang='grc'>66</span> <span class='ocrx_word' id='word_1_513' title='bbox 803 4282 985 4364; x_wconf 88' lang='lat' dir='ltr'>separatae:</span> <span class='ocrx_word' id='word_1_514' title='bbox 1000 4280 1248 4344; x_wconf 88' lang='lat' dir='ltr'>determinamus</span> <span class='ocrx_word' id='word_1_515' title='bbox 1260 4279 1331 4344; x_wconf 86' lang='lat' dir='ltr'>istis</span> <span class='ocrx_word' id='word_1_516' title='bbox 1348 4280 1612 4348; x_wconf 75' lang='lat' dir='ltr'>conclusionibus</span> <span class='ocrx_word' id='word_1_517' title='bbox 1632 4281 1661 4344; x_wconf 92' lang='lat' dir='ltr'>l.</span> <span class='ocrx_word' id='word_1_518' title='bbox 1677 4281 1740 4346; x_wconf 70' lang='lat' dir='ltr'>Cor-</span> <span class='ocrx_word' id='word_1_519' title='bbox 1765 4284 1787 4346; x_wconf 87' lang='lat' dir='ltr'>l.</span> 
     </span>
     <span class='ocr_line' id='line_1_46' title="bbox 315 4366 1791 4460; baseline 0.001 -26"><span class='ocrx_word' id='word_1_520' title='bbox 315 4367 352 4434; x_wconf 91' lang='lat' dir='ltr'>In</span> <span class='ocrx_word' id='word_1_521' title='bbox 371 4367 413 4434; x_wconf 91' lang='lat' dir='ltr'>V.</span> <span class='ocrx_word' id='word_1_522' title='bbox 435 4366 473 4435; x_wconf 83' lang='grc' dir='ltr'>Τ.</span> <span class='ocrx_word' id='word_1_523' title='bbox 497 4373 571 4436; x_wconf 88' lang='grc'><strong>6666</strong></span> <span class='ocrx_word' id='word_1_524' title='bbox 587 4370 796 4435; x_wconf 87' lang='lat' dir='ltr'>constitutum</span> <span class='ocrx_word' id='word_1_525' title='bbox 813 4370 966 4454; x_wconf 90' lang='lat' dir='ltr'>populum</span> <span class='ocrx_word' id='word_1_526' title='bbox 978 4367 1191 4434; x_wconf 72' lang='lat' dir='ltr'>lsratliticum</span> <span class='ocrx_word' id='word_1_527' title='bbox 1202 4370 1235 4434; x_wconf 92' lang='lat' dir='ltr'>in</span> <span class='ocrx_word' id='word_1_528' title='bbox 1248 4369 1380 4434; x_wconf 86' lang='lat' dir='ltr'>familiis</span> <span class='ocrx_word' id='word_1_529' title='bbox 1393 4367 1661 4460; x_wconf 76' lang='lat' dir='ltr'>patriarcharum,</span> <span class='ocrx_word' id='word_1_530' title='bbox 1676 4371 1699 4436; x_wconf 74' lang='lat' dir='ltr'>dc</span> <span class='ocrx_word' id='word_1_531' title='bbox 1713 4393 1740 4454; x_wconf 84' lang='grc'>6</span> <span class='ocrx_word' id='word_1_532' title='bbox 1764 4377 1791 4436; x_wconf 75' lang='lat' dir='ltr'>rt</span> 
     </span>
    </p>

    <p class='ocr_par' dir='ltr' id='par_1_3' title="bbox 1709 4481 1790 4524">
     <span class='ocr_line' id='line_1_47' title="bbox 1709 4481 1790 4524; baseline 0 0"><span class='ocrx_word' id='word_1_533' title='bbox 1709 4481 1747 4524; x_wconf 89' lang='lat' dir='ltr'>co</span> <span class='ocrx_word' id='word_1_534' title='bbox 1764 4483 1790 4524; x_wconf 82' lang='lat' dir='ltr'>r-</span> 
     </span>
    </p>
   </div>
   <div class='ocr_carea' id='block_1_3' title="bbox 0 0 1870 4840">
    <p class='ocr_par' dir='ltr' id='par_1_4' title="bbox 0 0 1870 4840">
     <span class='ocr_line' id='line_1_48' title="bbox 0 0 1870 4840; baseline 0 0"><span class='ocrx_word' id='word_1_535' title='bbox 0 0 1870 4840; x_wconf 95' lang='lat' dir='ltr'> </span> 
     </span>
    </p>
   </div>
  </div>
 </body>
</html>
