3766 4866
329 291 443 364 Taren.
455 295 514 364 Ill.
538 293 587 364 Da
602 295 736 364 horrore
749 291 927 362 Oamnrmrs
939 290 1231 362 Panare-ruamus.
1255 295 1327 362 Car.
1342 293 1369 361 Ι.
1522 295 1588 360 303

105 484 290 549 sectionem
308 482 531 549 dominicalem
544 483 715 549 memoriae
728 483 914 566 impressam
926 483 1078 548 reddunt:
1091 483 1248 567 quaedam
1263 483 1396 548 eandem
1412 503 1469 566 per
1480 479 1588 566 pirrtes

103 571 302 657 scripturae
318 573 511 638 testimoniis
525 573 677 656 probant:
691 576 710 637 ir
725 571 873 636 Ministro
889 594 946 656 per
957 571 1159 655 quaestiones
1176 572 1431 657 &responsiones
1440 593 1588 636 exercen-

105 662 271 746 turzipsae
295 661 431 746 denique
455 662 551 726 dubia
573 662 595 726 tr
619 661 820 746 quaestiones
844 661 871 724 si
899 683 980 744 quae
1004 666 1180 738 occumant,
1204 659 1352 725 Ministro
1372 662 1588 744 proponunt&

104 751 292 816 solutiones
316 773 426 816 eorum
453 771 491 814 ex
516 750 625 814 eodem
649 749 793 814 audiunt.
822 748 954 824 Quando
976 753 1084 814 autem
1110 748 1292 814 Cateehesis
1319 750 1352 813 in
1368 749 1512 814 Ecclesist
1527 771 1588 832 pu-

104 839 198 903 blica
223 861 287 902 non
300 839 478 923 explicatur
490 839 587 923 (quod
601 840 651 904 15.
665 838 776 902 diebus
785 837 950 902 dominicis
963 837 1128 902 annuatim
1147 838 1328 922 contingit),
1349 861 1444 923 super
1463 839 1588 902 selectis

104 927 277 1012 capitibus
298 933 355 992 ant
377 927 469 992 libris
492 925 675 1010 Scripturae
697 949 755 1010 per
777 925 954 1011 propositas
974 929 993 989 a
1011 925 1160 990 Ministro
1175 927 1377 1010 quaestiones
1393 932 1588 993 exercentur.

106 1015 252 1080 Praeter
266 1016 349 1081 hanc
362 1017 553 1081 selectarum
566 1015 765 1099 quarundam
781 1013 1070 1081 catechizationem
1081 1014 1236 1098 quaedam
1250 1014 1399 1080 continua
1412 1015 1523 1080 diebus
1535 1017 1590 1080 do·

105 1105 243 1169 minicia
267 1105 516 1188 competentium
537 1105 631 1188 juxta
653 1103 825 1168 Decretum
849 1100 968 1186 Synodi
983 1101 1203 1168 Dordraeenae
1216 1102 1587 1183 habeturCatechizatio,

105 1194 168 1258 sed
191 1193 315 1277 absque
341 1193 569 1257 Auditoribns:
582 1192 676 1257 sicuti
689 1191 821 1256 seorsim
833 1190 985 1256 Virorum
997 1191 1254 1274 competentium.
1268 1191 1319 1255 Ad
1331 1214 1412 1276 quas
1424 1214 1517 1256 nemo
1530 1194 1587 1257 ad·

106 1282 269 1358 mittitur,
292 1281 354 1346 nisi
377 1303 493 1346 nomen
516 1303 610 1346 suum
632 1281 717 1364 apud
735 1279 920 1344 Ministrunr
936 1283 992 1343 aut
1004 1277 1167 1344 Seniorem
1179 1280 1229 1344 sui
1241 1280 1359 1364 quique
1371 1285 1428 1345 aut
1439 1303 1585 1364 quaeque

105 1371 280 1435 districtus
306 1374 401 1435 antea
423 1368 557 1453 professi
582 1369 656 1449 sint,
680 1391 767 1432 more
780 1369 813 1431 in
825 1368 958 1451 antiqua
973 1367 1116 1432 Ecclesia
1127 1373 1271 1452 recepto:
1284 1374 1321 1434 ut
1334 1369 1441 1434 debita
1453 1369 1586 1434 initialis

105 1459 252 1542 alicujus
277 1458 479 1544 cognitionis,
503 1458 661 1540 imprimis
685 1457 769 1522 vitae
794 1456 984 1540 inculpatae,
1008 1456 1585 1543 exploratione&notitiapraernissa,

106 1547 338 1612 testimonium
353 1547 525 1611 eorundem
537 1546 570 1610 in
584 1546 711 1629 seriptis
723 1545 873 1610 exhibere
886 1550 1014 1628 queant.
1040 1545 1142 1620 Quam
1158 1545 1410 1612 hebdomadibus
1422 1552 1478 1610 ant
1490 1570 1584 1612 uren-

107 1637 205 1700 sibus
231 1636 364 1719 aliquot,
390 1635 418 1699 si
438 1636 484 1700 ita
496 1657 575 1718 opus
589 1635 641 1714 sit,
654 1639 728 1699 ante
740 1656 870 1698 coenam
882 1633 1105 1716 frequentant:
1119 1634 1218 1698 donee
1230 1634 1374 1717 profectu
1387 1635 1586 1720 singulorum

107 1748 172 1810 per
195 1724 324 1789 eosdem
347 1723 512 1789 Ministros
528 1724 631 1788 denuo
646 1724 820 1806 explorato,
837 1745 908 1786 cum
921 1721 1039 1805 scripto
1051 1723 1222 1788 eorundem
1235 1724 1418 1788 testimonio
1431 1724 1464 1788 in
1476 1725 1584 1809 aliquo

107 1837 150 1878 ex
164 1813 376 1878 conventibus
390 1813 514 1898 (quales
526 1812 675 1895 quaterni
689 1815 763 1876 ante
776 1833 935 1894 quamque
949 1831 1064 1874 coenae
1076 1810 1386 1877 administrationem
1394 1812 1426 1876 in
1437 1813 1586 1878 Conclavi

108 1902 341 1981 ecclesiastice,
363 1901 484 1984 apertis
506 1899 630 1964 foribus
654 1899 836 1966 &admissis
849 1899 1069 1979 Auditoribus,
1085 1903 1240 1983 perpetui)
1253 1901 1465 1980 celebrantur,
1478 1903 1501 1967 tr
1515 1907 1586 1986 post

109 1991 222 2075 prima
246 1989 376 2055 futurae
400 1988 685 2054 administrationis
708 1988 999 2072 promulgationem
1022 1987 1055 2052 in
1076 1989 1223 2052 omnibus
1236 1986 1379 2073 Templis
1391 1990 1586 2072 indicantur)

108 2079 188 2144 fidei
201 2101 278 2143 suae
290 2077 520 2143 confessionem
537 2078 643 2156 edant,
655 2079 678 2143 dr
690 2078 820 2141 ironrina
832 2099 941 2140 eornm
955 2076 987 2139 in
1000 2076 1109 2140 album
1122 2075 1281 2141 Fidelium
1291 2077 1479 2144 referantur.
1495 2078 1584 2145 Haeo

109 2169 226 2232 omnia
249 2167 355 2232 animo
378 2167 412 2230 in
436 2165 706 2250 frequentioribus
729 2165 921 2230 Civitatibus
944 2167 967 2230 dr
986 2164 1137 2229 Ecclesiis
1158 2164 1304 2250 Regnum
1322 2167 1441 2232 Christi
1455 2190 1582 2252 promo-

111 2257 212 2322 vendi
239 2278 277 2320 ex
301 2255 494 2320 conscientia
517 2253 691 2320 vocationis
713 2257 850 2334 nostrae,
869 2253 910 2318 ad
924 2254 1134 2318 necessariam
1142 2255 1236 2339 juxta
1251 2257 1483 2340 praescriptum
1500 2256 1584 2324 Cale·

110 2345 231 2410 chironi
247 2345 371 2427 eraesl.
388 2344 440 2408 82.
453 2344 611 2408 cautelam
624 2344 744 2426 absque
757 2344 908 2427 cujusque
921 2342 1015 2406 aliter
1030 2346 1086 2407 aut
1102 2343 1216 2408 melius
1229 2344 1306 2427 quid
1318 2345 1443 2430 agentis
1456 2347 1585 2430 praeju-

111 2435 210 2513 dicio,
234 2455 308 2498 cum
331 2437 479 2518 agantur,
504 2432 639 2496 velimus
656 2432 751 2496 etiam
767 2432 887 2515 absque
901 2431 1037 2495 aliorum
1049 2431 1233 2510 offensione,
1246 2433 1270 2498 b
1285 2434 1490 2514 detractione,
1506 2435 1585 2499 sini-

110 2528 248 2606 straque
262 2521 440 2606 suspicione
452 2525 509 2586 ant
521 2520 733 2585 aemulatione
745 2520 792 2584 ita
803 2521 867 2604 agi.
880 2517 943 2584 Sed
952 2519 1030 2584 haee
1038 2522 1178 2603 optanda
1185 2521 1302 2604 potius,
1313 2544 1409 2606 quam
1418 2525 1584 2607 speranda:
1704 2521 1707 2526 ’

111 2634 190 2676 cum
207 2631 371 2693 nunquam
384 2609 525 2674 defuturi
538 2608 612 2686 sint,
626 2607 681 2691 qui
693 2605 829 2686 εὒταξίκν
839 2607 1001 2673 Ecclesiae
1014 2613 1213 2692 perruptum,
1227 2613 1283 2674 aut
1294 2611 1322 2675 si
1334 2613 1467 2695 possint,
1479 2612 1587 2677 subla·

112 2705 188 2765 tum
215 2703 303 2764 eunt.
327 2697 419 2774 Quod
443 2698 483 2762 ad
506 2698 641 2782 aliquae,
665 2697 719 2780 qui
746 2697 785 2760 ob
810 2719 923 2781 graves
946 2695 1085 2762 rationes
1109 2698 1149 2761 ab
1165 2696 1225 2762 hae
1240 2699 1326 2764 socia
1337 2701 1586 2784 competentium

111 2786 374 2853 catechizatione
400 2785 558 2851 eximendi
584 2786 740 2864 videntur,
760 2787 784 2852 tr
803 2785 965 2850 solitariae
977 2784 1173 2850 institutioni
1184 2786 1327 2852 Ministri
1343 2789 1477 2874 alicujus
1490 2789 1585 2854 reliu-

111 2876 252 2962 quendi:
278 2875 316 2940 de
338 2876 404 2940 illis
428 2896 484 2958 pro
506 2875 676 2960 prudentia
688 2878 746 2938 sua
758 2875 804 2938 ita
816 2873 982 2938 constituit
994 2871 1195 2957 Synedrium,
1209 2879 1245 2940 ut
1261 2877 1404 2960 exceptio
1419 2878 1585 2942 confirmet

112 2965 276 3050 regulam.
301 2963 418 3028 Confer
433 2985 514 3047 quae
530 2985 630 3048 supra
642 2963 680 3028 de
691 2963 972 3028 Adraioistratione
985 2963 1102 3027 Οοεηαε
1112 2983 1179 3047 cup.
1193 2965 1223 3028 3.
1237 2965 1428 3030 monuimus.

164 3052 209 3119 Ut
222 3053 272 3118 'ad
295 3052 511 3117 institutiones
528 3054 551 3119 b
567 3051 717 3116 exercitia
730 3051 954 3116 Foeminarum
966 3054 1173 3132 revertamur,
1187 3073 1244 3135 pro
1256 3057 1344 3118 statu
1356 3053 1379 3117 tr
1395 3055 1585 3120 necessitate

112 3143 271 3226 cujusque
283 3140 445 3206 Ecclesiae
458 3141 641 3220 ordinanda,
655 3142 841 3222 profitemur
853 3161 910 3203 nos
922 3139 1032 3222 procul
1044 3139 1163 3205 hahere
1175 3141 1298 3206 somnia
1309 3141 1331 3206 J
1333 3143 1516 3225 udaeorum,
1530 3146 1586 3228 qui

112 3231 271 3296 Mulieres
294 3233 420 3294 tantum
444 3228 498 3294 64.
522 3229 698 3313 praeceptis
720 3228 878 3314 negativis
900 3229 992 3294 usu.
1010 3226 1212 3294 affirmativis
1227 3231 1380 3296 obnoxias
1393 3231 1585 3310 faciunt;de

112 3343 180 3404 quo
201 3319 397 3408 Brradorfias
417 3319 451 3382 io
463 3317 630 3404 Synapoprt
641 3338 709 3400 rap.
724 3319 753 3381 l.
774 3316 843 3382 Nee
855 3316 959 3381 minus
972 3338 1087 3382 sannas
1099 3315 1349 3399 Pontificiorum,
1363 3343 1441 3405 quas
1458 3321 1491 3384 in
1506 3321 1586 3387 Foe-

111 3409 222 3472 minas
246 3406 435 3472 reformatas
458 3406 566 3470 Biblia
578 3407 731 3488 legentes,
744 3427 802 3470 nee
815 3406 875 3470 fide
886 3405 1045 3489 implicita
1060 3410 1234 3484 contentas,
1249 3409 1434 3474 effundunt:
1447 3415 1586 3475 contern-

112 3497 176 3561 tim
193 3496 384 3580 appellando
400 3517 453 3560 eas
469 3495 598 3582 Sorores
611 3494 745 3572 biblicae,
762 3494 976 3560 &Sacerdotes
991 3495 1267 3562 semiarianos:
1280 3497 1325 3562 sic
1338 3497 1372 3561 in
1384 3498 1493 3582 inepto
1506 3521 1585 3582 quo-

112 3587 191 3650 dam
203 3585 316 3651 Libello
328 3585 498 3648 vcrnaculo
509 3581 531 3648 J
533 3584 636 3648 esnita
648 3582 719 3648 Jot.
733 3583 824 3669 [pag.
839 3583 920 3669 862]
933 3584 971 3648 de
984 3584 1096 3649 Goruto
1110 3582 1348 3669 Ultrajeetinus.
1362 3585 1425 3651 Sed
1434 3587 1492 3652 hoc
1502 3588 1585 3653 ludi·

114 3675 224 3738 brium
237 3673 269 3736 in
282 3673 386 3758 ipsam
399 3671 596 3756 Scripturam
605 3672 768 3736 redundat.
782 3670 915 3736 Interim
925 3671 1067 3736 ludiones
1076 3672 1149 3737 illos
1158 3695 1264 3738 secum
1273 3675 1420 3740 habitare
1422 3676 1436 3759 j
1441 3675 1584 3742 ubernus:

113 3762 182 3848 lpsi
203 3763 289 3827 euim
306 3765 390 3840 sunt,
407 3761 462 3846 qni
481 3760 642 3826 Faeminis
657 3759 809 3844 baptismi
822 3763 845 3826 b
857 3761 1047 3825 sacramenti
1059 3762 1277 3844 poenitentiae
1291 3765 1475 3849 (secuudum
1488 3765 1584 3849 ipsos,

113 3850 438 3928 administrationem,
462 3848 675 3914 Ecclesiarum
700 3849 940 3926 ordinationem,
965 3849 1092 3933 aliaque
1111 3849 1204 3915 istius
1216 3852 1343 3936 generis
1354 3853 1511 3920 tribuunt.
1536 3853 1585 3919 De

113 3963 180 4024 qno
194 3939 265 4004 vide
278 3940 425 4008 Nostram
438 3938 567 4022 Desper.
583 3939 721 4004 Causam
734 3938 878 4022 Papulas
893 3938 945 4004 lib.
962 3938 992 4003 2.
1005 3949 1072 4004 seer.
1087 3939 1117 4002 2.
1131 3959 1198 4024 cap.
1214 3941 1242 4005 7.

159 4031 189 4112 §-
212 4029 242 4092 5.
267 4027 315 4092 De
331 4027 434 4106 moda,
447 4027 596 4092 methodo
608 4027 631 4092 dr
643 4026 766 4090 ratione
779 4026 995 4092 catechizandi
1006 4027 1109 4092 multa
1123 4030 1142 4092 ir
1155 4028 1265 4092 nrnltis
1278 4030 1389 4114 quaeri
1402 4031 1425 4096 tr
1438 4031 1584 4114 specula·

113 4119 180 4182 tiva
205 4115 340 4200 disquiri
363 4116 492 4182 audias:
516 4137 578 4180 non
602 4119 711 4180 tamen
733 4114 852 4180 talibus
875 4115 1002 4179 immori
1020 4116 1183 4196 debemus,
1197 4117 1252 4182 sed
1265 4118 1372 4203 potius
1384 4141 1464 4204 opus
1476 4120 1582 4204 ipsum

112 4227 291 4290 capessere.
304 4203 501 4269 fabricando
513 4203 597 4269 fabri
610 4204 714 4280 liniue,
727 4206 750 4272 tr
763 4225 821 4288 per
833 4203 935 4269 varios
948 4225 1023 4268 usus
1033 4203 1230 4288 experientia
1239 4205 1317 4272 facit
1326 4213 1439 4273 artem.
1453 4208 1580 4292 Duplex

112 4294 249 4358 seientia
272 4293 304 4356 in
329 4287 510 4358 Cate'chista
525 4291 709 4376 requiritur,
720 4297 790 4356 tum
806 4292 866 4372 sui,
879 4297 949 4357 tum
961 4290 1280 4360 Catachnmenoruru.
1304 4294 1342 4360 ln
1355 4319 1389 4361 se
1401 4303 1580 4382 cognoscet,

112 4386 291 4462 accuratos,
304 4381 479 4463 distinctos,
492 4382 683 4465 perspicuos,
697 4385 793 4465 atque
806 4381 969 4465 expeditos
977 4385 1162 4466 conceptus:
1173 4405 1252 4468 quos
1262 4385 1369 4467 latius,
1377 4386 1581 4468 contractius,

1551 4497 1585 4538 m
1645 4515 1650 4522 .
