3752 4858
327 285 439 352 Tarm.
453 284 512 353 III.
536 285 585 350 Da
599 285 733 351 hoauors
747 284 926 352 Ouarnaarrs
940 286 1233 354 Parvum-rusurcrs.
1261 285 1334 354 (lar.
1346 288 1371 354 I.
1522 289 1588 354 295

116 472 213 536 simas
238 471 528 556 sophisticationes,
550 472 590 536 ad
613 470 865 546 lacrymosam,
878 474 946 557 jam
958 474 1133 554 transiisse,
1150 480 1207 540 aut
1220 479 1369 560 paratum
1382 474 1518 538 transire
1530 498 1586 539 no·

117 561 230 638 verint,
251 563 275 627 tr
287 560 338 624 vel
350 561 391 625 ab
404 559 551 624 universo
563 559 821 626 Reformatorem
834 561 931 626 immo
946 561 969 627 b
984 562 1083 627 totius
1098 563 1338 629 Christianismi
1350 584 1517 642 consensu,
1530 564 1588 628 illa
1637 591 1642 600 ·

116 650 150 714 in
167 654 269 733 parte,
282 650 426 730 deficere,
442 649 504 714 Sed
513 650 668 733 jactatam
681 649 771 714 illam
783 651 989 733 paucitatem,
1002 649 1175 732 Sociniani,
1188 651 1486 718 &Remonstrantes
1496 653 1587 735 praxi

114 744 174 804 sira
197 741 219 806 tr
243 738 339 804 editis
363 737 574 816 catechismis,
598 741 621 806 d
648 737 793 802 hodierni
817 743 1033 805 aeruscatores
1053 741 1155 821 dictis,
1168 741 1306 826 scriptis,
1322 740 1494 806 factiosuis
1508 741 1589 806 haut

115 829 212 893 aliter
232 827 386 904 refutant,
406 849 443 891 ac
462 825 623 912 Diogenes
634 826 833 914 {ambulando
854 828 981 893 zenonis
1001 827 1156 900 ἀκινησίαν.
1183 829 1335 895 Pluribus
1353 829 1413 894 has
1430 830 1589 910 προφάσεις

115 939 181 982 non
204 938 395 1000 persequar:
421 938 494 980 cum
518 916 608 983 Pori.
621 919 650 982 1.
663 919 757 982 sehet.
770 916 884 1002 llispp.
897 918 944 983 rir.
956 918 994 983 de
1010 918 1169 997 Triuitotc,
1181 918 1271 986 Part.
1286 921 1316 984 2.
1331 919 1376 984 rie.
1389 919 1427 984 dc
1439 917 1588 984 Articulis

116 1005 150 1072 u·
173 1005 344 1072 Erroribus
366 1005 670 1091 srmdamrututitus,
688 1005 780 1072 Part.
794 1007 824 1069 3.
838 1007 883 1071 tir.
899 1007 937 1072 dc
948 1007 1086 1084 Hocrcsi,
1102 1005 1135 1090 dss
1145 1007 1183 1072 de
1194 1009 1323 1073 Haereat
1337 1006 1585 1084 Antitrinitorid,

114 1117 172 1159 eas
197 1093 409 1160 discusserim.
435 1093 525 1179 [pag.
551 1095 632 1180 851]
656 1092 788 1172 Notent,
813 1094 841 1158 si
853 1095 970 1170 ausint,
983 1095 1017 1159 in
1029 1098 1137 1160 nostro
1149 1095 1351 1174 catechismo,
1363 1116 1521 1180 quaenam
1533 1117 1586 1160 ca·

115 1183 196 1268 pita,
213 1206 293 1268 quas
305 1183 412 1248 theses
425 1181 491 1247 illic
503 1182 690 1266 explicabas,
704 1186 819 1266 putent
830 1183 1032 1262 omittendas,
1049 1187 1203 1268 tanquam
1219 1184 1407 1269 superfluas.

33 1273 39 1287 '
163 1271 202 1336 V.
231 1271 356 1352 Ormest.
379 1272 429 1336 Au
442 1271 473 1337 d'
487 1272 806 1358 quomododifscraut
825 1273 993 1338 Forvurrtue
1008 1273 1207 1349 catecheticcs,
1224 1275 1344 1340 dLocis
1355 1271 1585 1352 courruunibus,

114 1361 309 1448 Sustcumtis,
329 1360 553 1446 Spruoqrnutis,
570 1359 759 1445 Corporibus
771 1361 951 1426 doctrinae?
973 1364 1063 1446 llcsp.
1085 1359 1159 1426 Non
1171 1361 1332 1441 diffenmt,
1349 1361 1433 1456 quod
1447 1361 1487 1425 ad
1498 1383 1586 1426 snm·

114 1473 202 1515 mam
218 1471 325 1514 rernm
338 1452 557 1526 tractatarum,
568 1454 624 1514 ant
636 1449 797 1514 doctrinae
812 1449 1035 1514 substantiam:
1050 1450 1105 1515 sed
1117 1451 1201 1534 quod
1209 1451 1250 1515 ad
1259 1451 1412 1517 materiae
1425 1449 1585 1515 extensio·

113 1561 201 1618 nem,
221 1540 244 1605 dr
267 1538 397 1602 moduni
419 1537 638 1622 rationemque
662 1537 830 1602 tractandi.
853 1536 950 1602 Nam.
977 1539 1005 1602 1.
1020 1561 1083 1604 non
1095 1542 1162 1603 tam
1173 1539 1379 1623 plenetrlate
1391 1536 1583 1623 principales

112 1628 223 1693 theses
247 1626 280 1690 in
305 1625 507 1691 catechcticis
531 1627 740 1710 explicantur,
764 1647 836 1691 cum
848 1625 1075 1712 hypothesium
1088 1630 1111 1694 tr
1123 1629 1390 1694 consectariorum
1399 1626 1583 1711 adjectione.
1599 1627 1602 1632 ’

112 1719 145 1780 2.
163 1739 222 1780 nec
234 1715 383 1781 methodo
397 1736 434 1779 ae
447 1714 624 1780 elocutione
635 1714 824 1779 didascalica
836 1715 859 1780 dr
872 1715 1092 1795 acroamatica,
1106 1738 1162 1800 per
1174 1717 1418 1801 explicationem
1430 1715 1584 1781 termino·

113 1827 188 1870 rum
209 1803 310 1868 Hebr.
324 1806 347 1871 tr
360 1802 470 1870 Graec.
488 1803 521 1867 in
534 1801 717 1888 Scripturis,
730 1803 851 1868 adhaec
865 1804 1114 1887 patristicorum,
1127 1804 1400 1885 scholasticorum,
1414 1803 1582 1870 hodierno·

113 1917 203 1971 rum3
229 1915 286 1978 per
309 1892 410 1957 reales
432 1895 597 1977 praeterea
620 1891 830 1968 definitiones,
843 1892 1024 1972 divisiones,
1037 1915 1159 1972 causas,
1172 1898 1365 1978 comparata,
1378 1892 1535 1978 opposita,
1548 1892 1584 1951 τὸ

109 1979 254 2056 procris
277 1981 491 2066 singularium
514 1981 720 2046 materiarum
744 1981 941 2046 exhauritur.
966 1983 997 2046 3.
1021 2003 1079 2046 nec
1094 1981 1259 2067 theologia
1270 1982 1439 2060 naturalis,
1451 1982 1582 2066 ejusque

114 2071 257 2136 rationes
279 2069 303 2135 tr
326 2071 611 2134 demonstrationes
634 2068 699 2134 illis
711 2069 869 2134 ordinarie
882 2070 1105 2135 admiscentur.
1126 2070 1156 2134 4.
1169 2069 1238 2136 Nec
1250 2070 1415 2156 theologia
1429 2071 1582 2136 elenctica

116 2157 365 2228 anascevastice.
378 2157 651 2224 &catascevastice
661 2180 731 2222 curn
744 2157 1062 2243 duplicisdtripliciS,
1071 2159 1137 2224 illic
1146 2159 1307 2226 inseritur.
1318 2161 1348 2224 5.
1357 2157 1404 2225 Ut
1415 2179 1473 2224 neo
1488 2159 1581 2226 theo·

114 2249 204 2334 logia
228 2247 397 2326 historica3
410 2269 492 2332 quae
507 2247 694 2332 dogmatum
720 2247 956 2331 antiquitatem,
980 2248 1210 2313 successionem
1237 2250 1392 2316 &statum
1405 2270 1461 2332 per
1476 2249 1583 2314 omnia

116 2337 249 2402 saecula
261 2357 333 2401 cum
346 2336 485 2421 opposiis
498 2335 684 2412 haeresibus
696 2339 753 2414 aut
765 2340 902 2416 enarrat,
919 2340 976 2400 aut
988 2336 1101 2400 saltem
1114 2337 1254 2402 breviter
1269 2341 1412 2402 annotat.

161 2424 220 2489 VI.
249 2424 373 2504 Quaeri.
398 2427 449 2492 Au
471 2425 514 2492 ud
537 2445 654 2502 munes,
677 2436 732 2490 out
756 2425 865 2490 saltem
888 2425 931 2490 od
952 2426 1118 2511 plerosque
1128 2427 1277 2492 aculeius
1292 2425 1323 2492 a
1338 2425 1532 2512 quaestiones
1549 2427 1584 2492 in

112 2513 306 2580 flondonius
317 2515 470 2580 Locorum
482 2514 700 2579 corurrurm'um
722 2514 856 2598 collegiis
871 2512 903 2580 a
917 2514 1133 2580 minationibus
1145 2515 1274 2580 tractari
1285 2516 1402 2594 solitus,
1415 2515 1581 2581 illiterato-

114 2625 190 2669 rum
204 2603 325 2688 (quates
338 2604 430 2668 rrrulti
445 2605 551 2668 sinon
566 2608 687 2681 ourues)
701 2602 961 2668 &restiterimus
976 2624 1032 2668 scu
1042 2604 1185 2669 coercito
1197 2605 1321 2670 catcrrdi
1332 2603 1478 2688 possint?
1490 2604 1581 2688 desp.

115 2695 191 2776 itaq.
216 2691 255 2755 de
275 2688 585 2756 Catachiaationibus
608 2689 796 2770 Puerorum,
819 2690 842 2755 dr
867 2691 993 2756 rudium
1005 2691 1188 2756 adultorum
1199 2693 1298 2758 etiam
1313 2691 1580 2776 competentium:
1706 2749 1711 2760 .

113 2781 169 2846 nbi
194 2780 277 2844 lacte
297 2779 502 2864 scripturario
525 2779 723 2844 solummodo
750 2780 837 2862 pasci
860 2781 884 2846 da
903 2780 944 2844 ad
951 2779 1179 2865 professionem
1189 2781 1262 2845 fidei
1278 2802 1316 2845 ac
1326 2779 1581 2846 communionem

110 2867 359 2936 ecclesiasticam
377 2867 562 2952 praeparari
582 2868 715 2941 debent3
729 2890 792 2932 non
803 2867 875 2933 cibo
887 2868 998 2948 solido,
1015 2871 1030 2931 l
1047 2869 1188 2934 Corinth.
1201 2870 1231 2933 3.
1256 2868 1352 2936 Hebr.
1365 2869 1395 2933 5.
1412 2867 1481 2934 ut.
1495 2867 1580 2933 (lon-

109 2957 237 3024 ceditur
249 2956 287 3020 de
305 2955 614 3021 Catachizationibus
628 2956 861 3040 provectiorum
877 2957 974 3039 &jam
985 2957 1084 3041 probe
1096 2956 1389 3022 catechizatorum:
1402 2979 1483 3041 quae
1495 2955 1579 3022 forte

108 3046 241 3110 nomine
263 3045 471 3110 collationum
494 3047 516 3112 tr
536 3043 776 3130 prophetiarum
801 3046 909 3128 potius
927 3044 1147 3128 appellandae,
1159 3067 1255 3129 quam
1268 3044 1579 3122 (latechizationum3

109 3136 139 3200 si
153 3155 263 3199 vocem
276 3132 357 3198 hanc
369 3135 478 3199 stricte
492 3136 515 3201 dr
527 3157 565 3198 ex
577 3155 636 3198 usu
649 3133 808 3200 communi
820 3133 1021 3218 accipiamus.
1046 3133 1090 3198 Et
1110 3133 1190 3198 tales
1203 3132 1474 3198 catechizationes
1487 3155 1580 3218 prae-

110 3225 257 3288 formant
277 3221 379 3301 nobis,
403 3223 507 3308 iisque
527 3221 704 3288 inserviunt
728 3222 831 3287 solida
857 3221 1089 3290 Commentario
1108 3222 1282 3288 cotechctica
1302 3222 1419 3302 Ursini,
1436 3222 1581 3290 Parere

109 3313 263 3389 otiorum,
284 3308 318 3373 in
330 3310 475 3398 linguam
491 3311 657 3396 nilgarem
668 3311 702 3374 in
714 3310 852 3396 gratim
872 3309 1053 3389 idiotarum,
1064 3318 1139 3389 (non
1150 3309 1372 3376 Studiosorum
1384 3310 1578 3396 theologiae,

109 3399 169 3486 qni
192 3399 337 3484 linguam
360 3400 495 3465 latinam
511 3398 711 3486 intelligunt)
724 3399 869 3464 traducta
881 3400 922 3463 ab
934 3399 1051 3464 eximio
1071 3398 1236 3486 'theologo
1244 3398 1340 3464 Festo
1356 3398 1527 3464 Hommio:
1541 3399 1579 3463 de

83 3485 177 3574 'qno
189 3490 218 3574 g.
235 3489 392 3570 sequenti.
415 3487 581 3572 Ejusmodi
600 3487 816 3553 exercentium
841 3509 895 3552 seu
911 3487 1177 3554 catechizantium
1193 3487 1364 3573 collegium
1388 3487 1421 3552 iu
1442 3486 1503 3552 hac
1514 3485 1577 3551 Ec·

108 3577 211 3643 alesia
220 3578 288 3662 jam
299 3577 373 3642 inde
388 3581 461 3663 post
473 3599 592 3642 annum
606 3576 703 3639 1619.
727 3575 910 3641 institutum
923 3599 930 3653 3
955 3577 1040 3660 quod
1051 3599 1109 3662 per
1123 3577 1241 3642 multos
1254 3598 1353 3641 annos
1365 3576 1481 3640 clausis
1497 3574 1578 3640 fori·

108 3667 173 3732 bus
192 3687 276 3730 nunc
296 3687 370 3731 vero
382 3665 502 3750 apertis
520 3663 721 3748 &quibusvis
731 3664 943 3730 Auditoribus
956 3665 1104 3730 admissis
1119 3669 1193 3749 post
1208 3664 1443 3749 pomeridianas
1452 3663 1577 3729 concio·

108 3777 169 3820 nes
184 3754 359 3820 dominicas
378 3755 438 3819 sub
463 3753 620 3838 praesidio
640 3752 903 3819 concionatorum
926 3757 1081 3838 perpetuo
1101 3754 1294 3819 celebratur:
1320 3751 1375 3818 ubi
1397 3755 1578 3818 exercentes

110 3865 178 3908 non
190 3847 318 3908 tantum
334 3865 431 3926 snper
448 3842 587 3908 sectione
600 3841 793 3906 catecheticd
804 3842 941 3926 publicis
961 3842 1164 3906 concionibus
1178 3841 1402 3926 explicattper
1413 3839 1578 3924 quaestio·

108 3955 169 3997 nes
185 3931 443 3998 aconcionatore
455 3930 622 4016 positive&
636 3930 786 3995 elenctiee
802 3930 1025 3995 examinantur
1038 3953 1046 4007 ;
1067 3931 1154 3996 sedtr
1166 3929 1239 4014 ipsi,
1252 3951 1309 4013 pro
1320 3951 1356 3994 rc
1368 3933 1445 3993 nata
1457 3929 1498 3994 ad
1509 3950 1576 3993 ma·

109 4022 213 4099 iorem
236 4019 480 4086 elucidationem
502 4018 599 4084 dubia
611 4041 648 4084 ac
659 4018 863 4103 quaestiones
877 4022 1068 4103 proponunt,
1081 4021 1105 4085 dr
1117 4041 1213 4102 super
1225 4018 1265 4083 iis
1276 4017 1461 4083 conferunt:
1475 4017 1576 4101 aliqui

107 4109 260 4175 etiamen
275 4109 352 4187 illis,
367 4108 492 4193 quoties
505 4108 551 4171 ita
559 4107 674 4184 visum,
688 4107 880 4191 analyticam
893 4105 1094 4172 Gatechesios
1117 4106 1209 4193 [pag.
1234 4107 1315 4191 852]
1330 4104 1576 4191 explicationem

108 4199 133 4264 b
146 4199 324 4282 perplures
340 4194 525 4281 Scripturas
537 4199 644 4260 textus
660 4195 932 4261 confirmationem
943 4194 1128 4260 memoriter
1136 4193 1375 4280 pronuntiatam
1384 4198 1575 4280 proponunt.

108 4287 164 4352 Ad
175 4285 259 4351 banc
274 4285 564 4351 (tatechizationem
577 4289 770 4369 praeparant
792 4305 825 4348 se
848 4283 984 4348 lectione
997 4283 1149 4350 Thesauri
1162 4283 1330 4349 cotcchctici
1338 4285 1420 4350 Festi
1433 4282 1577 4350 Hommii

107 4374 204 4440 modo
222 4374 401 4456 indicati&
416 4373 579 4439 auditione
594 4373 780 4439 concionum
792 4371 1068 4452 catacheticorum,
1093 4394 1175 4458 qnae
1190 4375 1393 4454 contentum
1405 4371 1575 4526 pecipivpm

364 4487 370 4498 ·
1504 4479 1573 4524 ee·
