3722 4850
673 291 832 356 Pocrvrcrc
849 291 1108 357 Eocnxsrrsvrcm.
1133 289 1223 354 Pras.
1237 288 1262 355 Ι.
1288 287 1353 354 Ira.
1366 286 1410 354 ΙΙ.

915 477 1058 544 Oneon
1104 475 1157 543 II.

431 711 477 774 De
490 706 771 786 Bertcdictiom'bus,
782 705 1040 784 Salutatiom'tus,
1054 703 1246 791 Dorotopiis,
1259 705 1290 771 a·
1304 705 1406 770 (3111111
1417 703 1634 770 Ecclesiastico.

341 923 369 1004 ξ.
384 921 412 983 l.
427 919 602 984 Benedictio
623 918 699 1001 quid
711 919 734 983 81
746 917 920 1000 quotuplex
933 918 976 982 sit
987 939 1059 981 cum
1071 913 1226 999 oppositis
1238 911 1525 991 maledictionibus,
1538 913 1561 978 81
1573 913 1771 996 pseudo-be·

296 1008 528 1072 nedictionibus
540 1006 711 1092 (imprimis
724 1005 878 1089 Papatus)
892 1029 930 1070 ex
946 1005 1088 1090 professo
1100 1003 1309 1087 explicuimus
1321 1001 1354 1065 in
1366 1001 1398 1066 3.
1416 1003 1503 1066 Part.
1516 1003 1566 1066 sel.
1581 1001 1701 1086 Diepp,
1718 1003 1776 1068 Tit.

296 1099 334 1162 rte
357 1096 635 1174 Barmdictionibcs,
661 1095 958 1170 Consccrotiorribus,
982 1093 1013 1160 a·
1027 1090 1321 1159 Sauromatatibus.
1345 1087 1447 1154 Nobis
1459 1091 1519 1154 hoc
1531 1091 1599 1154 loco
1610 1091 1772 1175 agendum

299 1188 337 1251 de
361 1185 583 1264 ecclesiastice,
607 1183 776 1260 solenniis
800 1183 1006 1247 autoritativt
1019 1180 1254 1246 Benedictione.
1267 1179 1316 1244 Ea
1331 1201 1369 1243 ex
1382 1179 1505 1262 objecto
1517 1179 1633 1263 duplex
1647 1184 1709 1255 est,
1724 1180 1774 1244 vel

296 1297 413 1354 rerum,
426 1275 476 1338 vel
488 1295 705 1358 personarum.
731 1271 861 1350 llerurn,
874 1271 1001 1356 proprie
1014 1275 1062 1336 est
1075 1269 1234 1348 iudicitur,
1247 1291 1349 1352 aquae
1360 1268 1394 1332 in
1407 1267 1581 1351 Baptismo‚
1594 1267 1617 1332 tr
1630 1268 1727 1351 panis
1738 1290 1775 1333 ac

297 1364 363 1427 vini
387 1363 420 1426 in
444 1361 659 1440 Eucharistiae,
674 1361 903 1440 Personarum,
917 1361 968 1425 vel
980 1364 1029 1425 est
1041 1358 1252 1444 singularum,
1266 1361 1302 1422 ut
1314 1379 1340 1422 e.
1355 1378 1404 1442 gr.
1417 1355 1639 1422 Ministrorum
1653 1357 1689 1422 in
1701 1380 1773 1422 con-

297 1451 476 1516 firmatione
501 1451 563 1535 (uti
592 1451 729 1532 vocant),
752 1473 809 1514 seu
829 1450 862 1514 111
875 1450 1037 1534 publica&
1050 1447 1173 1512 solenni
1184 1445 1417 1512 introductione
1430 1445 1469 1510 ad
1481 1445 1719 1510 ministerium:
1733 1453 1777 1511 cel

297 1541 455 1606 collectim
478 1539 651 1603 Ecclesiae.
673 1537 723 1602 De
737 1542 801 1622 quta
813 1539 866 1603 bic
878 1538 1052 1622 quaeritur.
1066 1539 1092 1602 1.
1107 1537 1233 1618 Qrmeet.
1246 1535 1298 1598 An
1311 1534 1386 1598 talis
1399 1533 1583 1598 Benedictio
1594 1534 1658 1598 rite
1671 1535 1731 1600 fiat
1743 1535 1775 1598 in

296 1629 413 1694 nostris
426 1627 598 1694 Ecclesiis?
612 1629 703 1712 Resp.
716 1625 791 1691 [tite
804 1627 873 1692 fieri
886 1628 925 1690 ad
941 1625 1102 1691 Ecclesiae
1116 1623 1378 1702 aedificationem,
1391 1623 1453 1687 Dei
1464 1622 1628 1702 honorem,
1646 1623 1725 1689 fidei
1741 1646 1776 1688 ac

297 1717 473 1782 devotionis
497 1716 721 1782 excitationem
738 1720 834 1800 atque
850 1719 1069 1800 augmentum,
1083 1714 1246 1798 probatur.
1260 1714 1285 1777 1.
1298 1713 1422 1797 Arcum
1435 1733 1483 1775 ex.
1497 1709 1632 1776 Numer.
1647 1713 1678 1776 6.
1693 1735 1776 1776 vers.

299 1807 440 1883 23-27‚
465 1806 521 1870 ubi
545 1805 713 1870 ordinariis
733 1803 890 1868 Ministris
903 1806 954 1889 (ut
969 1804 1009 1868 ab
1022 1801 1280 1868 extraordinariis
1293 1800 1526 1884 Prophetarum
1539 1799 1777 1866 Benedictioni·

299 1895 358 1960 bus
382 1895 610 1980 distinguatur)
630 1891 854 1958 Sacerdotibus
866 1893 945 1973 scil„
958 1893 1022 1956 tale
1035 1890 1264 1956 benedictionis
1277 1889 1418 1954 officium
1430 1889 1621 1972 imponitur:
1635 1891 1778 1977 Luqtrme

298 1985 341 2049 ort
365 1984 500 2061 Aborou,
518 1983 601 2048 111111
613 1984 695 2070 filius
706 1983 784 2066 ejus,
797 1983 936 2062 discredo,
949 1983 993 2048 sic
1004 1981 1182 2046 benedicetis
1193 1980 1268 2067 filiis
1281 1981 1380 2044 Israel
1391 1978 1520 2043 dicendo
1532 1979 1593 2044 cis:
1605 1979 1779 2046 Benedicat

298 2073 458 2149 docuimus,
471 2071 502 2137 d·
513 2073 665 2137 custodiat
678 2083 713 2136 te.
727 2073 840 2136 tricare
851 2071 945 2154 sociat
958 2071 1107 2135 dorcinca
1119 2070 1231 2154 loc-ictu
1243 2089 1336 2134 erroro
1348 2089 1443 2152 super
1456 2079 1483 2132 te
1494 2066 1526 2133 a·
1532 2067 1710 2134 miseratur
1719 2069 1775 2135 lai.

300 2162 400 2227 Ebrcct
423 2161 573 2226 doricinac
600 2161 711 2244 facicm
724 2181 819 2225 auara
830 2160 873 2224 art
885 2172 922 2238 te,
937 2158 969 2224 a
979 2171 1077 2243 porcat
1090 2158 1144 2223 tibi
1153 2179 1272 2243 potera.
1285 2155 1456 2222 Debebunt
1468 2177 1544 2240 ergo
1556 2154 1716 2222 ‘sacrificia
1728 2157 1779 2224 ol-

299 2249 393 2327 11111,
418 2249 550 2313 verbum
574 2249 754 2332 praedicare
769 2249 900 2314 1111111111.
915 2250 944 2310 2.
958 2269 1036 2313 cers.
1052 2247 1081 2310 7.
1095 2269 1141 2311 ac.
1154 2245 1276 2330 precari
1289 2245 1345 2312 Pa.
1361 2247 1524 2309 131111.
1539 2245 1568 2310 1.
1582 2246 1613 2308 2.
1626 2245 1780 2311 Primum

299 2338 377 2422 ipsis
401 2337 603 2420 peculiariter
626 2359 725 2420 usque
749 2337 789 2401 ad
812 2341 938 2420 tempus
954 2336 1156 2401 correctionis
1168 2334 1368 2418 impositum:
1382 2334 1443 2398 duo
1456 2333 1580 2418 reliqua
1591 2335 1781 2400 communia

168 2453 176 2466 ·
298 2426 376 2509 ipsis
400 2430 492 2490 erant
507 2449 580 2490 cum
592 2423 749 2489 Ministris
761 2423 803 2489 N.
817 2424 855 2490 Τ.
868 2425 969 2492 Actor.
983 2425 1012 2489 6.
1025 2446 1105 2490 cera.
1118 2425 1148 2487 4.
1161 2423 1182 2489 J
1185 2445 1237 2488 am
1253 2446 1326 2488 vero
1341 2422 1579 2488 Benedictiones
1593 2424 1726 2490 votivae
1739 2425 1781 2489 ad

187 2521 189 2524 ’
298 2513 500 2580 Precationes
525 2515 727 2579 reducuntur.
754 2513 798 2577 Et
813 2537 853 2580 ne
868 2515 940 2598 quis
957 2514 1104 2598 excipiat,
1117 2514 1150 2578 in
1164 2512 1203 2577 V.
1217 2510 1254 2578 Τ.
1268 2512 1444 2578 obtinuisse
1456 2511 1538 2576 tales
1551 2509 1781 2578 Ministrorum

298 2626 392 2688 super
404 2603 523 2687 populo
537 2601 598 2666 Dei
611 2602 860 2682 Benedictiones‚
877 2603 1022 2667 addimus
1035 2601 1201 2686 sequentia
1217 2606 1417 2687 argumenta.
1435 2602 1477 2665 ll.
1490 2601 1621 2685 Aequor.
1636 2601 1692 2666 Ex
1704 2601 1782 2667 offi-

297 2693 346 2756 cio
369 2691 524 2756 ministris
538 2689 578 2756 N.
592 2690 629 2756 Τ.
643 2691 940 2776 euangeliaantibus
952 2691 1102 2775 imposito
1115 2689 1189 2756 Iruc.
1206 2691 1245 2753 10
1259 2712 1339 2755 vers.
1354 2689 1384 2754 5.
1396 2689 1783 2774 postremissimum

299 2781 397 2845 Moab
411 2781 462 2845 10.
475 2801 552 2845 vcra.
569 2781 620 2844 13.
639 2781 688 2844 14.
701 2779 792 2855 Quod
805 2781 1014 2845 observarunt
1025 2779 1174 2863 Apostoli
1190 2779 1304 2843 votivis
1316 2779 1381 2842 illis
1394 2778 1643 2843 salutationibus
1652 2779 1688 2844 111
1698 2779 1784 2864 Epi·

297 2869 453 2933 stolarum
465 2891 595 2934 suarum
609 2868 763 2952 principio
779 2871 867 2935 1111111.
886 2869 896 2932 1
915 2889 992 2934 cers.
1008 2869 1036 2931 7.
1052 2871 1075 2935 11
1087 2869 1119 2932 in
1132 2868 1194 2932 fine
1208 2869 1297 2934 Rom.
1312 2867 1522 2932 16111120.
1536 2866 1619 2932 Vide
1632 2867 1784 2954 reliquas

298 2957 465 3041 Epistulas.
480 2955 643 3040 Imprimis
656 2956 709 3021 hie
720 2957 983 3022 considerandum
995 2956 1074 3021 illud
1088 2957 1125 3021 de
1138 2955 1295 3020 Ministris
1307 2953 1349 3020 N.
1363 2954 1400 3021 Τ.
1415 2955 1612 3040 praedictum
1624 2958 1711 3024 lesa.
1727 2957 1784 3023 52.

297 3067 376 3111 vere.
392 3045 420 3110 7.
434 3045 546 3109 iisdem
560 3046 756 3130 applicatum
769 3045 903 3110 Roman.
915 3047 966 3111 10.
979 3069 1056 3110 vers.
1070 3047 1120 3110 15.
1136 3044 1784 3131 Qucmepcoiosipedeceuonpclizantiam

297 3155 415 3219 paoem,
438 3135 720 3218 cucaqctirontium
745 3135 836 3200 bono.
850 3135 912 3201 Ill.
926 3137 1056 3219 rlrporu.
1071 3133 1153 3210 Quia
1165 3135 1245 3198 haec
1257 3135 1396 3200 solennis
1414 3134 1598 3200 Benedictio
1611 3135 1785 3202 reducitur

299 3225 337 3288 ad
362 3223 581 3287 Precationem
607 3245 665 3307 pro
677 3222 831 3302 Ecclesia,
844 3226 867 3290 lv
881 3224 1067 3308 petitionem
1078 3222 1334 3289 benedictionum
1350 3222 1568 3308 spiritualium
1581 3223 1674 3310 [pag.
1696 3225 1784 3310 516]

298 3335 334 3376 11
346 3311 571 3394 temporalium
582 3334 640 3395 pro
652 3311 806 3377 Ecclesia.
832 3312 933 3396 Atqui
945 3312 1165 3376 Precationem
1176 3333 1235 3396 pro
1248 3311 1413 3396 quibusvis
1430 3311 1613 3378 hominibus
1627 3314 1651 3380 ἃ
1665 3335 1784 3380 neces-

298 3399 484 3465 sitatibus-a
496 3398 643 3464 Ministro
660 3399 821 3464 Ecclesiae
838 3401 898 3466 rite
911 3401 979 3466 lieri
992 3423 1085 3466 nemo
1101 3402 1278 3486 negaverit,
1291 3402 1314 3466 b
1327 3423 1394 3486 cap.
1408 3400 1552 3486 proxime
1569 3403 1785 3484 praecedeuti

297 3489 468 3573 probatum
482 3492 538 3553 est.
553 3487 651 3554 Recte
664 3509 723 3574 ego
736 3488 848 3554 Preces
862 3513 918 3574 pro
930 3491 1013 3554 bono
1025 3489 1198 3568 Ecclesiae,
1211 3489 1244 3554 in
1253 3489 1334 3556 facie
1343 3490 1505 3557 Ecclesiae
1513 3491 1784 3574 pronuntiantur,

297 3578 337 3642 ad
361 3599 440 3661 quas
452 3599 561 3642 omnes
578 3577 686 3642 fideles
702 3577 809 3642 dicant
824 3577 937 3642 Amen.
953 3581 971 3643 I
978 3580 1008 3644 V.
1021 3579 1155 3664 Arpurn.
1168 3580 1253 3664 quia,
1266 3580 1424 3663 siquidem
1436 3601 1499 3644 non
1510 3583 1638 3643 tautum
1655 3581 1785 3660 votiva,

297 3667 352 3731 sed
375 3668 398 3732 6
425 3665 629 3750 promissoris
656 3688 693 3730 ac
718 3666 938 3732 denuntiativa
962 3667 1005 3730 sit
1032 3667 1211 3731 benedictio
1223 3668 1275 3754 (de
1292 3691 1355 3752 quo
1371 3675 1492 3744 (tuaest.
1505 3667 1671 3754 sequemet,
1687 3669 1786 3754 pie&

298 3753 445 3823 εὐτάκτως
468 3777 538 3819 earn
562 3755 641 3834 fieri,
665 3758 839 3820 constater
856 3755 984 3840 proprio
997 3757 1175 3834 munera&
1191 3760 1349 3839 potestate
1366 3755 1514 3843 delegata
1526 3755 1688 3822 Ministris
1702 3781 1785 3824 con-

299 3845 397 3920 cessa,
410 3847 473 3928 qut
486 3844 668 3926 praedicant
680 3845 884 3928 euangelium
891 3843 987 3928 pacis
1000 3883 1039 3891 -
1051 3846 1092 3910 11.
1103 3846 1228 3927 Quaest.
1244 3843 1297 3908 An
1306 3845 1518 3912 ecclesiastica
1526 3845 1584 3910 illa
1593 3846 1786 3914 benedictio

297 3930 340 3993 sit
354 3933 432 4013 pure
448 3932 554 3995 votiva
570 3955 625 3996 seu
641 3928 755 4000 stertat
770 3933 1000 4016 apprecatoria,
1012 3955 1053 3998 an
1070 3933 1167 3997 etiarn
1180 3933 1401 4000 denuntiativa
1413 3937 1436 4002 81
1448 3935 1672 4019 promissoris?
1682 3937 1785 4022 Resp.

296 4022 353 4104 off.
365 4021 520 4102 postcrias
537 4022 561 4085 1.
578 4043 616 4084 err
627 4019 760 4085 Numer.
778 4022 808 4085 6.
822 4044 901 4087 vers.
916 4023 964 4086 ult
987 4021 1017 4087 a·
1030 4035 1153 4106 portant
1164 4043 1314 4088 norncraa
1324 4045 1397 4090 cam
1412 4045 1508 4108 caper
1519 4025 1603 4111 filios
1617 4025 1736 4104 Israel,
1751 4025 1786 4092 E·

294 4127 348 4188 epo
371 4106 547 4174 benedicam
569 4110 622 4174 cio.
650 4109 741 4185 Quod
768 4110 865 4174 etiam
888 4111 1067 4194 applicatur
1079 4111 1120 4175 ad
1131 4110 1296 4176 Ministros
1315 4111 1357 4180 N.
1370 4112 1408 4178 Τ.
1420 4111 1538 4178 Matth.
1555 4113 1605 4176 10.
1619 4135 1705 4178 vers.
1725 4117 1786 4182 13.

297 4195 333 4258 Et
356 4195 510 4279 siquidcm
532 4199 627 4281 {eterit
650 4199 763 4263 doram
775 4199 883 4283 dipreo,
898 4201 996 4264 ocatto
1008 4221 1072 4282 par
1090 4212 1189 4265 cestra
1201 4222 1301 4287 supro
1316 4223 1387 4268 cam
1399 4201 1454 4268 Ec.
1468 4201 1603 4266 Roman.
1621 4201 1672 4264 16.
1688 4226 1783 4270 vers.

297 4282 349 4345 20.
365 4281 466 4349 Porro
481 4286 565 4350 Deus
575 4288 663 4370 pacis
674 4299 805 4352 conteret
818 4287 970 4353 Saturtam
982 4288 1040 4353 sub
1051 4289 1183 4372 peditus
1196 4291 1305 4356 vestris
1320 4293 1388 4357 cito.
1404 4292 1515 4360 Grotici
1529 4291 1652 4356 domim
1668 4296 1786 4360 rroslrt

295 4371 368 4436 lectt
392 4371 507 4438 Christi
530 4374 569 4440 eit
594 4375 758 4444 vobiscum.
782 4376 890 4444 Arcera.
916 4379 957 4442 Il.
974 4378 1057 4462 Quia
1070 4375 1211 4446 Ministri
1223 4383 1298 4446 sunt
1310 4381 1411 4468 legati
1423 4380 1496 4463 Dei,
1508 4383 1585 4446 sunt
1594 4383 1788 4460 «oeconomi,

1707 4476 1795 4538 sunt
