3768 4842
804 289 983 330 consectans
1008 287 1109 330 Tomos
1133 289 1245 330 OPERIS.

462 452 612 602 {xercitqa
642 451 796 516 falsarum
826 451 1017 536 religionum
1054 449 1216 534 prohiberi
1247 473 1283 514 ac
1315 450 1451 514 coerceri
1481 448 1629 532 possint?
1660 451 1752 536 [pag.

454 627 564 714 'Caput
592 631 621 692 V.
642 541 695 694 JDe
708 626 878 707 Libertate,
892 632 982 692 extra
994 627 1213 692 conventicula
1227 631 1282 691 ant
1294 628 1413 710 absque
1426 626 1476 706 iis,
1491 625 1608 692 falsam
1620 627 1752 712 religio-

463 740 536 782 nem
548 739 631 797 voce,
649 719 784 802 scriptis,
797 718 891 782 factis
903 716 1072 800 profitendi
1085 740 1120 781 ac
1136 716 1333 795 defendendi,
1345 720 1378 780 et
1389 715 1568 800 oppositam
1582 716 1752 780 veritatem

465 807 670 892 oppugnandi
684 807 777 892 [pag.
793 807 894 870 473-
904 804 995 890 479}

470 895 570 979 Caput
597 895 643 960 VI.
668 894 716 959 De
736 893 944 971 Quaestione:
967 896 1017 957 An
1038 892 1247 978 Magistratus
1261 897 1387 957 tantum
1403 897 1532 978 propter
1544 892 1753 977 particulares

465 983 603 1048 rationes
629 984 785 1068 politicae,
805 1006 868 1048 non
885 1005 958 1048 vero
971 986 1100 1066 propter
1112 982 1429 1064 generalesrationes
1441 982 1648 1068 theologicas,
1662 1004 1753 1046 exer-

464 1073 540 1137 citia
559 1076 591 1136 et
603 1073 866 1156 propagationem
880 1071 1035 1135 falsarum
1048 1071 1250 1156 religionum,
1264 1071 1330 1134 sive
1341 1071 1517 1135 infidelium
1534 1071 1601 1135 sive
1613 1070 1755 1134 haereti-

413 1219 417 1226 .
464 1183 583 1238 carum,
606 1161 760 1244 impedire
784 1161 884 1244 possit
909 1163 964 1224 aut
976 1160 1113 1224 debeat?
1137 1158 1181 1222 Et
1201 1159 1253 1224 An
1266 1160 1299 1223 in
1312 1159 1426 1244 Belgio
1442 1159 1614 1236 foederato,
1627 1163 1751 1224 tantum

466 1253 595 1334 propter
611 1251 750 1315 rationes
762 1250 907 1333 politicas
918 1249 1072 1312 hactenus
1085 1247 1257 1331 impeditae
1269 1248 1358 1312 sint?
1369 1247 1460 1334 [pag.
1474 1247 1676 1334 lae-490}

467 1341 566 1422 Capul
586 1338 652 1404 VII.
678 1338 732 1402 An
754 1338 903 1422 Papismo
927 1337 1058 1401 libertas
1083 1335 1225 1401 exercitii
1249 1337 1281 1400 in
1303 1335 1427 1400 Politiis
1448 1337 1629 1403 reformatis
1645 1359 1756 1402 conce·

466 1427 568 1491 denda
585 1427 651 1492 sit?
665 1427 755 1513 [pag.
769 1425 972 1510 tao-497}

470 1517 570 1600 Caput
595 1514 675 1582 VIII.
689 1516 741 1582 An
754 1517 814 1580 hoo
825 1520 970 1598 tempore
986 1513 1126 1597 Papistis
1143 1513 1175 1576 in
1192 1513 1305 1598 Belgio
1321 1512 1505 1592 Foederata,
1523 1515 1589 1578 sive
1600 1515 1641 1578 ob
1654 1513 1755 1578 ratio-

467 1627 522 1670 nes
545 1604 701 1688 politicas,
729 1605 796 1669 sive
822 1604 863 1669 ob
887 1602 1125 1680 ecclesiasticae,
1152 1601 1283 1666 libertas
1308 1602 1451 1667 exercitii
1472 1602 1669 1668 concedenda
1690 1602 1756 1666 sit?

317 1731 324 1746 ·
350 1757 353 1762 ,
469 1693 559 1778 [pag.
577 1693 780 1757 497-529.

470 1784 569 1866 Caput
586 1783 639 1848 IX.
659 1693 817 1846 Anaeitis
831 1779 1090 1858 Antitrinitariis,
1101 1777 1291 1856 Socinianis,
1305 1777 1450 1842 Arrianis
1463 1782 1495 1842 et
1507 1779 1678 1858 similibus,
1695 1779 1753 1844 ali-

409 1895 411 1900 *
467 1871 557 1954 isque
581 1869 739 1946 fanaticis,
767 1869 799 1934 in
827 1869 939 1954 Belgio
957 1867 1132 1932 Foederato
1148 1867 1256 1951 aliqua
1268 1867 1411 1932 exercitii
1423 1871 1455 1932 et
1465 1867 1758 1932 conventiculorum

468 1958 600 2022 libertas
614 1959 730 2022 directe
743 1963 799 2022 aut
811 1958 964 2022 indirecte
977 1957 1174 2021 concedenda
1187 1957 1252 2020 sit?
1266 1957 1356 2042 [pag.
1373 1957 1577 2042 aaa—551}

472 2049 571 2130 Capul
597 2049 630 2112 X.
653 2045 703 2110 De
722 2046 1018 2113 Remonstrantium
1038 2044 1242 2129 Belgicorum
1259 2045 1419 2123 libertate,
1443 2049 1475 2108 et
1494 2045 1665 2111 tolerantia
1687 2049 1759 2108 tum

394 2156 400 2166 ·
471 2135 602 2219 politica
615 2140 685 2199 tum
705 2135 927 2200 Ecclesiastica
944 2135 1035 2220 [pag.
1053 2133 1256 2219 sal-580}

436 2247 442 2258 ·
475 2224 575 2308 (Ῑαρῑιι
591 2226 641 2289 XI.
663 2223 711 2288 De
724 2224 886 2289 Libertate
899 2222 1098 2300 exemtionis,
1113 2245 1167 2286 seu
1184 2221 1398 2286 immunitatis
1410 2221 1652 2288 Ecclesiasticae
1666 2222 1758 2308 [pag.

472 2403 572 2486 Caput
586 2400 656 2468 XII.
676 2402 725 2466 De
737 2401 905 2487 Dignitate
917 2400 1079 2466 Ecclesiae
1092 2400 1183 2485 [pag.
1197 2398 1400 2485 ast-594}

378 2539 578 2611 Tractatns
592 2537 640 2612 Il.
659 2539 714 2611 De
728 2539 878 2612 Peculio
894 2536 1092 2628 Ecclesiae,
1107 2559 1172 2610 seu
1187 2536 1233 2609 de
1249 2535 1361 2610 Bonis
1375 2536 1657 2613 Ecclesiastieis.

475 2671 622 2821 Capat5I.
648 2667 697 2734 De
717 2670 855 2816 nqmine,
868 2668 1063 2747 definitione,
1079 2671 1112 2733 et
1124 2668 1277 2733 divisione
1290 2667 1451 2732 Bonorum
1463 2668 1760 2736 Ecclesiasticorum

475 2759 566 2844 [pag.
602 2759 733 2822 95-62
779 2807 786 2823 .

477 2847 577 2932 Caput
590 2848 634 2913 II.
649 2847 698 2911 An
712 2759 802 2912 Boira
814 2845 1048 2926 Ecclesiastica‚
1061 2850 1132 2929 post
1145 2846 1385 2929 pertendentem
1396 2845 1429 2908 in
1443 2845 1592 2911 Ecclesiis
1604 2846 1762 2932 Europeis

473 2935 735 3001 reformationem
757 2936 913 3018 superiori
937 2941 970 2999 et
991 2935 1052 2999 hoc
1068 2939 1176 2999 nostro
1192 2935 1319 2999 saeculo
1332 2937 1468 3018 reperta,
1481 2935 1545 3000 sint
1556 2934 1639 3001 bona
1650 2935 1763 3002 Eccle-

474 3025 627 3090 siastica?
642 3025 733 3111 [pag.
748 3023 951 3109 627—665}

478 3113 579 3198 Capra
592 3115 652 3180 III.
681 3112 825 3178 Secunda
842 3112 986 3196 quaestio
999 3111 1158 3196 generalis
1175 3115 1223 3176 est
1246 3111 1284 3175 de
1296 3111 1420 3196 origine
1433 3115 1465 3176 et
1482 3113 1691 3196 acquisitione
1702 3113 1762 3178 bo-

474 3225 587 3267 norum
611 3202 917 3268 Ecclesiasticornm.
940 3199 1007 3266 Ubi
1030 3201 1108 3265 haec
1132 3223 1186 3264 sex
1210 3203 1329 3284 puncta
1352 3199 1499 3264 distincte
1523 3202 1761 3267 consideranda.

478 3291 505 3356 l.
524 3291 597 3368 (lui,
618 3294 649 3356 et
669 3291 785 3375 quibus
805 3293 981 3373 acquirant.
1005 3289 1035 3353 2.
1061 3288 1154 3373 Apud
1174 3312 1262 3374 quos.
1284 3290 1313 3352 3.
1339 3287 1398 3352 Per
1417 3289 1509 3370 quod,
1527 3313 1581 3354 seu
1594 3291 1762 3374 quomodo.

476 3381 507 3444 4.
525 3379 635 3456 Quale.
652 3379 681 3442 5.
695 3379 866 3456 Quantum.
881 3379 911 3444 [i.
926 3378 996 3454 Quo
1008 3377 1071 3442 tine
1084 3382 1116 3442 et
1129 3379 1242 3442 effectu
1256 3381 1270 3443 l
1284 3377 1375 3463 [pag.
1387 3376 1590 3464 libb-675}

480 3471 579 3554 Caput
605 3470 660 3534 IV.
684 3468 733 3533 De
758 3473 832 3532 cura
852 3471 884 3531 et
896 3465 1170 3532 administratione
1183 3465 1343 3530 Bonorum
1356 3465 1669 3532 Ecclesiastioorum:
1696 3466 1763 3534 Ubi

477 3559 538 3622 duo
561 3557 796 3622 consideranda.
822 3557 850 3619 1.
871 3555 933 3620 Per
956 3577 1044 3639 quos.
1069 3557 1098 3619 2.
1113 3553 1274 3629 Quomodo
1286 3557 1435 3619 curentur
1447 3557 1479 3617 et
1492 3555 1763 3623 administrentur.

478 3646 527 3711 De
551 3645 649 3730 priori
672 3645 758 3710 facta
781 3644 973 3722 referuntur,
998 3647 1030 3707 et
1053 3643 1254 3728 quaestiones
1271 3644 1392 3727 aliquot
1409 3643 1659 3709 determinantur
1672 3646 1765 3732 [pag.

481 3827 580 3907 Capra
611 3825 641 3887 V.
655 3735 823 3887 ]Probatur
846 3843 955 3886 curam
978 3825 1011 3885 et
1034 3821 1341 3886 administrationem
1364 3820 1526 3886 Bonorum
1538 3823 1719 3886 consistere.
1735 3823 1764 3887 l.

478 3911 516 3977 In
541 3911 702 3991 Custodia,
727 3933 782 3975 seu
795 3910 1041 3976 conservatione.
1063 3911 1093 3974 2.
1106 3908 1144 3974 In
1157 3909 1391 3993 dispensatione
1404 3933 1458 3974 seu
1475 3911 1658 3996 erogatione
1671 3911 1764 3996 [pag.

481 4088 581 4174 Capul
610 4091 656 4153 VI.
684 4088 733 4154 De
757 4111 816 4154 usu
843 4092 875 4152 et
896 4087 998 4152 abusu
1020 4087 1186 4152 honorum.
1222 4088 1249 4148 1.
1274 4085 1461 4150 Praemissis
1484 4087 1707 4172 praecognitis.
1733 4089 1764 4150 2.

480 4177 687 4254 Quaestiones
708 4177 830 4262 aliquot
843 4180 1069 4260 proponuntur.
1084 4177 1114 4240 3.
1126 4173 1167 4233 τὰ
1181 4171 1298 4249 κρυπτὰ
1310 4183 1364 4243 ra
1377 4173 1516 4252 αἶσχόνης
1528 4176 1721 4260 deteguntur
1733 4180 1766 4238 ot

480 4270 682 4332 removentur
696 4267 785 4352 [pag.
800 4265 1002 4351 uel-722}

484 4355 583 4440 Caput
604 4357 665 4421 VII.
679 4354 883 4440 Deteguntur
898 4353 1020 4418 occulta
1034 4352 1204 4433 dedeoon's,
1219 4356 1251 4416 et
1259 4351 1341 4415 inter
1353 4353 1554 4418 abutentium
1566 4352 1766 4505 apollogetico

1644 4491 1651 4506 .
1694 4462 1766 4506 ara-
