3752 4858
327 341 390 404 226
703 334 863 400 Pourrrcua
879 329 1128 398 Eoounsusrrcuu
1141 330 1226 395 Pras
1239 329 1264 395 I.
1288 329 1354 396 Iria.
1368 327 1411 395 Il.

326 524 574 601 Eucharistiam,
598 542 695 605 quam
707 525 815 584 tamen
839 543 931 586 nemo
952 519 1014 604 ipsi
1026 519 1093 584 illic
1104 519 1175 595 loci,
1187 519 1250 584 nisi
1267 515 1414 582 Minister
1425 514 1606 580 haereticus
1622 521 1676 582 aut
1690 518 1779 584 idolo-

326 614 468 690 latricus,
482 613 573 698 [pag.
589 609 669 695 764]
683 613 739 673 aut
764 608 908 692 privatus
921 609 1034 686 fidelis,
1048 611 1104 674 aut
1115 608 1183 691 ipse
1199 607 1406 672 moribundus
1419 605 1481 670 sibi
1493 605 1655 691 porrigere
1667 613 1777 691 posset:

326 725 366 766 au
379 703 446 766 sine
460 703 542 776 tayo
554 700 601 764 ita
616 701 745 763 sumet?
759 720 798 761 an
810 699 1006 774 alacritas
1018 697 1079 762 Dei
1092 696 1266 761 substituet
1281 699 1337 760 aut
1350 697 1545 778 postponet?
1558 692 1610 759 Au
1622 719 1693 761 vero
1704 699 1777 761 refo-

325 791 448 854 cillabit
471 811 503 854 se
525 791 547 855 b
572 788 751 872 acquiescet
774 786 880 850 anima
904 786 971 869 ejus
994 785 1027 849 in
1050 786 1106 850 illo
1129 784 1320 870 Augustini:
1336 785 1420 866 Quid
1433 783 1779 868 pacasosdoealrcm?

324 880 411 944 crede
429 877 460 944 a
475 878 674 942 anonumum
682 883 698 938 Ρ
711 873 763 939 Sic
776 875 913 938 arbitror
925 897 996 938 oum
1008 875 1155 940 omnibus
1167 871 1424 938 Protestantibus
1436 875 1459 938 la
1471 871 1676 955 Reformatis,
1688 876 1778 940 uomi-

324 972 435 1032 natum
448 989 520 1032 cum
534 966 703 1042 Baldaiao,
722 965 859 1042 Haltero,
871 964 1034 1029 maluero
1046 964 1139 1028 modo
1151 964 1198 1027 cil.
1214 964 1339 1044 Qaacsl.
1355 962 1406 1025 ol.
1420 961 1473 1027 65.
1491 962 1544 1026 66.
1558 962 1612 1027 67.
1624 963 1779 1029 Neminem

324 1057 410 1136 novi,
436 1057 491 1140 qui
511 1055 713 1138 antiquorum
726 1053 980 1118 coasrcelarliacru
998 1053 1092 1136 saetis
1104 1053 1181 1136 ipsis
1193 1051 1425 1135 comprobatam
1443 1049 1668 1136 (referentibus
1684 1054 1779 1138 &pro-

325 1145 475 1210 bantibus
492 1145 683 1211 Tertulliano
695 1143 732 1207 (lc
745 1142 965 1206 Exhortatioac
980 1141 1144 1217 Caslilalr's,
1161 1141 1315 1207 &Basilio
1327 1141 1426 1225 Epist.
1439 1140 1482 1204 ccl
1495 1141 1677 1208 Caesarium
1690 1144 1779 1208 Patri·

325 1235 408 1299 ciaru
429 1238 448 1298 a
473 1233 587 1298 Vossio
599 1231 780 1316 Tungrensi
797 1231 978 1314 praeposito
991 1252 1039 1314 gr.
1053 1230 1107 1294 lat.
1122 1251 1204 1293 auno
1219 1229 1314 1293 1604.
1328 1251 1400 1294 cum
1413 1229 1562 1312 operibus
1576 1228 1671 1316 Greg.
1683 1231 1781 1297 Thau-

325 1323 463 1408 meturgi
476 1322 574 1404 edita)
588 1324 765 1384 revocatam
779 1319 865 1382 velit.
881 1319 1009 1384 Grotius
1022 1319 1098 1402 quid
1110 1318 1247 1382 voluerit
1259 1316 1490 1382 Dissertatione
1503 1341 1587 1383 anno
1603 1321 1698 1386 1638.
1713 1322 1779 1385 Am·

324 1411 491 1476 stelodami
516 1415 630 1475 excusa
654 1409 738 1492 apud
762 1407 792 1472 J.
808 1407 1006 1486 Columnam,
1024 1409 1061 1471 cle
1079 1407 1196 1472 Cocaae
1207 1407 1491 1490 adraiaistralioae,
1509 1407 1564 1472 ati
1573 1421 1715 1492 pastores
1726 1431 1779 1474 aar

323 1513 408 1566 saal.
422 1501 508 1578 llcru,
522 1501 573 1564 Aa
589 1519 710 1582 seraper
721 1497 1020 1562 comruaaieaarlam
1028 1495 1243 1582 perspmtobu
1258 1494 1338 1560 haut
1349 1495 1478 1560 difficile
1491 1500 1539 1560 est
1552 1499 1707 1582 conjicere
1717 1499 1779 1578 illis,

323 1590 379 1672 qui
387 1593 507 1653 statum
520 1611 626 1652 rerum
634 1586 734 1670 ipsius
743 1590 869 1649 norunt.
880 1585 917 1650 ln
926 1585 1117 1649 reformatae
1126 1584 1288 1649 Ecclesiae
1298 1585 1517 1649 communione
1527 1588 1618 1669 aqut
1628 1587 1779 1665 defecerat,

324 1679 461 1742 Coenam
478 1676 615 1760 amplius
627 1674 789 1759 percipere
800 1674 938 1738 uolebat:
953 1696 1009 1737 nec
1022 1672 1127 1758 Regni
1140 1671 1262 1738 Sueciai
1275 1672 1396 1758 Legato
1408 1675 1616 1739 conveniebat
1632 1677 1672 1740 ad
1683 1677 1780 1742 Eccle-

323 1768 403 1830 siam
420 1765 598 1830 Romanam
613 1764 763 1828 transire:
778 1785 834 1826 uec
848 1766 866 1826 a
879 1761 1027 1826 Ministro
1039 1761 1232 1840 butherano,
1245 1761 1299 1845 qui
1313 1762 1508 1846 aliquamdiu
1522 1763 1595 1828 istic
1607 1767 1645 1850 (a
1657 1767 1781 1850 quidem,

270 1923 280 1938 ⁴
324 1856 371 1919 uti
388 1855 467 1919 mihi
483 1855 631 1930 relatum,
648 1853 681 1915 in
694 1851 901 1917 contubernio
915 1855 971 1916 aut
986 1851 1140 1916 comitatu
1151 1850 1266 1934 ipsius)
1278 1856 1491 1916 commoratus
1503 1851 1620 1932 fuerat,
1637 1856 1780 1940 siquidem
1855 1849 1856 1864 ¹

322 1945 390 2028 ipse
417 1943 557 2026 recipere
581 1941 742 2020 voluisset,
767 1939 861 2004 facile
888 1940 1099 2024 impetrasset,
1114 1944 1149 2004 ut
1162 1939 1241 2003 Viro
1253 1961 1316 2004 non
1333 1961 1408 2004 suae
1421 1940 1494 2005 fidei
1506 1942 1529 2006 tr
1542 1941 1781 2024 confessionis&

323 2033 407 2116 quod
423 2033 494 2116 plus
509 2035 602 2110 esset,
615 2030 690 2094 talis
702 2028 917 2113 professionis,
932 2029 1070 2094 Coenam
1083 2028 1250 2093 conferret:
1263 2050 1321 2092 nec
1333 2027 1506 2094 Ecclesia&
1518 2032 1782 2098 commuuioNeo·

326 2121 619 2186 ltemonstrauticae
643 2118 802 2183 factionis
814 2117 887 2182 istic
901 2116 1015 2181 haberi
1026 2121 1162 2201 poterat.
1176 2116 1261 2181 Hinc
1274 2139 1350 2201 ergo
1366 2121 1513 2183 extrusae
1529 2120 1738 2204 cogitationis,
1749 2121 1780 2184 de

323 2233 385 2274 non
409 2207 670 2273 communicando
694 2229 752 2291 per
776 2206 932 2291 symbola,
948 2207 971 2271 lc
984 2207 1021 2270 de
1035 2205 1158 2271 Coenus
1174 2206 1448 2271 administratione
1461 2207 1582 2291 absque
1594 2207 1733 2274 Pastore.
1745 2209 1780 2273 a

323 2300 408 2362 certe
428 2297 574 2361 hodierni
588 2294 714 2361 Sociani
730 2296 844 2379 cupide
857 2294 1035 2379 arriperent
1051 2295 1122 2374 ista,
1136 2317 1217 2379 quae
1234 2317 1273 2359 ex
1289 2293 1499 2374 Tertulliano,
1512 2295 1696 2363 Laodicensi
1709 2299 1779 2364 Con·

323 2388 406 2466 cilio,
432 2387 559 2452 Erasmi
581 2386 681 2470 Epist.
693 2384 760 2450 Lib.
772 2383 824 2448 26.
838 2385 881 2449 ad
893 2384 1072 2450 dalbertum
1089 2385 1295 2456 Touslallam,
1310 2384 1348 2448 de
1360 2385 1544 2468 quorumvis
1558 2385 1655 2451 etiam
1667 2386 1780 2452 Faeni·

323 2497 438 2541 narum
462 2475 532 2560 (ubi
553 2473 625 2538 Viri
641 2475 766 2553 desunt)
791 2471 969 2556 baptismo,
987 2472 1126 2538 &Coena
1137 2473 1170 2536 iu
1184 2473 1317 2556 privatis
1330 2473 1462 2537 a‘edibus
1474 2475 1497 2539 lc
1509 2472 1642 2540 familiis
1655 2477 1777 2540 admini-

323 2565 462 2629 stranda.
487 2561 647 2646 Quidquid
663 2563 705 2626 sit
720 2563 758 2626 de
774 2562 894 2626 talibus
907 2562 1194 2640 dissertationibus,
1208 2561 1359 2626 videbunt
1371 2562 1486 2626 saltem
1498 2561 1659 2652 Pontifioii
1671 2566 1778 2650 pariter

323 2677 394 2718 cum
412 2652 666 2716 protestantibus
676 2653 698 2716 la
707 2649 913 2730 Reformatis,
926 2649 1156 2716 &Moutacutio
1168 2650 1303 2733 aliisque
1324 2652 1574 2716 ceremoniarum
1594 2655 1774 2737 quarundam

280 2770 282 2776 ·
322 2743 440 2817 zelotis,
454 2741 534 2805 illud
545 2739 586 2799 τὰ
595 2739 773 2819 sesama
782 2743 968 2814 κρατεῖσθαις
984 2739 1052 2803 siue
1061 2739 1187 2803 dicensi
1196 2761 1258 2803 non
1267 2761 1392 2822 semper
1400 2740 1690 2808 occineudumesse.
1699 2745 1776 2826 ltap.
1853 2793 1854 2798 1

322 2835 352 2896 4.
373 2830 572 2896 concedimus
584 2850 676 2912 posse
693 2851 784 2892 casus
800 2827 948 2906 incidere,
962 2829 999 2890 ut
1011 2829 1083 2912 quis
1096 2828 1129 2892 iu
1142 2828 1208 2892 vita
1220 2833 1277 2892 sua
1290 2827 1485 2913 neglexisset
1497 2828 1645 2910 Coenam,
1658 2833 1680 2896 la
1693 2855 1774 2916 prop·

322 2924 410 2984 terea
422 2918 614 2983 conscientia
622 2917 656 2981 in
668 2917 778 2982 morbo
790 2921 847 2982 aut
855 2915 966 2980 mortis
975 2938 1077 2999 agone
1089 2917 1231 3001 graviter
1239 2916 1369 2994 afflicta,
1378 2917 1552 3002 gemitibus
1560 2920 1774 2985 ardentissimis

322 3012 485 3093 expeteret
508 3029 592 3071 nunc
615 3006 675 3070 hoe
698 3005 806 3089 sigillo
829 3009 982 3089 tanquam
1005 3005 1184 3070 membrum
1197 3004 1315 3070 Christi
1328 3006 1351 3071 la
1364 3005 1526 3072 Ecclesiae
1539 3007 1709 3093 obsignari.
1723 3008 1771 3074 Cui

321 3097 514 3182 praehabito
533 3094 663 3160 oonsilio
687 3097 710 3162 la
733 3095 858 3159 decreto
881 3092 1771 3181 ConsistoriiautMinisteriiecclesiastici(p1ivatoenim

321 3187 415 3251 unius
432 3185 551 3270 judicio
568 3184 628 3248 hoc
648 3183 910 3248 committendum
926 3204 989 3246 non
1002 3183 1074 3266 est),
1086 3183 1119 3246 in
1136 3183 1199 3248 ista
1214 3183 1390 3247 tentatione
1407 3185 1430 3249 b
1446 3184 1656 3251 conscientiae
1669 3207 1773 3272 angore

322 3275 461 3340 succurri
469 3295 562 3357 posse
574 3294 666 3336 nemo
679 3271 834 3336 Nostrum
846 3275 953 3356 negat:
967 3271 1147 3355 nequidem
1160 3271 1286 3348 Zadeel,
1299 3271 1463 3336 Masculus
1471 3271 1659 3353 Trelcatius;
1672 3276 1721 3360 qui
1731 3275 1772 3338 hic

319 3369 474 3448 tauquam
497 3361 598 3446 rigide
617 3365 775 3450 negantes
798 3361 839 3424 ab
860 3360 1020 3424 Eclclrardo
1033 3360 1241 3425 adducuntur.
1254 3359 1324 3424 Hoc
1335 3360 1384 3425 illi
1397 3362 1576 3442 voluerunt,
1589 3363 1614 3428 ds
1626 3363 1689 3430 Nos
1711 3383 1772 3428 cum

320 3453 395 3531 illis,
408 3474 448 3516 ne
460 3473 499 3515 ex
511 3473 586 3514 casu
599 3449 848 3514 extraordinario
860 3449 911 3512 lex
924 3449 981 3512 fiat
993 3453 1049 3512 aut
1060 3448 1430 3514 consuetudoordinaria:
1440 3452 1463 3516 a
1472 3473 1511 3514 ue
1520 3473 1619 3517 coena
1628 3451 1772 3537 &synaxis

319 3543 352 3605 in
377 3538 652 3605 manducationem
671 3537 849 3602 solitariam
861 3537 979 3622 (qualia
993 3541 1040 3602 est
1056 3536 1237 3602 Sacerdotis
1264 3538 1420 3622 missifici)
1433 3539 1772 3606 transformetu1·.Hiuc

321 3629 471 3715 estquod
480 3628 507 3692 si
516 3627 591 3692 talis
600 3649 690 3691 casus
700 3627 818 3691 alicubi
826 3626 972 3691 inciderit
981 3626 1032 3710 (de
1041 3649 1104 3691 uno
1114 3628 1229 3692 saltem
1237 3627 1369 3691 memini
1378 3649 1427 3692 me
1437 3627 1608 3712 aliquando
1618 3631 1771 3706 audivisse)

320 3743 383 3784 non
395 3719 462 3783 sine
476 3716 669 3782 Consistorio
686 3716 776 3802 [pag.
792 3715 872 3800 765]
885 3719 942 3778 aut
954 3715 1116 3798 aliquibus
1129 3738 1166 3780 ex
1180 3715 1384 3794 Consistori0,
1397 3716 1771 3800 &aliisquibusdamlide-

319 3809 404 3872 libus
427 3829 491 3872 una
514 3804 821 3870 communicantibus
845 3803 950 3868 Coena
973 3803 1153 3869 adlectum
1173 3803 1307 3890 Aegroti
1322 3804 1492 3869 distributa
1504 3805 1618 3873 fuerit:
1632 3807 1771 3892 atqueita

319 3897 463 3962 infirmus
488 3895 549 3959 hoc
576 3893 669 3976 epulo
691 3891 795 3969 δείπνῳ
816 3892 959 3958 convivio
982 3895 1154 3958 secundum
1179 3892 1298 3958 Christi
1321 3893 1553 3958 ordinationem
1569 3895 1771 3975 celebratata

319 3985 540 4051 communione
563 4004 635 4047 eum
656 3981 817 4047 Christo&
830 4003 960 4066 corpore
972 3981 1072 4064 ipsius
1088 3983 1213 4047 mistico
1226 3982 1257 4047 h.
1272 4005 1298 4047 e.
1311 3985 1421 4046 sanctt
1432 3982 1533 4066 ipsius
1545 3983 1694 4066 Ecclesia,
1705 4007 1770 4050 cou-

319 4077 473 4138 firmatus.
499 4073 604 4136 Aliter
627 4071 809 4155 accipienda
831 4093 894 4136 uon
918 4073 967 4135 est
989 4072 1147 4136 sententia
1170 4070 1282 4150 Bezae,
1305 4092 1401 4154 quem
1416 4071 1590 4137 introducit
1601 4075 1770 4140 Eclrlrurdcrs

319 4163 491 4228 dicentem:
512 4160 553 4226 Se
569 4181 632 4223 non
644 4161 812 4224 damnare:
826 4160 932 4225 sisino
946 4159 1180 4242 superstitione,
1194 4164 1289 4244 atque
1303 4160 1501 4238 offendiculo,
1518 4163 1625 4228 &cum
1638 4164 1769 4229 aedifica·

319 4253 405 4316 tione
415 4250 576 4314 Ecclesiae
584 4248 748 4313 observari
757 4248 875 4313 alicubi
884 4253 999 4331 potest.
1008 4247 1174 4313 Similibus
1183 4248 1426 4314 limitatiouibus
1433 4271 1469 4326 ¹se
1477 4249 1617 4333 explicat
1624 4253 1769 4319 Martha

319 4344 354 4406 ia
367 4341 464 4424 spise.
479 4351 562 4422 part.
579 4336 1050 4422 l.,euu1Cenevensibus,pap.
1068 4339 1179 4404 422&
1195 4338 1268 4402 155.
1283 4339 1379 4422 Epist.
1396 4339 1438 4404 ad
1449 4339 1516 4404 lob.
1532 4342 1701 4408 Crotonem.

369 4431 418 4507 ,7.
431 4430 500 4493 llat
520 4425 665 4510 Aegroti,
684 4429 794 4508 utpote
812 4427 866 4509 qui
880 4449 974 4490 sensu
988 4431 1188 4509 peccatorum
1205 4449 1333 4492 suorum
1347 4427 1481 4492 maxime
1494 4437 1667 4514 anguntur,
1678 4453 1769 4497 sacra-

1677 4525 1771 4586 mento
