3722 4850
269 315 322 360 VIll

318 481 518 564 „Aliquando
542 481 679 546 sufficiet
691 481 830 546 breviter
843 503 964 545 errores
980 475 1123 548 indicari.
1140 481 1237 560 atque
1253 498 1291 540 ex
1308 474 1375 540 solo
1391 479 1482 540 textu
1494 473 1640 538 refutari.
1667 474 1737 538 Ali-

269 571 406 656 quando,
429 570 493 634 alia
516 571 670 655 quaedam
694 571 878 636 testimonia
901 567 1084 652 Scripturas
1108 571 1205 650 atque
1229 569 1418 650 argumenta
1431 563 1502 628 addi
1516 569 1662 647 possunt,
1680 587 1736 648 pro

270 659 460 724 Auditorum
488 659 672 742 capacitate.
697 657 782 724 Raro
806 659 945 723 rationes
963 656 1226 721 Adversariorum
1242 654 1464 738 proponendae
1478 675 1514 716 ac
1525 651 1736 717 refutandae:

270 748 330 812 nisi
346 747 441 812 tritae
458 748 532 810 sint.
548 748 699 813 &nostris
716 747 812 832 vulgo
826 752 882 812 aut
896 747 1030 811 subinde
1042 745 1122 808 tales
1138 743 1233 827 objici
1249 743 1425 827 contingat.

316 837 407 918 Quod
418 836 461 900 ud
474 837 693 920 posteriorem:

319 926 385 1003 ,De
409 925 492 1008 stylo
517 925 711 1000 concionum,
735 925 816 989 nihil
840 923 927 986 uliud
953 945 1074 1000 moneo,
1102 944 1198 1006 quam
1223 921 1336 986 debere
1358 941 1511 984 comesse
1525 919 1738 1003 perspicuum,

247 1011 250 1024 '
270 1035 410 1099 gravem,
434 1016 457 1078 tt
481 1019 635 1097 quantum
652 1015 720 1078 fieri
734 1016 839 1097 potest
850 1011 1107 1095 scripturariurn:
1122 1009 1345 1075 abstinendum
1357 1013 1465 1074 tamen
1478 1011 1517 1072 ab
1535 1012 1598 1072 una
1614 1014 1704 1093 parte
1721 1033 1739 1072 a

270 1103 439 1187 phrasibus
463 1101 600 1180 comicis,
626 1104 648 1167 tr
672 1103 811 1179 ludicris,
834 1100 895 1164 feci
913 1101 1015 1184 plebis
1031 1100 1174 1174 usitatis3
1187 1121 1244 1183 per
1260 1120 1339 1181 quas
1356 1098 1519 1162 conciones
1533 1119 1641 1162 sacrae
1654 1099 1738 1181 apud

271 1191 426 1274 Populum
452 1191 616 1270 vilescunt,
633 1193 655 1257 tr
672 1192 756 1274 apud
770 1189 976 1254 Adversarios
992 1187 1225 1272 despiciuntur:
1239 1187 1279 1250 ab
1293 1187 1395 1250 alterat
1407 1191 1497 1270 parte
1512 1187 1699 1251 alenocinio
1717 1189 1739 1252 u

271 1279 448 1344 meretricio
472 1280 630 1363 pictarum
647 1280 830 1344 vocularum
843 1278 932 1353 fuc0;
947 1277 1061 1360 quibus
1077 1277 1184 1360 potius
1196 1275 1380 1340 exinanitur
1391 1275 1581 1358 simplicitas
1592 1273 1739 1358 Scriptu-

270 1391 335 1442 rae,
348 1391 444 1452 quam
459 1369 638 1432 imitatione
652 1368 850 1452 exprimitur.

315 1457 491 1521 Exornatio
504 1479 559 1521 seu
572 1459 674 1542 stylus
687 1457 781 1520 debet
795 1479 862 1520 esse
876 1455 1021 1539 simplex,
1036 1455 1230 1538 perspicuus,
1243 1454 1358 1530 facilis,
1371 1453 1518 1529 humilis;
1531 1452 1739 1517 nihilominus

271 1548 388 1631 gravis,
401 1545 524 1624 efficax,
538 1547 736 1630 patheticus:
750 1545 889 1610 breviter
901 1544 1135 1628 scripturarius.
1161 1543 1212 1608 Nc
1224 1548 1332 1607 tamen
1345 1544 1431 1626 apud
1442 1542 1584 1606 rudiores
1598 1542 1621 1607 tr
1633 1542 1739 1606 minus

272 1634 459 1699 exercitatos
483 1635 516 1697 in
539 1634 686 1698 omnibus
710 1635 755 1698 sic
778 1635 945 1698 effectetur
964 1631 1209 1716 Scripturarius,
1222 1636 1258 1695 ut
1271 1631 1417 1696 sublimis
1430 1630 1739 1695 characterdrverba

272 1723 445 1788 decumana
458 1723 530 1788 libri
542 1723 622 1794 Joti.
635 1723 761 1800 Jcsaicc,
779 1724 889 1788 cortici
903 1722 997 1786 Moris
1009 1724 1136 1786 Dcutcr.
1151 1722 1202 1783 32.
1218 1722 1421 1785 paulinorum
1431 1719 1627 1803 quorundam
1637 1722 1680 1802 (e.
1689 1741 1738 1803 gr.

274 1813 326 1878 18.
349 1816 405 1876 aut
429 1813 483 1877 42.
505 1816 562 1876 aut
587 1813 639 1875 68.
654 1816 710 1876 aut
724 1812 800 1895 ln),
815 1815 870 1876 aut
882 1811 967 1894 tropi
980 1813 1002 1875 tr
1015 1811 1187 1894 allegoriae
1204 1810 1286 1874 Paul.
1304 1809 1354 1870 45.
1370 1809 1392 1873 tr
1409 1808 1526 1874 Cantici
1540 1808 1738 1872 Conlmorrnu

272 1900 338 1965 illic
354 1900 564 1965 dominentur.
590 1900 640 1964 Ab
658 1902 759 1965 altera
775 1905 864 1984 parte
881 1921 943 1963 non
956 1899 1050 1963 debet
1066 1920 1133 1962 esse
1150 1897 1245 1962 nimis
1258 1897 1437 1974 familiaris,
1451 1897 1565 1960 similis
1578 1897 1662 1980 stylo
1674 1897 1740 1960 col-

272 1981 453 2074 loquiorum
469 1990 650 2073 puerilium,
668 1994 723 2054 aut
736 1989 980 2054 domesticorum
996 1987 1080 2051 inter
1095 1986 1282 2064 familiares
1295 1990 1351 2050 aut
1363 1986 1397 2049 in
1409 1985 1535 2050 circulis
1552 1987 1574 2050 tt
1590 1985 1740 2068 compitis

272 2079 357 2142 inter
369 2077 522 2143 amiculos
535 2081 558 2144 tr
571 2075 639 2148 τοὺς
648 2078 808 2156 τυχόντας.
823 2076 969 2159 Denique
982 2077 1043 2140 duo
1056 2076 1195 2140 maxime
1207 2080 1283 2140 suut
1295 2076 1451 2150 cavenda3
1470 2075 1575 2139 Unum
1587 2077 1636 2138 est
1645 2074 1741 2138 luxu·

272 2167 385 2231 riantis
410 2168 432 2232 tr
456 2166 598 2232 affectati
621 2167 698 2250 styli
721 2167 903 2230 ostentatio.
918 2187 981 2248 per
994 2164 1199 2228 tinnientium
1213 2166 1235 2230 tr
1251 2164 1409 2247 pictarum
1426 2163 1620 2240 vocularum,
1637 2163 1742 2227 instar

273 2255 425 2339 purpurei
437 2255 564 2338 lateque
578 2255 774 2339 splendentis
787 2255 894 2338 panni,
908 2253 1110 2318 emblemata.
1135 2251 1223 2328 Quae
1240 2253 1344 2337 pios&
1361 2252 1489 2316 devotos
1502 2251 1625 2316 animos
1638 2251 1743 2316 offen·

273 2344 362 2424 dunt,
374 2346 398 2410 tt
409 2344 487 2427 ipsis
500 2344 665 2408 orantibus
677 2343 876 2408 devotionem
889 2343 1065 2416 excutiunt,
1077 2343 1105 2406 si
1117 2363 1180 2406 uon
1192 2363 1246 2406 eos
1259 2341 1299 2406 ab
1312 2341 1422 2405 eadem
1434 2361 1548 2405 vacuos
1558 2341 1741 2419 ostendunt.

270 2433 414 2498 Alterum
439 2436 488 2497 cst
511 2433 678 2516 prolixitas
705 2432 918 2516 periodorum.
943 2430 1108 2515 Scriptura
1123 2431 1235 2495 breves
1252 2433 1274 2496 tr
1291 2429 1454 2513 expeditas
1472 2428 1571 2493 habet
1584 2428 1743 2512 periodos,

273 2521 383 2586 brevia
403 2521 473 2586 cola
496 2523 519 2588 tu
539 2526 706 2587 commata.
731 2519 862 2604 Absque
876 2521 935 2585 hac
948 2521 1105 2584 brevitate
1121 2519 1228 2584 omnia
1240 2517 1440 2601 simplicibus
1452 2517 1652 2582 auditoribus
1666 2521 1744 2582 sunt

273 2610 417 2690 obscura,
440 2608 595 2687 difficilia,
611 2611 663 2674 vix
675 2609 912 2694 intelligibilia3
925 2612 948 2676 dt
959 2613 1188 2692 consequenter
1200 2608 1410 2672 attentionem
1423 2607 1445 2671 tr
1458 2607 1657 2672 devotionem
1672 2611 1745 2670 tur·

276 2699 397 2778 bantia,
409 2720 473 2764 non
485 2699 690 2763 excitantia'’.

321 2785 395 2854 Joca
402 2789 714 2874 operantiquepolcat;
722 2788 764 2852 itu
773 2809 844 2852 cunr
852 2786 1086 2873 dequitusduru
1093 2785 1359 2870 praedicatoribus
1367 2786 1567 2850 disserentem
1576 2785 1744 2850 circli-rous.

325 2874 434 2954 ,Quod
446 2875 556 2941 foedus
572 2875 707 2942 fecerint
718 2899 790 2940 oum
802 2879 892 2939 textu
909 2897 982 2940 suo:
997 2876 1023 2939 si
1035 2881 1071 2940 tu
1083 2897 1145 2940 uon
1162 2875 1270 2959 tangis
1282 2897 1343 2952 me,
1357 2896 1417 2960 ego
1429 2896 1492 2938 uon
1504 2879 1636 2959 tangam
1649 2877 1716 2940 te.'‘

320 2964 440 3030 Irouice
455 2985 690 3052 aonrruuquuru
703 2966 736 3030 in
749 2964 957 3048 disputatione
968 2966 1087 3050 perpit:

320 3051 369 3118 Dc
393 3055 578 3137 quaestione
600 3076 659 3132 ,an
672 3054 775 3118 valide
791 3053 943 3136 baptizet,
959 3055 1015 3137 qni
1027 3057 1121 3137 putat
1133 3075 1167 3117 se
1182 3051 1345 3136 baptizare
1357 3051 1545 3116 Foeminam
1558 3052 1581 3117 tr
1596 3051 1746 3134 baptizat

276 3141 309 3205 M
312 3143 465 3222 asculum,
479 3147 535 3208 aut
547 3147 640 3226 putat
661 3165 694 3207 se
711 3141 870 3226 baptizare
882 3142 1025 3221 Petrum,
1040 3141 1217 3225 &baptizat
1227 3140 1434 3205 dohannem?
1458 3162 1558 3224 resp:
1588 3139 1745 3220 ,mirifica

275 3231 354 3296 haec
368 3233 390 3297 ta
402 3231 689 3297 transcendentalis
702 3231 846 3316 quaestio
859 3253 878 3294 a
895 3233 993 3297 Toleto
1008 3232 1187 3316 aequaeuo,
1194 3230 1330 3312 aliisque
1336 3229 1566 3294 detenninatur
1574 3229 1606 3293 in
1616 3233 1745 3312 partem

275 3321 340 3407 All.
366 3320 441 3403 quia
463 3320 539 3385 licet
561 3318 709 3384 Minister
725 3320 919 3403 speculative
935 3324 1030 3403 erret,
1041 3325 1150 3385 tamen
1162 3318 1300 3402 practice
1314 3340 1376 3382 non
1390 3323 1486 3398 errat,
1502 3341 1574 3383 cum
1586 3318 1745 3403 dirigat&

276 3408 414 3494 dirigere
438 3408 552 3474 debeat
566 3408 776 3473 intentionem
789 3430 878 3473 suam
891 3409 924 3471 in
936 3431 1104 3493 personam
1116 3411 1334 3491 praesentem:
1348 3428 1406 3471 nec
1418 3429 1506 3473 error
1518 3429 1674 3491 personae
1686 3412 1744 3471 aut

276 3519 370 3562 sexus
392 3497 527 3581 impedit
549 3497 755 3580 baptismum,
780 3497 949 3563 dummodo
965 3497 1112 3574 Minister
1126 3497 1288 3580 baptizare
1299 3495 1451 3561 intendit:
1464 3496 1526 3560 nisi
1542 3495 1745 3580 exprimatur

276 3586 309 3650 in
325 3585 511 3666 intentione,
529 3588 612 3670 quod
623 3608 687 3652 non
698 3587 768 3651 vult
779 3586 974 3670 baptizare.''

322 3677 404 3740 Prae
426 3677 528 3740 celcris
551 3687 656 3741 aculem
680 3675 787 3740 orurrio
810 3677 876 3759 ejus
899 3677 1015 3760 scriptu
1033 3676 1283 3758 piumuuiurum
1298 3676 1432 3758 spirant,
1446 3683 1609 3757 ussirmpla
1625 3673 1745 3760 abique

277 3775 405 3830 tessera:
467 3787 470 3792 ·

431 3852 467 3918 Si
479 3853 643 3920 Christum
654 3853 760 3933 discis,
773 3853 856 3918 nihil
868 3857 917 3918 est
931 3853 959 3918 si
975 3859 1100 3919 caetera
1112 3854 1230 3918 nescis:

431 3941 466 4008 Si
478 3942 641 4008 Christum
653 3942 765 4017 nescis,
778 3941 860 4005 nihil
872 3946 921 4007 est
933 3942 961 4007 si
974 3947 1098 4007 caetera
1114 3943 1219 4007 discis.

320 4028 395 4097 lam
416 4051 488 4097 uero
510 4053 613 4116 pauca
625 4031 863 4118 iataaufficiunt.
888 4031 1034 4096 Euchira
1048 4043 1135 4096 carro
1147 4031 1401 4116 ‹lesiprcutiorreuu
1414 4029 1744 4117 quomuotispropo·

274 4118 407 4198 suimus,
430 4131 654 4205 arpumentum
675 4119 773 4201 hujus
797 4119 868 4184 libri
886 4121 1062 4184 accruolius
1074 4120 1188 4186 intueri
1212 4121 1365 4186 Idunum
1378 4120 1615 4206 rapuimus
1627 4119 1742 4204 dupu-

277 4207 404 4273 tatiouis
417 4210 500 4274 lectio
509 4210 717 4294 proruptum
730 4208 880 4296 lucerua
892 4209 999 4273 habeut
1014 4207 1076 4274 llco
1088 4210 1302 4294 orauipoleuli,
1314 4222 1405 4295 alque
1416 4209 1549 4274 etiami-u
1560 4208 1668 4272 animo
1680 4211 1743 4274 lec·

276 4295 351 4360 loris
365 4297 694 4381 praesentaremus
707 4308 777 4363 uret
795 4298 895 4380 prosit
906 4298 941 4360 in
952 4299 1177 4384 amplificando
1189 4299 1413 4384 scientiamque
1420 4295 1741 4382 pcridcuertidiuini,

275 4384 361 4448 crocle
372 4397 524 4472 tunquam
536 4406 573 4449 es
584 4386 788 4469 fouleoumia
802 4397 1031 4470 suoprucceptc
1047 4387 1164 4463 lauricii,
1177 4408 1279 4473 quum
1292 4389 1354 4472 ipsi
1369 4389 1403 4452 ia
1415 4388 1492 4451 ricus
1503 4397 1577 4452 esset
1595 4397 1636 4463 ul,
1649 4407 1742 4470 quoe.

276 4471 426 4556 rmitmct,
444 4473 615 4540 secuudum
627 4475 768 4558 repam
781 4485 807 4539 et
826 4495 975 4540 normam
987 4495 1092 4541 sacrae
1103 4477 1283 4559 Scripturuc
1296 4475 1426 4542 scribere
1437 4477 1552 4560 ‹liprurs
1564 4473 1742 4541 luber-elur.

604 4598 1281 4652 —xaemmms-
1300 4625 1339 4632 --
