3712 4850
107 233 110 241 Ι
200 272 202 280 ’
311 227 375 338 2lb
504 301 535 320 ··
676 267 755 332 Pxirs
779 267 805 332 I.
829 267 877 332 Da
901 253 1034 333 Cernere
1056 230 1160 333 Ponir.
1184 267 1275 333 Ecce.
1300 268 1366 332 Ina.
1390 267 1416 334 l.
1507 253 1514 312 .‘

310 479 381 520 rum
398 453 611 534 Generalium,
626 454 871 519 Particularium
884 456 934 520 bc.
948 445 1175 540 Antiquarum,
1192 455 1417 520 Recentiorum
1428 456 1478 520 &a
1493 455 1543 519 De
1555 455 1674 540 quibus
1688 458 1779 520 Part.

311 545 342 610 3.
366 545 408 610 act
436 546 480 609 tir.
495 545 532 609 dc
545 545 697 611 Consiliis.
710 543 855 608 Decretis
871 543 1103 608 Ecclesiasticis
1116 545 1398 630 quomodocunque
1410 539 1613 630 exequendis,
1626 545 1780 608 denunti.-

310 633 410 713 andis,
434 633 702 698 communicandis
714 632 891 712 inserviunt
903 633 1057 717 Epistulae
1072 635 1243 720 Syrrodclcs
1259 634 1297 698 dc
1313 633 1428 720 quibus
1444 634 1535 700 Pam.
1549 635 1581 697 3.
1597 633 1779 698 dicendum.

310 721 447 794 Materia
469 745 525 787 seu
547 726 730 787 contentum
758 720 966 787 Decretorum
980 720 1169 788 &Actorum
1183 723 1477 788 Ecclesiasticorum
1490 723 1620 786 adhaec
1633 721 1780 808 quinque

247 887 251 898 ‚
310 812 377 876 fere
396 811 536 876 revocari
548 815 654 895 potest
671 813 699 874 1.
713 809 966 893 Descriptionem
982 816 1038 875 aut
1050 811 1329 896 praescriptionem
1344 809 1498 877 ordinis&
1512 811 1616 876 decori
1628 812 1660 874 in
1674 832 1781 896 agen-

260 901 263 909 '
311 893 489 984 dissectis,
502 899 525 964 8]
539 900 573 964 in
585 899 790 966 conventibus
807 899 1037 964 Ecclesiasticis
1050 900 1102 965 hic
1113 923 1197 966 nnnc
1209 901 1408 965 observandi.
1426 904 1455 964 2.
1468 899 1682 984 Negotiorum
1700 923 1782 983 par-

310 985 492 1054 ticularium
503 990 729 1075 expeditiones,
742 996 914 1071 earumque
927 990 1192 1073 expediendorum
1204 989 1352 1054 rationes.
1368 991 1459 1076 [pag.
1473 990 1554 1074 259]
1572 988 1653 1053 Sunt
1666 994 1782 1053 autern

310 1079 439 1162 negotia
462 1078 519 1143 illa
541 1101 622 1164 quae
648 1078 848 1143 intercedunt
860 1075 1010 1142 Ecclesiis
1023 1080 1045 1143 u
1060 1077 1225 1156 Ministris,
1243 1079 1291 1143 vel
1305 1101 1377 1144 cunr
1393 1079 1465 1142 aliis
1477 1077 1659 1143 Ecclesiis&
1675 1077 1782 1141 Mini-

190 1215 194 1224 .
240 1199 244 1206 v
310 1167 396 1246 stris,
418 1167 470 1232 vel
497 1190 568 1232 cum
591 1167 752 1233 Politiisdr
768 1165 1022 1252 Magistratibus,
1036 1167 1138 1253 iisque
1151 1168 1270 1248 amicis,
1284 1167 1431 1246 inimicis,
1445 1168 1557 1232 mediis
1570 1190 1625 1231 seu
1641 1171 1782 1231 neutra·

310 1256 405 1322 libris.
428 1257 458 1321 3.
476 1255 704 1332 Quaestionum
719 1256 802 1321 circa
817 1255 1015 1340 religionem,
1029 1259 1051 1322 8]
1065 1255 1203 1322 Casuum
1215 1257 1425 1322 conscientiae
1438 1255 1733 1320 determinationes.
1749 1259 1781 1320 4.

311 1345 485 1410 Causarum
510 1365 770 1432 quarumcunque
793 1345 1062 1410 contentiosarum
1075 1346 1256 1411 decisiones
1279 1345 1308 1408 5.
1323 1345 1534 1410 Censurarunr
1547 1345 1784 1422 ordinationes,

78 1433 81 1442 ’
168 1424 172 1432 ’
280 1435 522 1515 executiones,
549 1435 770 1510 relaxationes,
798 1433 997 1499 abolitiones.
1022 1433 1112 1510 Quae
1124 1435 1231 1500 omnia
1244 1435 1455 1500 Consiliorum
1472 1435 1678 1520 antiquorum
1691 1436 1716 1500 8]
1731 1457 1784 1499 re·

313 1523 452 1589 centium
465 1527 536 1588 acta
551 1524 733 1610 inspicienti
749 1527 920 1608 patescent.

355 1614 383 1697 ς.
405 1612 435 1677 6.
449 1612 585 1678 Decreta
600 1612 823 1678 Ecclesiastica
846 1612 933 1676 varie
953 1613 1050 1676 dividi
1072 1617 1221 1697 possent:
1243 1635 1301 1676 nos
1316 1614 1349 1678 in
1370 1611 1617 1696 praesentiarum
1632 1613 1785 1676 contenti

311 1702 428 1766 erimus
444 1701 625 1766 distinxisse
638 1725 675 1766 ea
690 1701 723 1766 in
735 1701 873 1785 propria,
886 1702 1062 1786 analogica,
1078 1702 1260 1788 aequivoca.
1280 1701 1306 1766 l.
1319 1701 1453 1786 Proprie
1468 1699 1849 1807 dictallggqetaha

311 1790 487 1859 clesiastica
499 1794 583 1868 sunt,
598 1813 678 1874 quae
687 1790 911 1855 Ecclesiastico
920 1792 1102 1868 autoritate,
1115 1791 1301 1875 inlegitima
1311 1796 1465 1855 conventu
1478 1791 1545 1875 legi·

214 1947 218 1954 ,
312 1885 374 1944 tur.
393 1880 503 1964 anue
520 1884 595 1944 suut
608 1877 1102 1958 relPrimaria,relSecundaria.
1117 1883 1174 1948 ura
1187 1884 1260 1944 sunt
1272 1879 1453 1964 Synodalia.
1468 1883 1546 1945 Istus

312 1965 564 2052 ¹sbyterialiaseu
577 1967 788 2046 Parochialia,
805 1972 875 2032 turn
887 1967 1109 2033 Districtualia
1128 1993 1183 2033 seu
1196 1968 1388 2034 Classicalia.
1404 2007 1444 2016 —
1458 1967 1499 2033 Il.
1515 1970 1849 2054 AW‘

263 2053 266 2059 ’
311 2061 385 2121 sunt
398 2057 627 2143 quadruplicia,
637 2055 837 2136 Academica,
851 2056 1465 2142 Politice-consistorialis,Episcopalia,
1482 2057 1545 2121 Poli

217 2203 220 2210 .
271 2197 275 2208 .
312 2145 703 2213 clesiasdllcclesiastica.
719 2148 840 2223 Prirnu,
852 2145 1051 2224 Academica,
1065 2152 1150 2225 sunt,
1160 2169 1240 2233 quae
1250 2148 1289 2210 ab
1300 2147 1541 2211 Academiisseu

311 2235 509 2320 theologicis,
527 2259 564 2300 ex
574 2235 716 2320 generali
728 2240 784 2299 aut
796 2235 925 2319 speciali
944 2235 1010 2300 sive
1023 2237 1233 2318 delegatione,
1251 2236 1317 2300 sive
1337 2233 1552 2300 concessione}

312 2323 1553 2411 Potestatemaliquamparticipantibus,circaresEcclesiasticusconcipiuntm

312 2412 468 2477 tributum
475 2413 757 2478 fuisseAcademiis
767 2417 890 2478 constat
899 2436 937 2477 ex
950 2412 1163 2498 Scriptoribus
1173 2415 1210 2478 de
1220 2413 1410 2490 Academiis,
1420 2433 1556 2498 earumqr

311 2503 349 2566 is.
363 2501 704 2568 Postreformationem
716 2503 772 2566 ubi
778 2502 943 2586 regiminis
952 2502 1168 2568 Ecclesiastici
1176 2501 1279 2567 forma
1288 2504 1327 2566 ad
1336 2503 1558 2586 simplicitaten

310 2591 455 2675 proxime
467 2595 613 2658 revocata
626 2596 684 2670 est,
698 2591 878 2656 Academiis
891 2591 995 2656 minus
1008 2593 1107 2656 tribui
1120 2593 1210 2668 solet;
1224 2592 1305 2674 plus,
1319 2591 1375 2656 ubi
1384 2595 1402 2656 a
1411 2593 1560 2675 primaeve

312 2681 407 2744 citata
422 2680 547 2766 longius
561 2680 661 2746 abest.
675 2678 760 2745 Ante
772 2679 1030 2744 reformationem
1053 2681 1206 2745 celebrior
1218 2681 1281 2745 fuit
1293 2681 1448 2745 autoritas
1460 2679 1849 2780 needed

216 2835 220 2844 ,
313 2769 413 2833 bonae
426 2768 624 2848 Parisiensis,
634 2774 698 2856 quet
710 2770 807 2833 etiam
823 2767 929 2852 Papae
942 2770 1074 2833 subinde
1087 2771 1119 2833 iu
1136 2770 1278 2834 ordinem
1291 2770 1392 2834 coacti
1405 2775 1487 2846 sunt,
1500 2771 1547 2831 utr
1562 2809 1564 2817 ,

313 2858 403 2942 plum
429 2857 597 2923 Joh'annis.
622 2860 674 2922 22.
703 2859 742 2922 ad
765 2857 959 2941 palinodiam
983 2859 1097 2923 erroris
1123 2859 1160 2922 de
1183 2860 1363 2922 animarum
1386 2863 1471 2923 statu
1496 2859 1567 2940 post

313 2947 425 3011 adacti.
443 2946 491 3012 De
504 2970 568 3034 quc
580 2949 649 3012 ride
666 2949 835 3031 Srtriplorcs
847 2948 882 3010 iu
896 2949 1040 3032 Mysrerio
1053 2949 1166 3014 Pleraei
1180 2947 1303 3013 citatos.
1317 2947 1394 3012 Post
1406 2945 1568 3014 reformati

312 3035 391 3100 ritas
404 3037 544 3118 ejusdem
556 3037 690 3102 crevisse
708 3037 840 3113 ridetur,
854 3034 1015 3120 Regum&
1028 3060 1194 3120 supremae
1206 3036 1320 3101 Curiae
1331 3037 1519 3102 Parisiensis
1530 3037 1569 3118 sp'

312 3127 466 3189 lustrata:
479 3126 526 3189 uti
538 3125 727 3190 nominatim
739 3128 863 3189 constat
875 3147 913 3188 ex
934 3127 1032 3190 Variis
1045 3127 1164 3192 Acrisii
1180 3127 1316 3190 Dec-retis
1328 3138 1436 3191 coulru
1446 3126 1572 3189 ruolium

313 3215 523 3290 lesrrilumum
536 3215 573 3279 de
591 3215 706 3300 quibus
719 3213 909 3278 consulenda
922 3215 1062 3280 Historia
1073 3217 1225 3280 lesrtiriec.
1240 3216 1329 3279 Adeo
1341 3219 1377 3278 ut
1389 3237 1471 3279 nunc
1483 3214 1573 3278 minu

313 3303 387 3367 bere
412 3303 557 3367 videatur
577 3303 656 3367 illud
672 3303 839 3368 dicterium
852 3303 1028 3389 antiquitus
1038 3305 1211 3387 jactatum:
1227 3305 1354 3368 Decreta
1367 3304 1521 3370 Souboura
1533 3324 1573 3367 uc

313 3393 500 3477 Sequanam.
518 3391 579 3457 Sed
592 3393 629 3456 de
642 3391 886 3457 Academiarum
898 3391 1060 3457 Potestate
1073 3393 1161 3472 alibi,
1174 3393 1206 3456 in
1220 3394 1310 3477 Disp.
1325 3395 1361 3457 dc
1373 3393 1498 3458 Subotis.
1513 3393 1542 3454 2.
1556 3385 1849 3492 lup-¹⁸0⁶*

314 3481 483 3546 sistorialia
508 3486 591 3558 sunt,
616 3503 697 3567 quae
718 3482 798 3544 fiunt
812 3485 830 3544 a
843 3480 1033 3566 quibusdam
1046 3482 1246 3546 Consistoriis
1259 3483 1291 3546 in
1305 3481 1475 3546 Germania
1488 3481 1532 3546 sic
1544 3482 1637 3546 dictis
1651 3506 1660 3547 :
1678 3486 1788 3570 quali·

312 3570 372 3634 bus
396 3569 540 3635 Decretis
565 3569 866 3654 superintendentes
880 3574 976 3655 atque
988 3569 1196 3655 Inspectores,
1214 3573 1235 3636 a
1248 3593 1304 3654 per
1317 3571 1388 3635 illos
1402 3571 1561 3635 Ecclesiae
1577 3570 1646 3636 illic
1661 3575 1788 3658 guber·

314 3663 440 3723 nentur.
469 3659 557 3734 Quae
585 3665 691 3724 autem
716 3661 738 3743 8]
766 3659 874 3742 qualia
899 3659 963 3723 sint
982 3659 1038 3723 illa
1052 3660 1254 3739 Consistoria,
1268 3661 1290 3724 a
1303 3681 1383 3746 quae
1397 3678 1505 3724 eorum
1513 3661 1605 3742 jura3
1623 3664 1788 3744 peculiari

314 3752 453 3812 tractatu
466 3748 658 3831 explicatum
672 3752 751 3812 esta
768 3747 944 3813 Christiano
966 3749 1099 3814 liblero.
1113 3749 1157 3812 Et
1169 3772 1226 3814 nos
1238 3749 1323 3812 infra
1336 3751 1369 3813 iu
1387 3748 1592 3816 Problematis
1605 3750 1737 3838 aliquid
1751 3755 1789 3818 de

315 3837 354 3900 iis
371 3837 592 3923 disquiremus.
608 3837 672 3923 [3.]
689 3837 886 3921 Episcopatu
899 3860 1024 3901 rursum
1037 3842 1112 3902 sunt
1126 3837 1275 3922 triplicia,
1290 3839 1340 3902 vel
1350 3859 1431 3922 pure
1443 3839 1655 3922 Epriscopctic,
1674 3863 1734 3928 qua
1758 3842 1789 3906 ia

261 3947 262 3952 ¹
314 3925 450 3990 antehac
473 3926 603 3990 fuerunt
626 3927 659 3990 in
683 3925 821 4010 Anglia:
847 3927 893 3990 oct
907 3925 1249 4012 Politice-episcopalia,
1262 3928 1370 4013 qualia
1382 3926 1565 4010 Principum
1578 3933 1733 4013 quorund
1758 3955 1787 3995 rn

314 4013 566 4080 Protestantiunr
598 4014 798 4091 Germaniae,
826 4015 881 4100 qui
901 4013 1216 4094 Administratorum,
1230 4016 1470 4100 Episcoporum,
1483 4017 1506 4080 s
1519 4014 1711 4101 Principum
1724 4020 1742 4083 1
1758 4043 1788 4084 c-

315 4103 561 4169 clesiasticorunr
584 4105 710 4169 nomine
734 4104 890 4188 insigniti,
915 4108 1083 4191 utramque
1105 4105 1302 4170 Potestatem
1318 4104 1515 4188 exercebant,
1532 4109 1568 4168 ut
1584 4103 1742 4193 Magdebr
1758 4133 1788 4172 r-

315 4193 433 4278 gensis,
443 4192 616 4272 Hallensis,
626 4193 807 4258 Bremensis
817 4195 865 4258 tec.
875 4215 882 4257 ε
892 4196 938 4258 oct
947 4195 1032 4279 [pag.
1047 4195 1128 4280 260]
1142 4195 1511 4280 cicadarum-Episcopatu
1519 4217 1530 4270 ;
1543 4196 1653 4280 qualia
1663 4195 1736 4282 Sup
1758 4221 1787 4262 r·

316 4282 548 4346 intendentium
561 4286 583 4349 tr
596 4281 762 4346 Saniorum
774 4283 808 4345 in
821 4280 963 4360 Polouit,
977 4283 1155 4370 Huugaria,
1169 4281 1429 4368 Transsylvanit,
1445 4283 1609 4361 Bohemia,
1624 4283 1734 4351 Morar
1759 4295 1788 4351 a.

317 4371 348 4437 4.
364 4372 493 4438 Politice
505 4376 579 4438 sunt
592 4371 716 4438 decreta
729 4370 912 4456 Principum
924 4373 947 4438 dr
960 4371 1209 4460 Magistratuum
1222 4373 1303 4438 circa
1314 4371 1610 4438 Ecclesiasticorum
1626 4373 1787 4442 Decretu-

1715 4489 1788 4531 rim
