3736 4860
324 269 385 335 128
495 317 496 320 ,
712 259 872 337 Ponrrrcm
888 259 1137 338 Econnsrasrrom
1161 259 1240 338 Pras
1255 269 1279 338 I.
1304 270 1370 339 Lm.
1384 269 1426 338 Π.

323 458 402 544 ipsis
423 480 571 524 concessa
588 462 645 522 aut
664 459 781 523 collata
793 459 846 523 sit.
870 458 922 524 An
935 463 1043 524 autem
1056 461 1073 524 e
1086 482 1120 524 re
1132 459 1294 526 Ecclesiae
1306 461 1359 540 sit,
1372 465 1408 526 ut
1419 461 1501 527 tales
1513 463 1579 526 sint
1591 461 1716 542 Vicarii,
1726 462 1774 530 aut

285 571 289 580 ·
323 547 506 631 Adjutores,
526 552 583 612 aut
594 547 733 612 ordinati
745 546 887 613 Ministri
899 549 1020 631 absque
1034 549 1287 628 censualem,
1300 552 1320 614 a
1334 555 1399 633 qua
1411 550 1477 615 sint
1489 551 1603 630 vocati,
1615 552 1639 616 11
1649 576 1689 617 an
1699 573 1773 618 eme·

276 713 281 722 .
323 637 393 700 ritis
402 659 476 720 pars
488 637 597 720 aliqua
605 635 926 710 curaetupmacac
934 637 1177 716 ecclesiasticae,
1186 637 1289 702 adhuc
1298 638 1507 723 relinquenda
1515 640 1568 719 sit,
1573 641 1701 724 judicio,
1709 664 1774 726 pru-

323 724 459 804 dentiae,
476 725 629 803 libertati,
645 727 798 809 potestati
814 727 966 810 cujusque
979 725 1142 792 Ecclesiae
1154 727 1399 811 relinquendum
1411 732 1470 792 est.
1643 765 1645 770 ·

366 812 457 878 XIII.
481 815 607 896 Quaere.
627 814 678 879 Aa
689 816 710 878 ὰ
721 813 847 880 &aiore
857 816 1060 900 petanense,
1072 828 1128 882 aul
1146 817 1344 890 Praebuere,
1356 829 1411 882 aut
1422 830 1622 904 capracorum
1639 821 1772 885 Corsula-

323 914 396 979 lore,
412 915 468 968 aut
479 903 602 983 publico
613 925 675 989 quo
690 904 869 984 Caracca,
882 908 938 968 aut
950 904 1118 970 1111111111τί1
1135 903 1310 972 Gaudiaco
1322 927 1377 972 seu
1391 906 1590 991 Prcpoueruc
1603 908 1772 993 Baptismus
1846 899 1849 998 ξ

320 992 471 1075 petendus
494 993 554 1069 siu
576 990 647 1057 tesi
657 994 796 1072 cudatus,
810 1014 854 1059 aa
865 993 975 1081 aliqud
984 994 1106 1060 ratione
1116 995 1227 1073 uelem,
1240 994 1287 1059 ita
1303 998 1414 1060 utnon
1426 995 1470 1060 sit
1484 995 1674 1062 iterandus?
1696 999 1772 1081 lleap.
1847 999 1849 1080 l

324 1082 398 1166 Nep.
412 1102 464 1165 pr.
481 1081 632 1147 &inclino
644 1081 678 1145 in
689 1083 753 1169 Ass.
767 1095 880 1167 poster.
894 1082 1051 1167 siquidem
1063 1105 1126 1147 non
1140 1083 1208 1147 sine
1221 1083 1380 1160 mandato,
1395 1106 1559 1169 consenso,
1572 1085 1596 1150 dr
1611 1087 1774 1168 praeseutia
1847 1085 1849 1132 l

321 1170 513 1256 presbyterii
524 1171 658 1236 collatus
671 1170 723 1236 sit.
737 1171 851 1258 Neque
864 1172 949 1236 enim
963 1171 1054 1236 abest
1066 1171 1169 1236 omnis
1181 1171 1372 1251 communio,
1385 1174 1647 1257 repraesentatio,
1661 1177 1770 1240 &aulo-
1847 1235 1849 1264 ζ

322 1257 401 1322 ritas
419 1258 592 1338 Ecclesiae,
609 1259 754 1343 quamvis
769 1260 950 1344 presbyteri
969 1264 1027 1325 sua
1042 1261 1214 1326 autoritate
1227 1282 1284 1344 per
1299 1259 1548 1344 imprudentiam
1560 1261 1613 1328 hic
1625 1264 1714 1328 abusi
1725 1286 1771 1328 es-
1847 1281 1849 1348 j

322 1351 402 1422 sent,
426 1352 483 1412 aut
507 1370 578 1412 eam
599 1349 671 1432 plus
685 1370 797 1432 ‚aequo
821 1349 1047 1415 extendissent.
1071 1348 1163 1424 Quod
1181 1350 1222 1413 ad
1234 1353 1446 1435 proponentes
1462 1350 1545 1428 illos,
1561 1351 1617 1436 qui
1625 1352 1691 1434 jam
1705 1352 1772 1416 satis
1847 1359 1849 1416 l

217 1501 220 1509 ’
320 1437 751 1594 lbttlsstltttttt
759 1435 1772 1612 littttttttttttllttlttttltlttttlttl
1848 1459 1849 1516 ³

322 1617 407 1692 runt,
427 1613 557 1698 insuper
576 1613 660 1678 inter
672 1615 835 1700 eligendos
848 1615 984 1682 antehac
994 1615 1151 1680 nominati
1163 1619 1248 1695 sunt,
1265 1620 1322 1680 aut
1334 1637 1418 1681 nunc
1430 1616 1528 1682 etiam
1539 1617 1574 1680 in
1587 1622 1713 1682 vacante
1726 1617 1772 1680 illa
1848 1617 1849 1696 ,

323 1700 467 1767 Ecclesia
486 1725 549 1768 non
569 1701 637 1767 sine
653 1705 881 1787 approbatione
894 1703 1012 1788 Synodi
1024 1707 1080 1768 aut
1092 1703 1210 1770 Classis
1223 1705 1443 1770 nominantur:
1459 1727 1524 1771 non
1536 1705 1627 1770 video
1639 1729 1693 1772 cur
1705 1706 1772 1771 tali-

323 1789 392 1869 bus,
412 1791 439 1855 si
459 1792 506 1856 ita
525 1791 628 1856 risum
648 1791 747 1856 fuerit
758 1792 911 1858 Ecclesiis
924 1793 958 1857 in
970 1791 1112 1858 Classem
1124 1797 1181 1857 aut
1195 1793 1230 1857 in
1242 1791 1404 1876 Synodum
1415 1795 1634 1880 congregatis,
1648 1798 1773 1879 potestas
1847 1817 1849 1872 5

322 1880 516 1964 baptizandi,
529 1880 643 1945 saltem
655 1880 689 1944 in
700 1903 776 1946 casu
788 1881 940 1962 defectus,
952 1881 1079 1948 concedi
1088 1901 1150 1946 non
1159 1882 1270 1967 possit.
1283 1881 1405 1948 saltam
1417 1883 1445 1948 si
1454 1886 1473 1948 a
1481 1884 1680 1949 talicollatus
1690 1888 1772 1962 esset,
1847 1875 1849 1938 ἶ

321 1991 385 2033 non
397 1974 508 2054 putem
516 1970 556 2036 ob
566 1970 804 2054 usurpationem
817 1975 874 2036 aut
882 1968 1008 2050 ἀταξίαν
1022 1970 1122 2055 ipsius
1134 1974 1244 2036 contra
1256 1971 1399 2037 ordinem
1411 1973 1688 2056 receptum,talem
1696 1971 1772 2055 Bap-

316 2057 454 2124 tismum
465 2059 655 2124 itcrandum.
668 2057 704 2123 Si
715 2058 800 2124 enim
812 2063 832 2124 a
843 2060 976 2145 vulgare
988 2059 1099 2144 quovis
1112 2059 1289 2126 sacrificulo
1298 2061 1469 2148 missatico,
1479 2061 1603 2126 nullam
1610 2061 1774 2126 Ecclesiam
1848 2063 1849 2074 ³

322 2145 355 2210 in
376 2147 501 2231 Papatu
513 2151 653 2233 curante,
667 2147 810 2227 collatus,
823 2149 858 2213 in
868 2149 984 2214 nostris
1001 2150 1091 2236 [pag.
1113 2147 1194 2233 641]
1208 2147 1360 2215 Ecclesiis
1371 2171 1434 2215 non
1447 2148 1600 2226 iteratur3
1613 2151 1711 2215 multo
1721 2149 1774 2214 mi·
1847 2203 1849 2210 .

315 2254 382 2299 ‘nus
405 2235 457 2300 hic
480 2237 644 2302 iterandus
667 2242 768 2302 esset:
791 2259 862 2303 curn
884 2239 964 2302 tales
987 2241 1200 2323 proponentes
1213 2238 1381 2304 videantur
1393 2260 1457 2303 non
1467 2238 1607 2303 multum
1618 2237 1774 2304 dissimiles

323 2346 390 2388 esse
410 2325 578 2390 ordinariis
593 2323 763 2390 Pastorum
778 2326 915 2405 vicariis,
932 2328 1043 2412 quales
1056 2330 1131 2390 ante
1142 2326 1203 2392 hac
1217 2326 1314 2412 (forte
1328 2330 1351 2394 11
1363 2333 1457 2412 nunc)
1474 2327 1508 2392 in
1525 2327 1694 2414 Angliat&
1705 2325 1775 2391 Dia·

322 2412 419 2493 conis,
443 2413 554 2496 quales
576 2413 610 2478 in
634 2411 830 2486 Germanicis
854 2415 1045 2500 quibusdam
1058 2414 1199 2481 Ecclesia
1212 2419 1248 2480 ut
1261 2415 1415 2482 ordinarii
1426 2415 1563 2482 Parochi
1575 2439 1632 2482 seu
1644 2415 1775 2482 Pastoris
1848 2433 1849 2438 ’

322 2501 482 2585 adjutores
495 2503 742 2568 constituuntur.
1133 2568 1138 2576 ,
1847 2577 1849 2602 Ι

366 2587 455 2656 XIV:
481 2592 605 2674 Quaere.
630 2593 680 2659 Au
700 2595 919 2678 ututuspossit
933 2595 1312 2679 Baptismumcouserre?
1337 2595 1427 2680 Resp.
1450 2595 1646 2684 Affirncutex
1659 2593 1775 2660 Schola·

321 2680 404 2745 su'cia
423 2681 604 2747 Duruudus
619 2683 653 2747 in
674 2683 703 2746 4.
716 2683 787 2748 dist.
801 2685 832 2747 3.
849 2704 902 2769 qu.
917 2685 947 2748 3.
971 2683 1041 2749 Nos
1056 2705 1131 2748 vero
1147 2685 1220 2768 Nep.
1233 2683 1317 2759 Quia
1328 2705 1391 2748 non
1404 2688 1510 2768 potest
1521 2685 1563 2749 ad
1573 2683 1777 2748 ministerium
1847 2755 1849 2770 .

321 2769 533 2852 praedicandi,
546 2771 597 2836 cui
608 2775 879 2836 sacramentorum
891 2772 1125 2838 administratio
1138 2794 1278 2838 annexa:
1292 2773 1348 2856 qui
1360 2777 1467 2838 autem
1479 2772 1662 2856 praedicare
1674 2771 1778 2856 nequit
1847 2777 1849 2852 l

321 2879 384 2922 non
397 2861 504 2941 potest
516 2859 621 2924 vocari
634 2859 673 2924 ad
685 2881 794 2925 curam
805 2861 1009 2944 pastoralem,
1023 2883 1104 2948 quae
1113 2861 1333 2946 principaliter
1341 2861 1375 2924 in
1384 2861 1619 2945 praedicatione
1631 2860 1775 2926 consistit
1848 2885 1849 2888 ¹

323 2947 414 3012 Hom.
439 2947 490 3012 10.
510 2968 539 3012 u.
565 2948 616 3012 14.
633 2970 705 3014 cum
726 2949 834 3015 Marta.
848 2951 902 3015 28.
914 2971 943 3015 o.
959 2951 1053 3015 19.1.
1069 2951 1140 3016 Gor.
1155 2950 1183 3014 1.
1195 2971 1224 3015 υ.
1239 2951 1292 3016 21.
1316 2950 1380 3016 Act.
1394 2951 1424 3014 6.
1439 2972 1468 3015 u.
1483 2951 1513 3014 2.
1527 2951 1558 3012 4.
1582 2949 1628 3014 111
1640 2948 1668 3014 si
1680 2953 1777 3014 mutu
1847 3005 1849 3028 .

323 3035 366 3098 sit
378 3035 504 3118 privata
523 3057 667 3120 persona,
684 3038 786 3103 multo
798 3038 903 3104 minus
916 3038 1074 3122 Baptismi
1087 3038 1320 3104 administratio
1334 3039 1384 3102 illi
1395 3037 1522 3105 concedi
1535 3041 1660 3122 poteet3
1676 3036 1777 3122 nequi·

323 3123 395 3188 dem
406 3146 444 3188 ex
457 3125 615 3191 sententia
626 3125 878 3207 Pontificiorum‚
891 3127 948 3212 qui
959 3127 1080 3211 alioqui
1092 3127 1126 3191 in
1138 3149 1214 3193 casu
1226 3128 1426 3194 necessitatis
1437 3127 1640 3212 Baptismum
1649 3131 1669 3191 a
1677 3125 1778 3212 quovis
1848 3139 1849 3162 l

322 3211 402 3277 Viro
414 3217 471 3278 aut
482 3211 636 3280 Faemina
646 3214 872 3282 conferendum
888 3220 1027 3282 censent.
1041 3215 1209 3282 Evincitur
1221 3216 1281 3282 hoc
1292 3219 1483 3302 argumento
1495 3215 1554 3281 tali
1566 3216 1608 3280 ad
1616 3215 1777 3282 hominem:

231 3323 234 3331 ·
323 3301 399 3386 quia
414 3323 477 3368 non
493 3306 598 3386 potest
614 3307 721 3368 mutus
739 3303 817 3370 haec
833 3306 930 3371 rerba
942 3304 1085 3389 proferre
1097 3304 1222 3390 baptiso
1235 3317 1263 3372 te
1274 3305 1310 3370 iu
1320 3307 1450 3371 uomitu
1465 3305 1574 3373 Patris
1590 3303 1623 3370 a
1635 3306 1716 3384 Filii,
1727 3302 1775 3369 dc

322 3389 425 3476 Atqui
448 3391 483 3456 in
503 3414 541 3458 eo
558 3392 757 3458 constituunt
768 3392 929 3459 Pontificii
944 3393 1082 3459 formam
1097 3393 1268 3478 Baptismi.
1293 3393 1375 3460 Vide
1389 3394 1647 3461 Sebastiam
1660 3396 1690 3458 3.
1708 3391 1778 3459 Illo·

322 3499 393 3544 racc
403 3500 457 3565 qu.
470 3481 521 3544 66.
534 3493 596 3548 art.
606 3481 637 3547 5.
663 3483 832 3562 Caesiam,
846 3484 881 3548 in
892 3504 961 3549 voce
972 3484 1169 3568 Baptismus,
1183 3485 1266 3549 Petr.
1280 3484 1429 3550 ledesma
1441 3484 1479 3548 dc
1487 3478 1779 3550 marcumunes

323 3567 409 3632 valet
425 3570 585 3654 exceptio:
607 3571 635 3634 si
647 3571 816 3636 articulato
828 3574 851 3639 81
862 3573 1012 3637 rationali
1025 3594 1169 3638 sermone
1181 3571 1230 3636 uti
1241 3572 1364 3658 nequit,
1377 3575 1484 3656 posset
1496 3572 1624 3636 vicanis
1637 3590 1778 3636 manuum
1848 3651 1849 3654 Ἴ

322 3656 434 3741 signis,
446 3657 582 3744 aliisque
595 3660 734 3744 eorporis
747 3660 890 3746 gestibus
904 3683 941 3726 ac
951 3661 1092 3726 motibus
1104 3660 1276 3726 formulam
1287 3661 1389 3740 illam,
1402 3661 1575 3746 baptizem
1589 3661 1725 3738 1101111111,
1733 3659 1778 3725 iu-

322 3745 407 3809 inter
427 3745 652 3830 baptizandum
671 3751 886 3835 promulgare.
910 3747 973 3815 Sed
990 3749 1101 3830 videre·
1112 3751 1219 3824 velim,
1242 3751 1398 3835 quomodo
1414 3751 1509 3816 fidem
1521 3748 1779 3816 &invocationem
1847 3759 1849 3784 ²

323 3833 479 3899 trinitatis
490 3836 639 3904 surdus&
652 3840 760 3902 mutus
774 3842 793 3903 a
804 3837 984 3918 nativitate,
996 3838 1043 3903 ita
1056 3838 1235 3924 significare
1244 3837 1351 3924 queat,
1359 3843 1395 3903 ut
1407 3839 1448 3904 ab
1460 3838 1572 3904 adulto
1584 3837 1696 3922 quovis
1708 3837 1779 3918 bap·

321 3922 447 3988 tizando
463 3929 520 3990 aut
531 3925 571 3989 ab
583 3926 790 3992 offerentibus
803 3926 948 3992 Infantes
962 3927 1001 3991 ad
1019 3927 1220 4012 Baptismum
1232 3926 1375 3993 boccum
1388 3926 1678 3992 debitadevouone
1692 3923 1779 3988 intel·
1847 3937 1849 3942 ’

323 4011 487 4095 ligaretur.
511 4012 575 4078 Hic
593 4036 672 4099 opus
692 4014 745 4080 hic
757 4015 859 4081 labor.
882 4013 1034 4081 Refertur
1049 4015 1235 4081 admiranda
1246 4015 1403 4082 industria
1414 4013 1565 4081 Monachi
1577 4014 1739 4098 cujusdam
1750 4011 1779 4074 in

321 4097 428 4179 Italia,
452 4101 507 4186 qui
530 4103 641 4168 surdos
664 4105 688 4170 b
711 4109 816 4170 mutos
839 4103 939 4170 animi
954 4104 1006 4170 sui
1020 4127 1113 4170 sensa
1125 4105 1243 4188 scripto
1255 4104 1433 4188 exprimere
1449 4103 1593 4184 docebat,
1606 4105 1631 4170 le
1646 4103 1774 4166 aliorum

322 4187 441 4271 scripta
464 4189 603 4256 vicissim
626 4192 732 4277 legere
748 4197 845 4279 atque
856 4193 1048 4279 intelligere.
1073 4192 1164 4268 Quod
1175 4194 1213 4260 de
1226 4193 1331 4270 rebus,
1349 4215 1430 4280 quae
1443 4193 1476 4258 in
1488 4191 1597 4258 oculos
1610 4191 1779 4266 incurrunt,

322 4273 345 4339 81
368 4279 610 4344 commonstrari
630 4286 774 4363 possunt,
790 4284 814 4349 11
830 4282 868 4347 de
879 4282 1050 4369 dogmatis.
1075 4281 1271 4368 Theologiae
1287 4282 1444 4348 naturalis
1457 4302 1497 4346 ex
1508 4280 1628 4346 mundo
1640 4280 1698 4360 hoc
1710 4276 1779 4342 dsi-

304 4343 381 4428 'bili
404 4363 552 4432 &innato
568 4368 689 4433 lumine
708 4371 849 4434 naturali
868 4371 988 4436 eductis
1009 4370 1116 4457 (Iloua
1137 4373 1166 4437 1.
1178 4392 1206 4436 o.
1224 4371 1275 4437 19.
1292 4371 1345 4436 20.
1357 4374 1381 4439 b
1394 4372 1425 4436 2.
1438 4391 1467 4437 υ.
1482 4369 1548 4452 14.)
1561 4369 1645 4434 credi
1658 4367 1779 4538 qqrtqq?
