3736 4860
338 298 448 400 Tarra
462 296 504 374 ll.
528 303 616 372 Sacc.
628 303 670 372 II.
691 271 1343 374 ‘DannanaVsan1u1v1s1darcrra10an.
1511 299 1573 376 109

98 495 248 562 breviter
262 516 385 561 errores
399 494 544 575 indicari,
556 498 653 579 atque
665 515 704 558 ex
717 494 785 558 solo
798 496 888 558 textu
901 493 1046 560 refutari.
1060 493 1252 580 Aliquando,
1265 496 1330 561 alia
1341 498 1497 580 quaedam
1508 503 1573 568 tes·

98 585 243 650 timonio
257 583 440 668 Scripturas
457 587 554 668 atque
567 586 757 668 argumenta
769 582 842 647 addi
854 587 996 666 possunt,
1012 605 1070 667 pro
1086 582 1279 649 Auditorum
1290 587 1476 669 capacitate.
1489 587 1574 657 Raro
1693 605 1695 612 '

99 674 249 738 rationes
261 672 524 738 Adversariorum
536 671 756 757 proponendae
768 693 805 736 ac
820 670 1025 738 refutandae:
1038 672 1100 737 nisi
1113 673 1210 738 tritae
1221 674 1296 754 sint,
1312 675 1465 741 &nostris
1476 679 1574 764 vulgo

99 767 157 828 aut
170 761 312 828 subinde
323 763 405 826 tales
420 759 515 845 objici
527 760 704 845 contingat.

143 849 229 916 VH.
241 850 505 916 Adhortatioaum
517 871 593 915 usus
605 849 639 912 in
650 847 767 914 thesi&
778 849 812 913 in
824 871 939 934 genere
952 850 992 914 ad
1004 850 1168 934 quodlibet
1179 873 1259 936 opus
1271 851 1400 935 bonum,
1409 877 1574 942 nunquam

98 960 162 1004 nou
189 935 325 1024 proponi
344 938 471 1004 debent.
494 936 556 1003 Sed
572 939 606 1002 in
622 938 899 1022 applicationibus,
916 937 976 1003 hoc
992 942 1051 1018 est,
1069 939 1344 1006 adhortationibus
1368 942 1525 1028 imprimis
1540 948 1574 1012 in

97 1027 383 1093 dehortationibus
395 1027 429 1092 in
440 1026 621 1111 hypothesi,
634 1029 691 1092 aut
702 1027 742 1091 ad
750 1030 876 1091 nostros
885 1026 1066 1108 Auditores,
1075 1032 1133 1092 aut
1141 1028 1182 1093 ad
1189 1029 1400 1112 particulares
1407 1033 1573 1100 hominuu

98 1121 211 1182 status
231 1115 412 1200 applicatis,
429 1115 599 1199 prudentia
618 1117 641 1182 t
659 1115 940 1199 circumspectione
961 1138 1041 1200 opus
1065 1119 1130 1182 est:
1158 1139 1198 1182 nc
1210 1117 1339 1202 ubique,
1359 1123 1472 1205 quovis
1491 1127 1573 1188 tem·

97 1227 195 1290 pore,
216 1205 346 1290 quosvis
358 1204 405 1269 ita
424 1203 638 1282 dehortamur,
655 1208 691 1268 ut
702 1204 799 1269 tacite
812 1204 970 1288 querelae,
983 1206 1207 1288 correptiones,
1222 1206 1455 1290 increpationes
1468 1211 1501 1275 in
1514 1213 1574 1298 hy-

98 1293 235 1378 pothesi
247 1292 518 1358 dehortationibus
529 1293 595 1357 illis
607 1293 819 1371 involvantur,
831 1315 913 1376 quae
924 1293 1029 1378 legem
1041 1298 1098 1358 aut
1109 1295 1238 1358 modum
1250 1295 1427 1378 spiritualis
1438 1301 1575 1383 pruden-

96 1383 164 1447 tiae
192 1381 358 1446 excedant.
382 1380 473 1457 Quod
495 1381 652 1466 imprimis
675 1381 698 1446 dc
715 1381 808 1447 facile
821 1381 946 1447 evenire
957 1386 1073 1466 posset,
1086 1382 1119 1447 in
1131 1382 1247 1448 indicio
1258 1385 1434 1450 mediorum
1447 1388 1574 1474 fugien-

96 1471 220 1536 dorum
233 1493 291 1555 per
302 1492 383 1555 quae
395 1469 460 1534 tale
472 1474 648 1554 peccatum,
661 1473 680 1534 h
692 1492 756 1555 quo
769 1469 987 1550 dehortamur,
1000 1493 1124 1554 semper
1136 1475 1193 1535 aut
1204 1471 1392 1557 plerumque
1404 1477 1574 1563 subrepere

98 1562 122 1628 d
145 1559 305 1624 invadere
320 1559 410 1623 solet.
423 1558 486 1623 Hic
498 1580 575 1643 ergo
586 1558 733 1623 cautione
746 1559 769 1624 t
781 1559 931 1642 prudenti
947 1559 1134 1624 discretione
1145 1581 1225 1643 opus
1237 1565 1295 1626 est.
1309 1561 1399 1638 Quod
1411 1564 1494 1630 idam
1506 1590 1575 1632 mo·

96 1671 161 1714 ueo
184 1648 226 1712 de
250 1647 414 1712 semiotica
424 1647 607 1712 morborum
618 1647 845 1730 spiritualium,
858 1646 983 1731 quoties
995 1646 1199 1712 Dehortatori
1210 1653 1267 1714 aut
1278 1649 1459 1736 Correptori
1472 1655 1574 1720 visum

96 1737 205 1802 fuerit
216 1757 289 1800 eam
301 1757 486 1820 proponere.
499 1733 537 1800 In
549 1735 661 1800 mediis
672 1735 752 1801 haec
763 1741 820 1800 aut
831 1735 890 1800 illa
900 1736 983 1800 bona
994 1757 1090 1820 opera
1102 1738 1375 1820 procreantibus&
1385 1763 1575 1810 conservan-

98 1827 207 1904 tibus,
219 1829 259 1889 ut
269 1825 292 1890 d
304 1825 338 1888 in
349 1824 477 1890 motivis
489 1825 530 1888 ad
545 1825 655 1888 eadem
671 1824 961 1904 exstimulaatibus,
973 1846 1036 1889 uon
1048 1825 1095 1890 ita
1106 1847 1140 1889 se
1151 1827 1291 1892 offerunt
1301 1829 1452 1912 pericula.

144 1911 248 1979 VIII.
267 1914 480 1997 torrquioaes
490 1915 514 1979 t
526 1913 768 1997 increpationes,
781 1913 937 1996 quomodo
949 1935 1007 1998 pro
1018 1913 1177 1993 concione,
1190 1914 1214 1980 da
1227 1921 1291 2000 qut
1301 1939 1374 1982 cum
1386 1917 1574 1987 discretione

97 2002 277 2069 tractari&
299 2002 454 2086 applicari
476 2001 630 2066 debeant:
651 2000 730 2066 alibi
742 2005 848 2066 actum
861 2005 909 2066 est
924 2001 956 2065 in
971 2003 1211 2085 Quaestionitus
1224 2005 1458 2090 Protcpmneaia
1476 2011 1575 2076 odae-

95 2091 249 2158 cuudom
276 2089 427 2166 Tubulum
452 2091 599 2174 Deouloqc'
609 2091 655 2156 tit.
667 2091 705 2154 de
717 2092 915 2176 Correptiooc
929 2091 1092 2174 fraretum
1108 2092 1132 2156 t
1144 2091 1226 2157 sorte
1238 2093 1322 2158 infra
1334 2095 1425 2162 Part
1438 2099 1468 2162 3.
1482 2101 1526 2164 ar.
1538 2100 1577 2164 de

99 2180 258 2247 caudas
271 2181 369 2264 aequi
384 2180 558 2262 Coelorum,
571 2179 742 2242 eorundem
754 2179 810 2244 fiet
820 2170 978 2263 repetitio.
1349 2239 1351 2244 .

147 2267 213 2336 IX.
237 2267 286 2334 De
307 2270 386 2356 stylo
409 2268 595 2333 concionum
622 2265 718 2331 nihil
733 2267 821 2332 aliud
852 2289 974 2347 moneo,
999 2290 1096 2351 quam
1125 2269 1239 2335 debere
1264 2293 1337 2336 eum
1361 2296 1430 2340 esse
1453 2277 1575 2362 perspi·

96 2380 214 2437 cuum,
238 2377 387 2443 grauun,
411 2358 435 2422 dr
457 2359 613 2440 quantum
636 2355 705 2420 fieri
730 2360 834 2440 potest
856 2356 1119 2440 scripturarium:
1150 2358 1373 2426 abstinendum
1396 2367 1505 2431 tamen
1534 2367 1575 2430 ab

97 2451 169 2510 una
196 2449 289 2530 parte
311 2448 332 2511 t
358 2445 528 2530 phrasibus
556 2444 694 2520 comicis,
718 2445 741 2510 da
769 2445 909 2522 ludicris,
930 2444 991 2508 feci
1010 2445 1113 2528 plebis
1141 2447 1287 2525 usitatis3
1312 2472 1368 2534 per
1391 2475 1470 2539 quas
1497 2477 1572 2520 con-

96 2536 214 2600 cinnes
240 2534 332 2619 [pag.
359 2534 441 2620 617]
465 2555 572 2599 sacrae
585 2533 669 2616 apud
684 2532 843 2617 Populum
872 2534 1038 2612 vilescunt,
1062 2535 1086 2600 da
1107 2536 1192 2618 apud
1212 2535 1421 2606 Adversarius
1433 2543 1574 2626 despici-

94 2628 215 2689 untur.
231 2623 273 2687 ab
285 2625 388 2687 alterat
402 2626 525 2706 partes
548 2621 703 2686 lenocinio
726 2622 750 2687 d
774 2621 953 2686 meretricio
966 2621 1124 2705 pictarum
1145 2626 1329 2691 vocularum
1349 2627 1441 2706 fuco;
1458 2632 1574 2715 quihus

95 2712 216 2797 potius
239 2711 422 2776 exinanitur
444 2709 632 2795 simplicitas
655 2708 849 2794 Scripturas,
877 2732 974 2796 quam
1004 2710 1184 2777 imitatione
1214 2715 1416 2798 exprimitur.
1439 2717 1574 2795 Quando

95 2800 187 2867 vicia
211 2800 389 2884 epidemioa
407 2801 431 2865 dr
452 2799 597 2864 endemia
616 2798 903 2878 characterizanda,
927 2799 1047 2884 effugia
1064 2805 1267 2883 peccatorum
1291 2803 1315 2868 dr
1338 2805 1575 2890 dictaipsorum

94 2893 260 2954 consueta
287 2887 516 2968 theatrizanda,
544 2887 781 2966 contundenda,
804 2887 1037 2952 haereticorum
1067 2888 1269 2972 sophismata
1293 2894 1317 2958 t
1340 2893 1574 2982 chrestologiae

94 2978 315 3062 detegendae,
339 2977 611 3062 perstringendae,
633 2976 698 3040 alio
720 2976 804 3060 stylo
816 2999 913 3062 quam
935 2976 1151 3058 scripturario,
1173 2980 1302 3062 proprio
1326 2982 1394 3046 scil.
1419 2983 1575 3067 ipsorum,

94 3089 138 3134 ea
172 3067 297 3131 ret'erre
324 3066 410 3130 licet.
432 3064 527 3130 Hunc
555 3065 590 3129 in
619 3064 715 3130 finem
744 3069 872 3148 praeter
902 3065 1063 3129 assiduam
1092 3065 1283 3132 disertorum
1310 3068 1574 3138 concionatorum

93 3154 316 3234 auditionem,
325 3155 593 3239 praestantiorum
606 3151 823 3218 Historiarum
845 3153 958 3238 lingat
969 3153 1138 3219 vemacult
1150 3155 1354 3240 scriptarum,
1365 3182 1424 3225 nec
1443 3183 1506 3226 non
1519 3185 1576 3246 pu·

94 3245 266 3310 blicarum
293 3243 526 3329 apologiarum,
546 3241 1055 3321 manifestationum,&similium
1075 3241 1334 3311 dissertationum
1346 3252 1416 3313 tum
1428 3251 1575 3333 politica·

93 3353 180 3400 rum
195 3335 267 3396 tam
282 3331 567 3397 ecclesiasticarum
579 3329 756 3408 lectionem,
769 3329 953 3394 candidatis
966 3333 989 3396 ta
1002 3330 1308 3410 vabrotchliniatris
1324 3358 1420 3421 quam
1437 3341 1576 3404 maxime

94 3421 364 3489 commendatam
377 3420 484 3486 velim.
504 3419 555 3484 mr
569 3417 798 3484 recentioribus
814 3417 933 3496 Poetis,
951 3418 1007 3505 qui
1020 3420 1192 3506 aliquando
1204 3424 1333 3490 vocibus
1355 3425 1528 3510 inusitatis,
1552 3431 1576 3496 ds

94 3509 202 3598 quasi
229 3509 458 3594 technologiois
480 3531 518 3574 ac
551 3506 789 3591 metaphysicis,
815 3506 1102 3584 ὁνοματοποιοῦντες,
1127 3514 1218 3575 torva
1241 3513 1452 3580 mimalloneis
1479 3517 1575 3584 bom·

92 3601 154 3666 bis
182 3619 303 3664 cornua
325 3597 458 3682 implere
485 3597 643 3686 videntur,
671 3595 771 3660 nolim
793 3593 985 3660 Candidatus
1009 3600 1134 3663 nostros
1162 3601 1282 3683 stylum
1308 3625 1402 3670 suum
1418 3603 1575 3683 formare3

93 3691 162 3754 aut
189 3686 288 3752 etiam
311 3685 394 3750 fictis
421 3689 444 3752 t
468 3684 666 3751 chimaericis
692 3682 928 3754 narrationibus
952 3684 1261 3754 &collocutionibus
1285 3695 1381 3774 (quaa
1405 3694 1502 3779 uulgo
1521 3716 1575 3760 ro-

92 3795 205 3844 mans
226 3775 478 3859 appellantur&
506 3773 626 3859 linguis
648 3771 834 3855 Hispanica,
863 3771 997 3852 Gallica,
1017 3771 1140 3854 Italica,
1164 3777 1342 3860 complures
1354 3783 1513 3866 prostant)
1529 3784 1576 3849 le·

143 3863 224 3929 ndis
242 3863 426 3948 relegendis
447 3864 546 3928 bonas
570 3861 676 3938 horas,
690 3859 773 3925 forte
786 3863 809 3927 t
821 3861 920 3924 bonos
933 3882 1037 3925 mores
1052 3863 1193 3945 perdere.
1217 3865 1267 3932 De
1279 3867 1419 3934 utilitate
1431 3871 1575 3937 lectionis

92 3887 329 4020 ffialoriarum
355 3953 506 4032 rationes,
529 3950 615 4035 apud
641 3949 963 4026 reclamantem&
984 3949 1126 4016 Vosaium
1141 3953 1274 4022 iatrocl.
1298 3956 1336 4021 de
1348 3958 1488 4024 Historia
1501 3983 1573 4026 con·

91 4040 270 4130 gestae&
286 4041 483 4124 experientia
503 4039 695 4106 Candidatus
717 4061 755 4104 ac
767 4037 1011 4104 concionatores
1023 4043 1150 4105 nostros
1162 4042 1288 4109 abunde
1299 4046 1500 4114 convincunt.
1523 4049 1556 4115 N
1558 4071 1575 4114 e

3 4147 4 4152 ¹
117 4131 184 4196 uis
204 4132 296 4212 putet
317 4151 368 4194 mc
393 4127 613 4204 ἀεροβατοῦντα
630 4149 754 4193 cascum
766 4125 842 4210 styli
853 4126 996 4191 criticam
1012 4149 1167 4208 exercere,
1185 4131 1274 4216 legat
1286 4134 1408 4204 uida.
1421 4137 1576 4206 auraici

91 4155 252 4288 lanruac
277 4219 499 4284 minaeorum
521 4216 605 4282 verti
627 4237 696 4302 cap.
723 4217 774 4280 14.
798 4216 827 4299 ᾗ.
851 4215 882 4280 3.
910 4214 967 4278 uhi
982 4215 1039 4294 ait,
1051 4237 1085 4280 se
1097 4239 1160 4282 non
1173 4219 1242 4285 sine
1253 4220 1474 4308 indignatione
1486 4227 1572 4313 stylo

3 4301 4 4312 ¹
90 4307 215 4378 aulico
236 4307 261 4372 t
283 4306 428 4372 terminis
440 4305 572 4372 Gallicis
584 4327 622 4371 ao
634 4303 756 4370 Italicis
767 4303 989 4369 concionantes
1000 4303 1148 4388 audiisse,
1158 4307 1274 4394 quibus
1286 4309 1431 4380 Christus
1444 4316 1570 4382 diceba·

3 4461 5 4494 ,
92 4405 160 4464 tur
191 4394 260 4462 Duc
281 4395 319 4460 de
332 4395 516 4476 leucatem,
542 4393 708 4460 duodecim
732 4391 880 4476 Apostoli
902 4393 1138 4475 centuriatores,
1162 4395 1267 4465 Moses
1295 4399 1442 4469 &Joana
1461 4405 1573 4557 ρῧηιι

3 4507 4 4510 ¹
204 4533 208 4542 '
1511 4511 1578 4558 osea
