3766 4866
356 270 469 336 Tutior.
483 270 543 336 ΙΙΙ.
555 271 603 336 Da
616 272 758 336 hearers
771 273 950 337 (lunisiana
962 272 1254 338 Parnaco-ruenrms.
1280 273 1351 339 Gar.
1368 272 1393 338 Ι.
1532 280 1593 342 311

125 465 202 534 unet,
228 461 321 536 binis,
344 461 443 525 terris
459 482 522 523 uuo
546 461 623 538 loco,
641 483 703 523 iuro
719 464 861 544 ternpore
873 460 1027 525 habendis
1041 460 1226 544 neutiquam
1239 460 1388 526 satisfieri
1400 467 1514 545 potest.
1543 463 1594 530 vi-

124 549 200 614 cani
225 554 294 614 tum
318 549 517 614 Cateclristae
534 553 603 613 tum
627 549 852 614 Catechumeui
879 550 919 613 ad
942 553 1064 614 tantam
1078 549 1370 615 catechizationem
1382 550 1595 634 frequentiam

125 639 267 724 astringi
291 662 354 703 non
378 639 508 704 debent:
527 661 584 702 nec
598 638 737 702 vicissim
749 636 860 703 Urbici
874 639 913 702 ad
927 642 1050 702 tantam
1066 637 1326 723 infrequentiam.
1351 638 1502 718 Rursum,
1519 642 1545 706 si
1562 642 1595 707 in

124 727 256 792 novella
276 729 382 793 &rudi
392 728 545 803 Ecclesia,
571 727 673 810 primo
691 727 810 810 primae
827 727 1098 792 Catechiaatiorres
1111 729 1195 792 ultra
1209 729 1366 794 elementa
1381 729 1509 794 exteadi
1532 754 1595 796 non

124 817 262 880 debent:
285 839 360 902 ergo
372 817 470 881 necin
484 816 763 894 u1·bica,veterana
779 837 814 879 ac
828 816 988 900 frequenti
1000 815 1152 896 Ecclesia,
1171 817 1225 881 ubi
1238 821 1368 902 propter
1384 840 1495 883 seusus
1505 842 1594 884 exer-

123 905 243 970 citatos
255 907 390 990 pleniori
402 907 587 990 dogmatum
600 905 822 987 explicatione,
837 927 872 969 ac
888 905 1084 988 probatione,
1098 927 1169 969 cum
1182 906 1312 970 elencho
1324 929 1476 986 errorum,
1487 930 1594 974 excer-

124 994 192 1058 ceri
216 1000 347 1077 queunt,
365 994 537 1077 eidemque
550 996 659 1058 contra
672 994 940 1058 circumsistentes
952 994 1099 1058 haereses
1112 994 1230 1058 muniri
1242 995 1366 1059 debent.
1391 994 1429 1060 lu
1441 995 1594 1078 Ecclesia,

125 1083 182 1146 ubi
207 1105 271 1147 non
295 1087 468 1167 suppetunt
491 1081 718 1147 Catcclmmeni
730 1083 792 1146 nisi
803 1083 1000 1166 incipientes,
1014 1083 1119 1166 capita
1131 1083 1324 1147 catechetica
1336 1083 1475 1167 primum
1488 1085 1510 1150 t
1523 1089 1593 1150 tan·

124 1177 195 1235 tum
220 1173 416 1237 inculcanda.
440 1172 568 1256 Ergone
599 1172 632 1235 iu
656 1171 807 1247 Ecclesia,
833 1172 888 1236 ubi
912 1194 973 1235 nou
997 1172 1091 1256 pauci
1114 1171 1320 1236 inveniuntur
1335 1173 1368 1236 in
1392 1173 1594 1241 catechetiois

124 1262 226 1344 probe
250 1261 424 1338 exercitati,
450 1261 490 1324 ad
503 1260 773 1326 Outechizationes
787 1261 965 1336 elencticas,
979 1265 1035 1325 aut
1047 1260 1268 1344 scripturarias
1282 1261 1361 1346 (sive
1374 1261 1414 1325 ad
1426 1261 1593 1330 historicos

123 1351 192 1414 sire
215 1352 255 1414 ad
279 1351 473 1436 dogmaticos
501 1348 683 1433 Scripturae
709 1350 820 1432 libros)
845 1354 901 1414 aut
924 1350 1079 1433 practicae
1094 1350 1218 1435 (quales
1241 1372 1338 1434 supra
1356 1350 1592 1437 descripsimus)

123 1440 361 1522 procedendum
388 1461 450 1502 uon
477 1443 579 1516 esset;
608 1439 795 1523 praesertim
820 1439 847 1502 si
871 1439 894 1502 ii
916 1461 1049 1522 quorum
1071 1439 1220 1517 rationes,
1238 1440 1413 1524 ingenium,
1430 1441 1591 1524 profectus

122 1529 212 1592 aelus
240 1528 301 1592 hoc
324 1527 441 1606 ferunt,
470 1551 522 1592 eas
545 1527 734 1592 aMinistris
747 1531 901 1611 peterent.
926 1527 1018 1592 Addo
1035 1527 1138 1593 adhuc
1150 1528 1247 1606 aliud,
1264 1527 1376 1592 Multis
1389 1528 1421 1592 in
1436 1529 1523 1607 locis,
1537 1535 1592 1609 im,

123 1617 239 1700 primis
252 1617 285 1681 in
295 1617 383 1681 Vicis
397 1617 522 1700 publice
543 1639 648 1681 coram
668 1621 736 1681 rora
747 1617 891 1680 Ecclesia
904 1616 1173 1682 Gatechizationes
1190 1617 1365 1682 habentur:
1394 1639 1470 1703 crgo
1483 1617 1516 1682 in
1529 1618 1592 1685 Ur-

125 1706 220 1769 bibus
235 1728 297 1770 non
314 1706 422 1770 licebit
435 1729 487 1770 ees
505 1711 576 1789 post
592 1706 758 1771 dimissum
771 1705 931 1770 Ecclesiae
945 1705 1077 1770 Coetum
1097 1704 1130 1769 in
1142 1705 1238 1770 choro
1251 1705 1387 1790 Templi,
1401 1710 1457 1771 aut
1468 1707 1502 1772 in
1519 1731 1591 1773 con·

122 1795 218 1872 clavi,
244 1799 299 1860 aut
325 1795 359 1858 in
382 1795 445 1858 alio
461 1795 568 1878 aliquo
592 1796 708 1860 sacello
724 1818 776 1860 eas
792 1795 936 1858 habere?
949 1818 1007 1859 nec
1019 1794 1086 1859 vice
1100 1799 1213 1860 versa?
1230 1794 1334 1870 Quare
1348 1804 1487 1878 quaeso?
1511 1797 1592 1874 Quia

122 1885 209 1949 idem
234 1885 345 1949 modus
363 1884 480 1968 ubique
493 1885 683 1948 examussim
701 1884 882 1948 servandus.
907 1883 1019 1969 Apage
1031 1884 1114 1962 hauc
1127 1883 1382 1968 imprudentiam.
1408 1883 1490 1960 Quid
1503 1886 1531 1950 si
1543 1885 1592 1951 in-

121 1977 172 2038 ter
184 1972 325 2038 curiosos
338 1973 550 2052 Quaesitores,
564 1973 618 2056 qui
631 1996 755 2057 semper
767 1975 933 2055 quaerunt,
947 1995 1110 2056 nunquam
1123 1972 1299 2052 inveniunt,
1313 1973 1368 2056 qui
1381 1974 1418 2038 de
1442 1975 1591 2039 ecclesia·

120 2063 211 2126 sticis
237 2062 399 2146 disputare
413 2063 535 2126 malunt
557 2085 652 2145 qnam
667 2061 877 2126 ecclesiastice
890 2082 996 2146 agere,
1007 2061 1061 2146 qui
1073 2061 1182 2126 dicunt
1192 2063 1214 2127 dr
1226 2083 1288 2126 non
1305 2061 1437 2143 faciunt,
1451 2064 1592 2147 prodiret
1647 2130 1651 2138 ,

121 2151 241 2234 aliquis
253 2151 309 2236 qui
324 2175 433 2215 omues
447 2151 727 2228 GateehizationeS,
745 2155 872 2234 praeter
887 2151 1061 2229 conciones,
1090 2173 1262 2234 nunquam,
1284 2155 1340 2215 aut
1355 2156 1427 2216 raro
1440 2151 1589 2218 haberet:

121 2263 163 2303 an
187 2241 228 2304 ad
241 2239 340 2323 ipsius
358 2240 520 2304 modulum
532 2241 635 2304 omnis
648 2239 919 2304 Catechizantium
934 2239 1100 2325 diligentia
1113 2240 1272 2304 efformari
1285 2240 1436 2305 deberet?
1453 2240 1490 2306 ln
1502 2243 1591 2325 prin-

120 2329 205 2412 cipio
231 2330 422 2414 emergentis
450 2328 683 2393 reformationis
705 2329 736 2392 in
754 2327 868 2413 Belgio
881 2328 1123 2393 (loncionatores
1140 2329 1241 2414 aliqui
1252 2329 1379 2412 publice
1397 2331 1591 2415 explicantes

121 2417 323 2482 flatechesim
344 2419 436 2482 modo
456 2418 514 2481 hos
538 2418 630 2482 modo
654 2418 726 2482 illos
747 2441 784 2480 ex
807 2417 1015 2482 Auditoribus
1040 2440 1096 2502 pro
1113 2418 1245 2482 arbitrio
1269 2441 1326 2482 suo
1339 2419 1589 2505 interrogabant.

120 2507 226 2582 Quem
250 2511 357 2572 tamen
382 2508 509 2571 modum
532 2507 565 2569 iu
578 2506 798 2591 frequentibus
811 2506 964 2571 Ecclesiis
981 2507 1193 2586 &ariditoriia
1207 2507 1336 2592 adquae
1349 2508 1451 2573 omnis
1464 2509 1590 2594 generis

120 2594 269 2672 Sectarii,
282 2593 450 2670 ἒμπκῖκται,
473 2596 598 2678 profani
611 2596 835 2674 admittuntur,
844 2595 937 2660 hodie
950 2597 1069 2660 serrari
1082 2619 1143 2661 non
1157 2596 1202 2660 ita
1214 2596 1396 2661 conveniret
1405 2621 1412 2674 ;
1422 2619 1458 2661 ac
1470 2597 1503 2662 in
1515 2621 1590 2682 par·

120 2684 169 2748 ris
197 2687 220 2750 tr
241 2683 369 2762 vicanis,
394 2689 450 2748 aut
467 2684 498 2748 iu
512 2685 715 2749 clandestinis
731 2683 892 2764 Ecclesiis,
905 2685 961 2749 ubi
973 2707 1081 2750 omnes
1094 2684 1264 2749 Auditores
1278 2685 1371 2749 unius
1383 2707 1493 2750 sensus
1506 2688 1529 2752 fr
1542 2687 1589 2752 la-

119 2772 166 2836 bii
179 2776 265 2836 sunt.
289 2771 418 2860 Alicubi
427 2773 466 2838 ab
483 2773 575 2837 initio
587 2773 822 2837 reformationis
835 2773 983 2838 habitum
995 2774 1057 2837 fuit
1070 2774 1249 2858 collegium,
1267 2773 1350 2856 quod
1373 2778 1497 2855 vocant,
1510 2773 1588 2840 Pro-

121 2861 320 2944 ponentium,
346 2866 492 2926 constans
510 2885 547 2926 ex
570 2863 699 2926 delectis
712 2862 835 2945 aliquot
851 2861 935 2926 Viris
948 2867 1003 2927 aut
1016 2862 1038 2927 J
1042 2863 1194 2927 uveribus
1211 2861 1372 2926 Ecclesiae
1384 2862 1477 2927 istius
1490 2885 1589 2928 mem-

119 2950 203 3014 bris:
222 2950 255 3013 in
271 2973 333 3034 quo
346 2950 414 3014 bini
428 2951 578 3034 pervices
592 2952 682 3036 [pag.
697 2951 778 3036 872]
792 2951 902 3015 diebus
915 2951 1080 3016 dominicis
1097 2950 1250 3014 meditata
1263 2974 1320 3015 sua
1333 2955 1523 3034 proponunt,
1540 2952 1588 3016 al·

120 3045 172 3104 ter
184 3039 225 3103 ad
241 3043 364 3103 textum
377 3037 571 3124 Scripturae,
581 3041 663 3104 alter
679 3041 718 3104 ad
731 3040 902 3104 sectionem
915 3040 1152 3105 catecheticam.
1170 3039 1253 3116 Quid
1269 3040 1296 3104 si
1308 3039 1424 3126 aliquis
1438 3040 1587 3124 spiritum

119 3131 226 3193 sectae
240 3129 442 3210 aequatoriae
455 3129 605 3214 (Anglice
622 3129 784 3212 Leocllera)
800 3129 944 3204 induens,
958 3129 1042 3193 dicat
1055 3133 1110 3192 aut
1126 3128 1170 3192 ibi
1183 3129 1247 3192 talc
1257 3128 1442 3192 exercitium
1454 3152 1516 3194 non
1533 3130 1587 3194 de-

120 3217 229 3282 buisse
251 3216 376 3280 institui
401 3219 424 3282 t
443 3239 499 3301 per
511 3221 559 3281 tot
572 3239 670 3282 annos
687 3218 877 3295 continuari,
894 3223 950 3282 aut
970 3218 1001 3281 in
1015 3217 1161 3282 omuibus
1177 3217 1329 3281 Ecclesiis
1342 3217 1462 3302 pariter
1474 3218 1587 3283 debere

118 3305 263 3370 institui:
280 3309 315 3369 ut
327 3305 395 3370 scil.
409 3307 518 3370 eadem
532 3306 622 3384 ratic,
636 3307 720 3370 idem
731 3307 841 3370 modus
854 3307 920 3371 sivo
934 3307 1150 3371 catechizandi
1170 3307 1235 3370 sive
1246 3306 1455 3390 prophetandi
1468 3306 1586 3390 ubique

119 3395 306 3478 peremnia,
320 3393 342 3457 t
354 3395 753 3480 consequenterconcordia
765 3393 979 3460 Ecclesiarum
992 3396 1015 3460 dr
1027 3395 1247 3460 Ministrorum
1263 3398 1415 3460 servetur.
1440 3393 1502 3459 Sed
1515 3396 1587 3478 plus

118 3482 199 3548 satis
212 3483 249 3546 de
266 3483 404 3547 consiliis
417 3506 512 3567 super
526 3489 589 3547 una
603 3484 752 3549 methodo
765 3487 787 3550 tr
800 3484 902 3548 forma
915 3485 1140 3563 catechizandi,
1165 3483 1291 3568 Synodo
1311 3482 1476 3548 Nationali
1488 3506 1587 3548 reser-

117 3571 242 3635 vandis.
268 3571 401 3638 lnterim
417 3571 557 3636 Ministri
570 3575 592 3638 tr
605 3572 804 3638 catechistae
817 3573 972 3656 impleant
992 3574 1105 3638 saltem
1119 3579 1226 3637 votum
1240 3574 1263 3638 t
1275 3576 1447 3656 sequantur
1459 3572 1586 3636 consili-

117 3683 174 3725 um
187 3661 308 3746 Synodi
318 3661 541 3728 Dordrucenoe
552 3663 630 3728 Sese.
648 3662 697 3725 17.
712 3661 919 3746 propositum.
934 3660 968 3726 Si
980 3662 1056 3747 quid
1066 3663 1150 3726 ultra
1162 3661 1377 3746 quaerendum
1390 3665 1448 3725 aut
1459 3664 1587 3725 tentan-

117 3749 207 3826 dum,
225 3749 420 3833 experientia
443 3752 466 3816 a
493 3771 599 3814 rerum
611 3751 867 3815 circumstantiae
885 3752 1120 3816 monstrabunt.
1144 3749 1251 3814 Facile
1260 3755 1309 3814 est
1316 3749 1453 3814 inventis
1465 3749 1587 3833 aliquid

117 3837 245 3901 addere.
270 3836 365 3902 Modo
392 3839 500 3903 omnia
513 3839 694 3923 conspirent
713 3840 753 3903 ad
776 3839 940 3925 religionis
956 3839 1148 3904 reformatae
1164 3839 1338 3924 puritatem
1353 3838 1386 3902 in
1399 3837 1517 3903 celebri
1528 3837 1586 3902 illa

117 3924 248 4008 Synodo
271 3927 309 3990 de
332 3949 412 3991 novo
426 3927 612 4006 stabilitam,
633 3927 762 4012 pietatis
777 3929 851 4007 vim,
865 3931 887 3994 tr
900 3928 1064 3993 hominum
1075 3929 1209 3993 salutem
1222 3928 1478 4011 promovendam.
1504 3925 1586 3991 Con·

116 4015 211 4080 cludo
224 4015 284 4080 hoc
300 4021 395 4099 eaput
408 4017 512 4080 verbis
524 4015 598 4081 Joh.
613 4016 733 4082 Gerson
747 4017 833 4081 Part.
848 4020 878 4081 2.
893 4015 1032 4101 Operum
1045 4015 1150 4082 Tract.
1173 4017 1225 4081 35.
1238 4017 1276 4080 de
1293 4015 1404 4080 Pueris
1428 4014 1467 4079 ad
1487 4013 1585 4081 Chri-

116 4109 205 4168 stum
218 4103 392 4183 trahendis,
406 4105 655 4170 consideratione
665 4107 694 4170 l.

166 4192 286 4271 ,Ades
301 4194 411 4280 inquil,
423 4194 664 4278 jamindiguum
678 4194 801 4260 videtur
813 4196 897 4279 apud
909 4195 1043 4259 multos:
1058 4195 1084 4258 si
1098 4195 1169 4278 quis
1186 4217 1224 4258 ex
1237 4193 1396 4278 theologis
1411 4197 1467 4258 aut
1482 4191 1599 4268 fama,

121 4287 192 4358 ,tus
216 4280 247 4344 iu
273 4282 403 4346 litteris:
430 4283 479 4346 vel
503 4283 714 4348 ecelesiastica
731 4285 886 4369 dignitate
903 4285 1079 4368 praeditus:
1098 4283 1137 4347 ad
1151 4283 1211 4347 hoo
1222 4305 1256 4348 se
1269 4306 1349 4368 opus
1365 4282 1583 4348 inclinaverit:

121 4371 329 4454 ,praesertim
345 4371 427 4437 eirca
439 4373 603 4457 parvulos:
630 4373 713 4459 qnod
728 4373 809 4436 mihi
822 4373 935 4460 (quiin
951 4372 1069 4438 talibus
1081 4394 1150 4437 esse
1162 4375 1256 4456 putor
1271 4372 1424 4436 momenti
1436 4370 1584 4469 alicujus)

1534 4481 1583 4536 ,m
