3668 4856
301 262 365 327 272
599 257 680 328 Pras
702 256 762 328 ΠΙ.
786 257 834 327 Dr
858 253 1010 327 Rucuma
1034 257 1126 328 Ecca.
1149 281 1178 326 m
1203 277 1325 328 canera.
1350 255 1416 329 Lra.
1439 257 1465 330 Ῑ.

299 454 526 534 consequenter
544 454 723 534 pervertere
741 453 861 514 statum
881 450 1122 518 controversiae.
1147 449 1200 515 An
1212 472 1276 515 non
1288 450 1435 516 meminit
1447 473 1481 516 se
1497 449 1605 516 Zionis
1618 451 1763 538 regalem

301 539 567 624 praerogativam,
590 539 868 624 independentiam
890 540 958 605 scil.
983 539 1251 606 &absolutionem
1267 539 1480 605 Ecclesiarum
1495 541 1535 605 ab
1553 541 1642 606 omni
1659 563 1765 606 corre·

300 628 488 713 spondentia
499 627 661 693 classica&
673 627 821 713 synodica
832 629 866 692 in
879 628 949 692 idea
961 628 1176 714 proposuisse3
1187 628 1249 694 &in
1261 628 1345 694 thesi
1354 629 1552 713 probandam
1561 631 1762 716 suscepisse?

301 717 371 794 Quo
395 715 522 795 indicio,
546 721 609 801 quat
621 718 692 796 fide,
705 721 768 803 qut
785 739 897 782 causae
910 717 1025 782 fiducia
1036 717 1088 782 hic
1100 716 1239 782 deflectit
1250 717 1290 782 ad
1304 717 1418 784 classes
1434 719 1615 804 &synodos
1627 731 1664 786 at
1675 739 1765 786 avane

300 817 384 886 secat,
401 805 519 872 alicubi
530 805 563 869 in
577 806 688 892 Belgio
700 807 778 884 scil,
790 807 829 870 de
841 805 957 890 quibus
969 807 1044 888 quid
1056 805 1222 884 inaudivit,
1235 807 1258 872 b
1270 805 1352 871 forte
1364 808 1448 872 malt
1458 807 1689 892 interpretatus
1702 813 1764 875 est.

301 895 352 960 An
368 895 414 960 ita
424 894 605 960 reformatis
617 895 655 959 de
666 895 839 960 ordinando
851 895 1007 980 regimine
1020 893 1097 959 alibi
1110 895 1329 960 laborantibus
1341 896 1509 980 glaucoma
1525 895 1679 979 objiciet?
1702 895 1764 961 Di-

300 986 465 1071 stinguent
476 982 535 1062 illi,
548 984 596 1048 uti
607 1006 709 1067 spera,
718 985 745 1070 1δι
756 983 933 1070 distinguat
945 984 1013 1067 ipse
1025 983 1159 1068 posthac
1171 983 1254 1048 inter
1266 984 1429 1069 generalia
1440 988 1463 1052 b
1475 985 1656 1051 essentialia
1665 1007 1764 1071 syno-

300 1074 387 1138 dicae
403 1072 707 1156 correspondentiae,
725 1093 780 1136 seu
796 1072 879 1136 inter
891 1073 1035 1159 regimen
1046 1075 1082 1137 ut
1093 1073 1148 1152 sic,
1162 1072 1327 1156 objectiva,
1343 1074 1367 1139 t
1381 1073 1415 1138 in
1431 1096 1464 1140 se
1477 1074 1765 1152 consideratum&

298 1162 383 1228 inter
403 1161 609 1246 particularia
632 1164 687 1226 aut
705 1160 890 1245 peristatica
909 1161 1085 1248 regiminis,
1101 1183 1157 1226 sen
1173 1161 1317 1247 regimen
1329 1161 1502 1247 subjective
1514 1163 1767 1245 consideratum,

300 1255 395 1336 prout
410 1250 476 1315 scil.
489 1249 541 1314 hic
554 1253 610 1314 aut
621 1249 699 1314 alibi
715 1249 930 1314 modificatum
943 1253 967 1317 ta
981 1250 1177 1337 applicatum
1189 1253 1237 1315 est
1249 1251 1289 1314 ad
1300 1249 1380 1316 tales
1392 1252 1607 1332 necessitates,
1621 1254 1766 1318 cesamo·

300 1362 366 1418 nes,
387 1344 443 1404 aut
462 1339 501 1403 ad
519 1339 618 1403 talem
630 1338 802 1416 nationem,
816 1339 1021 1423 provinciam,
1034 1341 1084 1405 &a
1097 1361 1154 1423 pro
1166 1339 1299 1404 arbitrio
1312 1341 1335 1406 dr
1346 1340 1514 1424 prudentie
1525 1339 1764 1408 Ecclesiarum:

299 1452 381 1514 quae
394 1427 600 1493 accidentalia
612 1450 668 1492 seu
681 1427 865 1510 peristatica
877 1428 917 1492 ab
929 1428 1041 1493 iisdem
1053 1426 1205 1493 Ecclesiis
1217 1429 1377 1494 communi
1389 1450 1543 1494 consensu
1554 1430 1672 1495 mutari
1685 1453 1766 1516 pos-

301 1522 385 1597 sunt,
402 1517 443 1582 ab
459 1517 531 1580 aliis
542 1517 576 1580 in
588 1517 692 1601 prima
703 1515 893 1581 admissione
905 1516 1001 1601 hujus
1013 1515 1178 1602 regiminis
1189 1539 1353 1600 nunquam
1365 1516 1472 1601 recipi.
1497 1516 1601 1583 Detur
1615 1520 1765 1605 regimen

301 1605 485 1692 synodicum
497 1605 664 1690 posteriori
679 1605 772 1669 modo
788 1605 1023 1670 consideratum
1034 1605 1178 1670 convinci
1190 1627 1292 1690 posse,
1305 1605 1389 1689 quod
1400 1605 1443 1670 sit
1454 1606 1559 1672 minus
1571 1607 1767 1674 conveniens

172 1697 179 1709 '
301 1719 348 1762 ex.
370 1717 418 1780 gr.
437 1693 555 1778 populo
575 1693 769 1779 Anglicano:
790 1693 946 1780 quidhoc
964 1694 1004 1758 ad
1017 1694 1160 1780 regimen
1172 1694 1271 1778 priori
1283 1695 1376 1760 modo
1387 1695 1631 1774 consideratum,
1644 1693 1685 1762 de
1697 1719 1766 1784 qno
1813 1711 1819 1725 ·

299 1784 427 1870 proprie
439 1783 706 1849 controvertitur?
729 1781 799 1858 Qua
810 1781 943 1848 scientia
955 1786 977 1851 tu
990 1783 1181 1849 conscientia
1193 1781 1318 1848 fumum
1331 1783 1415 1848 hunc
1426 1785 1550 1870 spargit
1561 1785 1644 1850 inter
1656 1809 1766 1870 popu·

300 1875 383 1938 lares
404 1895 487 1950 suos,
507 1887 539 1936 ae
551 1874 733 1950 aetermam,
747 1874 930 1937 Peccantem
944 1874 964 1937 a
979 1873 1100 1938 Clariae
1112 1871 1218 1938 datare
1232 1873 1389 1952 Ecclesiae,
1401 1893 1498 1960 quam
1511 1873 1660 1959 Papiriae
1669 1877 1767 1942 mtto·

301 1975 372 2028 caat
388 1963 425 2028 ia
438 1963 538 2046 Papa,
557 1963 765 2028 molestantes
785 1962 820 2026 ia
830 1961 1002 2045 Episcopatu,
1015 1962 1188 2046 Resonnati
1200 1960 1263 2046 (ati
1274 1963 1441 2048 uocantur)
1454 1963 1490 2027 in
1504 1963 1703 2051 presbyterio,
1722 1966 1769 2030 ad

301 2053 406 2118 nultra
428 2071 537 2116 eorum
549 2051 624 2136 jare
642 2049 804 2134 perticere,
819 2051 873 2116 aed
888 2049 1049 2118 Gla-rictam
1060 2051 1227 2116 docuinam
1239 2049 1383 2135 eseam
1395 2050 1770 2120 metamaucensem

301 2163 370 2206 earn
393 2138 539 2205 omnibus
562 2140 686 2214 sanctia,
711 2159 839 2226 canaque
860 2139 1020 2204 collocasse
1043 2141 1078 2205 ia
1101 2135 1232 2227 quolibet
1241 2141 1431 2223 particulari
1444 2153 1539 2208 coela
1563 2137 1651 2206 Haec
1664 2143 1771 2208 verba

301 2230 402 2315 ipsius
424 2229 458 2292 in
481 2227 680 2312 praefatione
704 2226 798 2312 hujus
822 2227 933 2294 libelli.
957 2227 1030 2293 Non
1050 2251 1163 2312 parum
1184 2228 1318 2293 labascit
1338 2229 1573 2314 argumentatio
1586 2231 1665 2313 ejus,
1678 2252 1770 2316 qnae

302 2320 434 2383 caudam
447 2316 529 2382 hanc
542 2317 672 2381 attexit:
684 2329 720 2383 at
732 2337 818 2382 nuuc
829 2329 914 2383 sant.
938 2316 1107 2382 Tollantur
1119 2317 1175 2382 illa
1187 2339 1244 2401 per
1257 2339 1313 2382 nos
1326 2317 1417 2394 licet3
1431 2322 1558 2382 autnon
1566 2319 1772 2403 recipiantur

302 2430 384 2495 quae
404 2407 444 2471 ad
463 2402 499 2465 τὲ
518 2427 605 2472 auae
623 2417 716 2484 suaa·
729 2405 789 2470 hoc
809 2409 866 2484 est,
887 2405 927 2470 ad
940 2406 1068 2486 abusus,
1082 2409 1137 2471 aut
1150 2406 1189 2470 ad
1204 2405 1290 2472 facta
1303 2410 1359 2470 aut
1371 2406 1411 2470 ad
1422 2407 1640 2486 accidentalia,
1652 2413 1714 2474 aut
1728 2411 1771 2474 ad

302 2497 470 2581 specialem
490 2494 672 2578 applicandi
691 2494 820 2559 modum
838 2494 997 2578 pertinere
1016 2495 1216 2560 videbuntur.
1240 2493 1348 2559 Liceat
1367 2493 1459 2560 nobis
1471 2496 1680 2560 accidentalia
1695 2499 1770 2580 illa,

301 2586 415 2650 saltem
439 2607 520 2671 quae
544 2583 822 2649 constitutionibus
845 2582 1076 2649 Ecclesiasticis
1096 2583 1262 2669 designata
1279 2586 1363 2659 sunt,
1381 2605 1438 2648 suo
1454 2585 1522 2649 loco
1534 2584 1771 2672 relinquerat

301 2697 396 2739 usum
408 2696 517 2739 eorum
529 2693 587 2757 pro
602 2694 636 2737 re
653 2676 727 2736 nata
739 2673 900 2736 moderate
913 2672 1072 2752 adhibere,
1087 2673 1184 2738 donec
1197 2677 1428 2738 succrescentes
1440 2673 1568 2753 abusus,
1582 2679 1638 2738 aut
1650 2678 1772 2760 gravia

299 2763 498 2828 incommoda
518 2765 613 2848 (quae
634 2761 773 2826 nondum
789 2761 943 2840 videmus)
959 2761 1046 2826 alind
1059 2760 1135 2848 quid
1150 2761 1318 2827 suaserint.
1345 2763 1376 2826 2.
1400 2760 1576 2847 Negamus,
1589 2764 1675 2848 quod
1687 2787 1772 2850 pro-

301 2852 440 2917 bationis
463 2853 532 2917 loco
556 2849 711 2936 suggerit,
735 2850 880 2915 illicitam
901 2873 969 2914 esse
980 2850 1131 2916 Ecclesiis
1143 2849 1391 2935 particularibus
1407 2851 1491 2935 apud
1506 2873 1563 2916 nos
1575 2851 1773 2920 electionem

302 2940 451 3020 ministri,
464 2940 583 3025 absque
596 2959 749 3004 consensu
762 2939 882 3004 classis.
907 2937 955 3004 De
967 2938 1170 3006 antecedente
1183 2945 1239 3004 aut
1248 2939 1481 3005 concomitante
1490 2961 1655 3020 consensu,
1666 2949 1773 3029 negat

302 3029 409 3115 praxis
425 3033 543 3108 nostra,
559 3027 843 3094 &constitutiones
855 3027 1112 3104 Ecclesiasticae3
1126 3031 1293 3114 utramque
1309 3027 1401 3115 [pag.
1421 3029 1498 3114 149]
1511 3029 1667 3106 consulat,
1680 3033 1706 3098 ἃ
1718 3055 1771 3097 er·

301 3141 406 3184 rorem
430 3119 515 3183 hunc
530 3117 685 3190 emendet,
696 3139 737 3180 ne
748 3116 877 3180 tandem
889 3117 1013 3181 desinat
1025 3117 1059 3182 in
1071 3116 1191 3182 crimen
1204 3117 1393 3192 calumniae.
1417 3115 1467 3182 De
1481 3117 1635 3203 requisito
1650 3119 1772 3186 subse·

304 3211 420 3293 quante
441 3227 604 3285 consensu,
624 3209 680 3270 aut
688 3205 807 3283 classis,
820 3210 877 3272 aut
888 3205 1106 3271 ministrorum
1122 3205 1245 3292 aliquot
1257 3208 1274 3270 ὲ
1287 3205 1412 3285 viciniat,
1425 3205 1524 3272 etiam
1540 3205 1772 3292 Magistratus,

303 3297 425 3362 audivit
446 3295 543 3360 forte:
569 3295 623 3360 sed
645 3297 722 3360 tunc
745 3297 879 3378 peracta
894 3299 942 3360 est
962 3293 1090 3373 electio;
1109 3293 1284 3380 requiritur
1296 3295 1382 3359 enim
1394 3317 1565 3360 consensus
1578 3297 1771 3380 approbans

303 3385 489 3451 electionem
504 3385 573 3468 jam
592 3383 721 3451 factam.
745 3381 808 3447 Sed
825 3383 971 3467 pluribus
991 3383 1182 3448 sententiam
1204 3382 1418 3448 Ecclesiarum
1436 3385 1474 3449 de
1487 3385 1560 3469 jure
1572 3385 1771 3454 electionum

302 3475 366 3540 alia
382 3473 591 3559 explicuimus
603 3470 835 3539 &defendimus
847 3471 880 3536 in
893 3470 1005 3556 Dispp.
1018 3473 1066 3538 De
1086 3473 1243 3538 Vacatioae
1256 3472 1486 3550 Ministrorum,
1499 3475 1550 3539 bc.
1564 3471 1596 3540 a·
1609 3476 1686 3540 latre
1701 3479 1772 3544 Pa·

304 3575 447 3630 troaatas
455 3586 468 3640 ,·
489 3584 623 3649 quarum
643 3564 827 3625 contentum
847 3583 944 3645 supra
958 3574 1042 3646 part.
1056 3562 1085 3625 2.
1099 3560 1151 3627 aa.
1164 3562 1194 3625 3.
1208 3561 1412 3628 incendentes.
1434 3561 1592 3627 Minorem
1603 3585 1676 3628 cnm
1689 3589 1774 3650 pro·

302 3651 430 3718 batione
443 3652 584 3735 subjecta
596 3650 741 3715 absolute
753 3672 918 3735 negemus.
942 3649 1002 3714 Est
1014 3655 1122 3715 autem
1134 3672 1171 3714 ea
1183 3654 1289 3714 sumta
1301 3653 1320 3714 a
1332 3650 1436 3730 factis,
1449 3672 1530 3737 quae
1544 3653 1661 3736 partim
1674 3652 1773 3720 inde-

303 3741 393 3806 finite
405 3740 520 3819 innuit,
533 3739 695 3824 partimin
708 3739 829 3803 duobus
842 3739 966 3804 actibus
978 3740 1100 3804 exserte
1113 3738 1267 3804 ostendit:
1279 3739 1475 3818 Elantia-nera,
1487 3739 1602 3826 inquit,
1612 3743 1773 3824 aciemn-i,

303 3830 334 3897 a·
353 3829 701 3896 eammvreuaicatioaem
722 3848 789 3893 ewa
811 3829 876 3894 ticet
893 3827 1057 3906 absoluere,
1076 3827 1192 3914 absque
1213 3828 1437 3912 approbatione
1456 3829 1573 3894 classis.
1598 3830 1691 3916 Recp.
1718 3831 1773 3898 'le

302 3919 466 3984 Electione
478 3917 554 4004 quid
566 3918 618 3996 sit,
627 3918 695 4001 jam
707 3916 854 3983 diximus.
878 3915 927 3982 De
940 3917 1263 3982 excommunicatione
1275 3917 1474 3982 concedimus
1484 3917 1550 3982 tale
1559 3918 1637 4004 qnid
1644 3919 1712 3985 hab
1743 3945 1773 3990 re

303 4012 425 4074 statuta
436 4007 669 4072 Ecclesiastica.
693 4005 756 4070 Sed
768 4005 918 4092 quidhoc
930 4007 969 4070 ad
981 4007 1152 4071 essentiam
1164 4005 1330 4092 regiminis
1341 4005 1464 4072 classici
1476 4009 1532 4070 aut
1547 4007 1715 4092 synodici?
1743 4016 1774 4076 rt

303 4101 408 4181 potest
431 4097 550 4174 adesse,
574 4099 630 4159 aut
654 4094 764 4159 abesse
788 4095 855 4159 siue
883 4095 1018 4179 subjecti
1037 4095 1178 4174 interitu,
1195 4095 1240 4160 sic
1256 4099 1389 4179 possunt
1407 4095 1489 4160 aliae
1501 4093 1663 4162 Ecclesiae
1675 4098 1718 4163 de
1743 4123 1775 4166 eo

303 4187 397 4251 aliter
416 4189 566 4250 statuere.
590 4182 681 4260 Quod
700 4189 826 4248 nostrae
849 4184 1011 4248 Ecclesiae
1022 4183 1075 4248 hic
1090 4184 1137 4248 ita
1149 4183 1400 4263 determinarint,
1412 4205 1474 4248 non
1487 4185 1555 4250 sine
1569 4187 1696 4271 magnis
1714 4247 1715 4250 ,
1743 4213 1774 4256 a·

302 4274 444 4339 tionibus
452 4273 574 4337 factum
585 4271 775 4337 est.Nomen
787 4273 969 4358 disciptinae
980 4273 1011 4338 a·
1022 4273 1349 4338 excurramuaicatiaaie
1357 4273 1591 4338 odiosissimum
1601 4280 1670 4340 erat
1678 4299 1715 4362 aq
1743 4281 1774 4344 rd

303 4364 420 4449 Belgas
432 4361 587 4446 religione
600 4365 707 4426 nostra
719 4383 782 4426 non
794 4362 840 4426 ita
852 4362 1001 4427 imbutos.
1026 4361 1139 4427 Multis
1151 4362 1260 4448 itaque
1268 4363 1400 4428 caavtelis
1408 4385 1487 4446 opus
1496 4367 1574 4444 erat,
1583 4385 1625 4428 ne
1633 4369 1719 4431 teme
1743 4391 1775 4448 e,

1712 4463 1776 4524 *ut
