3768 4842
281 311 439 379 Tutor.
476 314 501 382 l.
538 313 597 378 Dn
631 305 853 378 Eo'oncsrn
890 295 1282 376 Iusrrrurr.·0rr.
1318 307 1372 374 II.
1516 304 1558 371 27
1614 297 1619 310 ’

103 523 179 588 gogo
203 505 263 564 aut
289 501 382 566 domo
401 502 684 585 privatarumque
707 501 822 579 brocia)
845 504 949 579 (vasta
961 500 1081 583 templa
1093 501 1149 563 aut
1160 499 1297 564 oratoria
1313 502 1389 562 tunc
1403 495 1559 580 temporis

104 590 237 658 nondum
263 591 367 656 fuisse
391 591 591 668 Christianis,
623 595 770 654 notamus
794 589 877 654 infra
890 591 924 653 ire
937 601 1022 654 tract
1036 590 1073 653 ete
1093 587 1241 742 Tcmqq's)
1256 610 1321 652 non
1336 588 1559 652 convenerunt.

104 681 207 765 Neque
234 678 323 744 enim
348 683 406 746 boc
422 681 628 764 permittebat
640 702 749 744 earum
761 679 950 762 frequentia.
975 679 1005 743 2.
1032 678 1112 760 Quiu
1125 677 1159 742 in
1200 677 1320 742 eclesiis
1333 675 1475 759 proxime
1492 696 1559 738 suo·

104 769 286 836 cedentibus
301 769 362 834 boc
374 769 504 834 minime
521 769 739 836 observatum:
764 768 811 832 uti
825 770 948 832 constat
964 790 1002 832 ex
1019 769 1157 832 Historia
1175 766 1391 832 Ecclesiastico.
1418 763 1559 829 Videan-

104 868 148 924 tur
176 859 354 942 Scriptores
376 861 414 924 dc
441 861 580 924 Ecclesiis
604 858 839 924 Poroctiulitus
863 857 1018 940 supracit.
1034 859 1057 922 b
1072 856 1257 940 Onupbriuo
1279 844 1558 935 neocosmum

14 993 15 1004 .
107 949 188 1016 croc
205 949 362 1012 Erclcciis.
386 946 495 1013 Nemo
508 949 589 1012 dicet
603 947 637 1010 in
649 947 768 1030 cryptis
784 947 850 1011 suis
863 969 926 1010 uno
939 946 972 1009 in
985 945 1123 1010 oratorio
1137 945 1318 1009 convenisse
1333 946 1436 1008 totam
1448 941 1557 1006 Eccle-

14 1053 15 1056 ’
103 1039 175 1102 siam
200 1035 384 1100 Romanam
408 1037 492 1100 intra
515 1060 632 1102 muros.
657 1037 687 1099 3.
715 1037 796 1118 Qotiu
819 1034 979 1100 Ecclesiae
1000 1033 1100 1098 crucis
1113 1037 1135 1100 b
1148 1032 1361 1098 clandestinae
1375 1033 1470 1116 (quae
1483 1034 1557 1094 sunt

103 1126 259 1192 Ecclesiae
289 1125 380 1204 lucis)
397 1128 464 1210 jam
477 1126 548 1191 iude
562 1131 734 1209 intempore
747 1124 977 1208 Apostolorum
990 1145 1090 1207 usque
1102 1123 1136 1187 in
1147 1122 1231 1187 hunc
1248 1122 1331 1186 diem
1343 1121 1488 1205 quamvis
1501 1142 1558 1204 per

104 1217 253 1299 plurimos
278 1218 386 1280 coetus
412 1215 559 1279 minutim
585 1213 788 1298 sectoqverbi
800 1213 1068 1297 praedicationem
1080 1215 1103 1278 b
1116 1233 1231 1276 coenae
1247 1209 1557 1275 administrationem

103 1305 214 1370 babere
239 1308 408 1389 cogantur,
434 1327 596 1388 nunquam
618 1309 725 1370 tamen
750 1325 871 1368 morem
895 1301 987 1366 illum
1011 1325 1076 1366 non
1087 1301 1284 1366 babuerunt:
1309 1300 1425 1364 nedum
1438 1301 1555 1362 uttan·

103 1417 192 1478 quam
204 1393 420 1458 necessarium
433 1394 702 1478 praescripserint.
717 1393 746 1456 l.
763 1393 846 1474 Quoia
858 1392 981 1456 externi
993 1391 1055 1456 loci
1067 1389 1235 1474 capacitas,
1247 1391 1270 1455 b
1282 1410 1396 1452 sonora
1410 1409 1471 1451 vox
1483 1409 1556 1450 con·

101 1481 283 1558 donatoris,
311 1483 585 1566 &persecutionis
601 1482 709 1566 aliqua
720 1481 864 1546 remissio
878 1481 933 1544 ubi
945 1481 978 1545 in
994 1480 1071 1545 urbe
1085 1479 1192 1564 aliqud
1204 1481 1391 1553 mutaretur,
1407 1476 1481 1540 ilico
1493 1475 1557 1539 fre-

101 1571 227 1657 quentia
253 1571 469 1636 membrorum
485 1572 700 1637 contrahenda
716 1575 808 1642 esset,
822 1573 844 1636 b
859 1570 1029 1655 integritas
1042 1568 1202 1634 Ecclesiae
1218 1566 1427 1643 dissolvenda,
1442 1565 1556 1629 saltem

101 1661 181 1744 qnod
197 1661 239 1724 ad
252 1660 394 1744 aliquam
407 1661 457 1726 sui
469 1666 603 1745 partem;
617 1663 854 1746 &segmentum
871 1661 972 1743 majus
989 1658 1157 1723 autminus
1166 1679 1224 1740 pro
1235 1653 1556 1719 rationeimminutae

103 1752 182 1814 cocis
208 1750 429 1814 concionantis
452 1750 524 1816 inde
551 1752 677 1815 demum
702 1749 734 1813 in
762 1771 878 1813 novam
894 1748 1070 1813 Ecclesiam
1085 1744 1351 1811 constituendum.
1375 1742 1418 1806 Et
1441 1742 1554 1826 quidni
1612 1795 1616 1806 .

102 1861 234 1916 mrsum,
263 1839 290 1902 si
311 1835 362 1902 illi
379 1837 599 1904 Ooncionatori
612 1839 757 1903 succedat
769 1838 840 1921 quis
852 1835 1020 1902 Stentorea
1032 1859 1107 1901 voce
1120 1834 1291 1918 praeditae,
1308 1833 1392 1896 idem
1407 1851 1556 1916 segmen-

101 1935 165 1992 tum
181 1929 287 1994 deuuo
301 1927 398 2011 priori
410 1927 570 1994 Ecclesiae
583 1929 817 2012 apponendum,
827 1926 1053 1990 abolitanovoe
1059 1923 1219 1988 Ecclesiae
1228 1922 1340 1987 forma.
1353 1920 1440 1996 Quae
1449 1920 1556 2012 omnia

101 2023 172 2081 sunt
196 2016 345 2080 absurda.
370 2017 399 2080 5.
429 2017 510 2096 Quia
536 2021 722 2102 sequeretur
733 2015 874 2080 fidelium
886 2006 1095 2098 numero,'qui
1108 2036 1170 2078 uno
1183 2012 1215 2076 in
1229 2011 1367 2076 oratorio
1384 2008 1553 2074 convenire

102 2107 210 2190 possit,
227 2106 380 2190 quamdiu
391 2106 440 2170 illi
453 2107 573 2185 vivrmt,
589 2128 654 2171 non
666 2128 734 2170 esse
746 2105 826 2169 alios
838 2105 872 2168 in
885 2105 1024 2187 ejusdem
1038 2102 1198 2168 Ecclesiae
1207 2099 1430 2165 communione
1439 2098 1556 2161 adden-

101 2197 175 2260 dos:
192 2195 246 2260 sed
263 2218 302 2260 ex
314 2195 434 2273 liberie,
452 2196 543 2282 [pag.
569 2195 628 2280 28]
643 2194 783 2270 famulis,
797 2193 921 2258 ancillis
935 2215 1055 2269 eorum,
1073 2193 1099 2256 si
1112 2191 1168 2275 qui
1180 2191 1263 2254 forte
1276 2188 1336 2252 hoc
1348 2210 1431 2252 anno
1445 2209 1555 2271 super·
1594 2229 1602 2264 ,

103 2285 271 2348 numerarii
294 2284 368 2362 sint,
392 2284 467 2350 ilico
485 2308 601 2350 novam
613 2284 789 2348 Ecclesiam
802 2282 1066 2360 constituendam,
1080 2281 1178 2345 donec
1193 2277 1328 2344 mortuis
1341 2280 1397 2341 aut
1408 2277 1480 2340 inde
1493 2275 1554 2340 mi-

102 2373 267 2457 grantibus
294 2373 446 2438 membris
468 2374 601 2457 aliquot,
626 2373 787 2438 Ecclesiae
811 2375 979 2456 parentum
1004 2374 1026 2437 tr
1049 2371 1199 2434 herorum
1219 2389 1350 2432 suorum
1362 2365 1556 2449 incorporari

104 2463 231 2545 possint,
256 2466 314 2525 sua
336 2461 489 2545 peculiari
510 2463 670 2528 &novella
681 2461 857 2526 Ecclesiolet
873 2460 994 2524 abolita
1010 2483 1046 2524 ac
1058 2459 1228 2535 dissoluta:
1243 2459 1299 2520 aut
1312 2476 1555 2539 supernumera-

104 2550 158 2614 riis
178 2551 242 2614 illis
266 2555 356 2614 extra
371 2551 628 2616 communionem
640 2550 895 2616 Ecclesiasticam
907 2549 1064 2633 tantisper
1080 2546 1338 2631 exspectandum,
1355 2544 1454 2608 donec
1466 2543 1554 2610 locus

104 2645 198 2704 racet.
224 2640 254 2702 6.
282 2637 364 2718 Quia
391 2645 576 2724 sequeretur
599 2663 637 2704 ex
660 2641 721 2705 hac
748 2633 898 2724 opinione
922 2639 1091 2703 essentiam
1107 2636 1298 2703 &unitatem
1314 2633 1485 2707 Ecclesiae,
1497 2636 1554 2696 aut

105 2728 282 2793 essentialia
309 2749 377 2812 ejus
403 2728 555 2812 requisita
576 2729 755 2814 quaerenda
768 2751 835 2794 esse
848 2729 881 2793 in
893 2727 1148 2802 accidentalibus
1166 2727 1188 2792 to
1203 2726 1290 2789 mere
1306 2721 1501 2800 extrinsecis,
1519 2744 1556 2785 ae
1606 2769 1608 2774 -

106 2817 303 2900 periststicis,
316 2818 412 2901 inque
427 2817 468 2882 iis
480 2818 622 2883 fundari.¹
641 2817 732 2894 Quod
744 2816 926 2896 absurdum,
939 2839 1011 2880 cum
1023 2815 1129 2880 unitas
1141 2813 1302 2882 Ecclesiae
1315 2812 1468 2896 cujusque
1479 2832 1554 2893 par-

106 2906 253 2995 ticularis,
266 2906 421 2991 integrae,
436 2910 530 2992 atque
547 2908 726 2992 organicae,
739 2906 875 2990 pendeat
887 2906 927 2970 ab
940 2905 1063 2969 unitate
1076 2905 1170 2968 unius
1182 2898 1389 2986 Presbyterii,
1400 2919 1458 2982 per
1470 2900 1556 2982 quod

106 2995 313 3078 gnbcmetur:
326 2995 374 3060 uti
389 2996 472 3060 inira
485 2996 634 3061 dicemus.
648 2995 860 3075 -V.Quoest.
871 2993 922 3059 An
935 2993 1039 3058 solum
1051 2993 1233 3078 synedrium
1247 2989 1377 3055 dicenda
1390 2988 1432 3052 sit
1443 2987 1554 3052 Eccle-

107 3083 160 3147 sia.
182 3085 271 3168 Hesp.
295 3082 346 3148 Ita
373 3089 480 3149 censet
503 3087 587 3151 Bczu
608 3108 645 3151 eor
670 3085 776 3150 Mettio.
801 3084 851 3148 18.
882 3083 932 3148 17.
960 3085 1120 3148 &eumeo
1134 3083 1284 3148 Formido
1301 3078 1555 3165 Confirmatioois

106 3173 264 3238 &ntorum
289 3175 324 3237 iu
354 3175 493 3258 Liucrpiu
507 3176 628 3259 Betpicu
637 3199 649 3251 ,·
660 3177 683 3240 u
695 3177 805 3239 Fruar.
819 3175 934 3239 lucius
945 3171 1146 3238 Ecclesium-ici
1159 3171 1224 3236 tit.
1242 3169 1272 3233 2.
1288 3189 1355 3252 cup.
1375 3168 1406 3232 3.
1418 3188 1475 3230 nec
1490 3188 1555 3230 non

108 3263 304 3350 Confirorutio
329 3264 489 3347 rcyirniois
512 3265 720 3329 Eccbsiuruoo
733 3265 925 3328 Gallicorum
961 3261 1052 3326 allice
1064 3261 1182 3344 scripta
1198 3259 1252 3344 (ab
1265 3256 1400 3323 Arctooio
1413 3253 1553 3340 zucco)

107 3353 128 3416 t
142 3351 297 3416 communi
309 3352 437 3418 nomine
449 3352 533 3416 edita
542 3366 649 3418 cerer-ro
659 3355 710 3418 Fr.
720 3353 858 3418 olorum
868 3352 905 3437 [l.
931 3370 991 3416 eoo
1000 3351 1135 3436 Morctti]
1147 3353 1233 3414 Poro.
1243 3348 1274 3411 4.
1283 3358 1343 3411 ort.
1354 3347 1383 3408 2.
1394 3355 1510 3430 puncto
1523 3345 1555 3408 2.
1681 3351 1688 3370 ⁸

107 3461 135 3520 p.
149 3441 217 3503 174.
237 3441 310 3504 195.
323 3435 481 3525 'Denique
511 3445 583 3525 post
603 3464 713 3506 omnes
726 3443 806 3506 alios
822 3441 891 3505 fuse
905 3440 1071 3504 confirmat
1085 3439 1147 3503 loci
1159 3437 1245 3501 illius
1257 3433 1554 3518 interpretationem

110 3529 219 3594 Geram
239 3531 376 3594 Bucerus
388 3530 509 3595 (dissert.
524 3532 562 3595 de
573 3531 702 3615 putero.
727 3531 875 3596 Ecclesiae
884 3551 916 3613 p.
943 3532 973 3592 3.
995 3529 1024 3592 9.
1044 3529 1095 3590 83.
1109 3526 1178 3591 Nos
1194 3525 1277 3589 hano
1291 3523 1379 3589 vocis
1391 3521 1552 3586 Ecclesiae

108 3618 317 3700 acceptionem
336 3617 469 3683 dicimus
493 3643 561 3684 esse
588 3618 807 3704 impropriam,
820 3617 888 3683 scil.
902 3617 1148 3702 metonymicam
1164 3611 1468 3698 &synecdochicem
1492 3609 1554 3675 sed

109 3707 178 3788 qnid
189 3707 216 3770 si
227 3708 373 3772 daremus
387 3711 436 3792 (ut
447 3711 537 3774 tanto
551 3709 676 3774 facilius
689 3731 908 3773 removeamus
921 3729 1028 3772 omnes
1042 3707 1163 3790 glossas
1176 3702 1422 3777 hierarchicas&
1435 3699 1554 3784 eligar-

110 3795 217 3882 rhiras)
240 3795 433 3874 immediate,
461 3797 588 3876 directe,
613 3801 635 3863 tu
663 3798 790 3863 definite
813 3797 879 3861 illic
890 3794 1050 3880 designari
1062 3798 1166 3858 totum
1180 3815 1294 3875 corpus
1307 3789 1478 3865 Ecclesiae,
1491 3796 1560 3852 non'

174 3911 178 3941 ι
199 3885 389 3968 synedrium,
414 3889 567 3970 tanquam
590 3876 750 3951 Ecclesiae
764 3887 923 3970 epitomen
940 3887 989 3970 (ut
1001 3883 1144 3967 loquitur
1156 3885 1207 3947 Er.
1223 3882 1338 3946 loculus
1355 3881 1408 3944 loc.
1421 3879 1487 3963 cit.)
1500 3880 1555 3940 aut

170 4023 172 4030 .
193 3974 327 4050 oculum,
357 3997 477 4052 aurem,
494 3976 655 4060 linguam:
681 3966 756 4060 qirid
772 3975 844 4039 inde
856 3973 989 4058 periculi
1002 3977 1057 4036 aut
1070 3971 1223 4036 absurdi?
1248 3968 1361 4053 Neque
1377 3966 1463 4032 enim
1478 3965 1553 4030 hinc

170 4061 243 4126 ritur
269 4063 414 4148 regimen
435 4064 583 4129 absolute
606 4067 629 4130 dr
655 4064 689 4128 in
701 4064 848 4129 omnibus
861 4061 1121 4127 democraticum:
1147 4061 1194 4124 uti
1207 4061 1287 4124 benc
1300 4059 1448 4124 observat
1459 4054 1554 4138 hujus

172 4152 371 4234 rpretationis
399 4151 508 4216 fautor
532 4155 688 4220 Portcrus
701 4155 750 4218 lit.
769 4155 799 4215 3.
812 4154 850 4216 de
862 4153 953 4217 Potio.
967 4150 1138 4216 Ecclesium.
1152 4171 1218 4233 cup.
1236 4151 1263 4209 l.
1279 4149 1308 4212 2.
1323 4149 1352 4212 3.
1367 4148 1417 4212 &c-
1431 4143 1493 4220 Qui
1507 4145 1554 4208 Vi·

170 4239 228 4303 dus.
245 4241 468 4306 Antecessores
482 4243 521 4306 ab
538 4242 680 4307 Ecclesia
693 4241 860 4308 constituti
871 4245 955 4319 sunt,
969 4244 1004 4304 ut
1015 4238 1144 4302 nomine
1156 4237 1316 4303 Ecclesiae
1329 4232 1553 4299 Ecclesiastico

174 4333 220 4408 nt,
243 4329 288 4394 ita
312 4333 349 4393 ut
372 4329 404 4393 in
427 4329 492 4394 illis
508 4334 601 4416 &per
616 4331 688 4396 illos
700 4331 843 4396 Ecclesia
856 4353 913 4395 sua
925 4351 1035 4393 curare
1048 4327 1179 4392 dicenda
1191 4328 1243 4403 sit,
1260 4325 1343 4390 sicut
1359 4324 1455 4388 homo
1469 4322 1555 4386 ridet

175 4439 202 4472 ¹·-
225 4417 308 4484 Hinc
336 4423 444 4483 tamen
471 4443 534 4486 non
562 4421 706 4504 sequitur
729 4420 893 4504 quodlibet
905 4417 1084 4484 membrum
1096 4417 1237 4500 corporis
1249 4437 1342 4497 posse
1356 4413 1469 4490 dicere,
1483 4410 1554 4495 Ego

282 4542 286 4553 ·
1484 4520 1554 4562 sum
