3722 4850
307 292 421 363 Tuscu.
432 298 475 367 ΙΙ.
498 295 695 374 DaPaucm,
709 291 1154 372 Bessorcr.‚1)0101.0auccn
1178 291 1252 359 Ora.
1265 292 1291 358 l.
1486 291 1525 358 15
1634 365 1636 370 ,

83 485 179 566 gratae
190 480 214 546 t
225 483 374 563 acceptae
387 501 455 544 esse
471 482 632 563 putentur:
645 480 795 560 breviter,
808 484 845 544 ut
856 479 904 544 illi
917 479 1039 566 aliquid
1054 479 1154 544 tribui
1167 479 1323 560 videatur,
1336 479 1420 564 quod
1431 479 1529 546 solius

84 567 185 634 Christi
196 569 311 633 merito
326 571 506 652 competere
517 569 706 634 credendum
720 572 778 633 est.

118 658 181 742 §.b
202 657 409 722 Problemata
424 656 461 720 de
477 655 546 740 ipst
558 658 701 723 oratione
712 658 925 723 ecclesiastica
939 661 1021 722 sunt.
1041 659 1065 722 1.
1082 658 1186 723 Probl.
1199 656 1252 721 An
1268 657 1410 722 omnium
1422 657 1523 722 bono·
1605 737 1609 749 ¹

83 768 142 810 rum
152 746 329 830 petitiones,
338 744 481 810 omnium
493 745 650 811 malorum
662 747 909 830 deprecationes,
921 767 1094 830 omnesque
1106 769 1163 830 pro
1176 745 1337 810 beneficiis
1350 746 1528 830 gratiarum

83 835 205 899 actiones
224 856 297 900 cum
316 833 493 898 rationibus
513 833 537 898 b
556 835 868 919 amplificationibus,
886 834 1122 918 particulariter
1138 834 1274 919 singulis
1288 833 1529 899 Precationibus

84 923 286 988 ecclesiasticis
312 923 378 989 sint
393 923 638 1006 proponendae?
656 924 746 1008 Resp.
765 925 836 1008 Nep.
850 923 899 988 De
911 923 1065 988 Precibus
1077 924 1101 989 b
1112 923 1323 988 Concionibus
1336 922 1529 1006 quotidianis

82 1033 127 1076 scu
141 1011 437 1076 hebdomadalibus:
451 1033 533 1094 quae
551 1012 635 1076 ultra
645 1013 744 1097 trium
757 1013 980 1096 quadrantum,
993 1015 1050 1076 aut
1061 1011 1100 1076 ad
1112 1033 1272 1077 summurn
1285 1011 1371 1076 ultra
1385 1011 1529 1096 integrae

82 1099 165 1165 horae
172 1101 313 1184 spacium
321 1121 385 1164 non
393 1099 545 1163 deberent
551 1101 687 1166 extendi.
697 1099 1529 1184 Generalisbsummapetendorum,deprecaud0rum,

82 1187 290 1254 beneficiorum
306 1188 423 1272 capita,
439 1192 496 1252 aut
508 1189 678 1253 eorundem
690 1189 843 1273 paratitla
855 1188 1035 1273 perspicua,
1047 1188 1195 1272 simplici,
1208 1187 1370 1272 pathetico
1382 1189 1466 1274 stylo
1478 1211 1530 1252 or·

81 1275 189 1342 dinarib
205 1281 331 1342 tautum
345 1276 436 1362 [pag.
449 1277 529 1361 499]
542 1278 750 1342 recensenda:
764 1278 904 1362 exceptis
917 1277 1022 1356 malis,
1036 1281 1092 1341 aut
1104 1277 1207 1356 bonis,
1220 1280 1276 1341 aut
1287 1276 1449 1341 beneficiis
1462 1278 1529 1342 sive

82 1366 202 1448 publicis
214 1366 282 1430 sire
293 1365 428 1450 privatis
444 1365 566 1450 (qualia
581 1366 715 1431 scedulis
730 1366 865 1431 indicari
880 1365 996 1448 solent)
1012 1365 1072 1430 hoc
1087 1370 1230 1450 tempore
1242 1369 1384 1430 recenter
1396 1365 1527 1444 abortia,

80 1457 128 1518 sat
144 1454 339 1540 aliquamdiu
354 1454 560 1538 urgentibus3
577 1454 615 1518 de
633 1455 748 1539 quibus
765 1454 987 1539 explicatiores
1003 1454 1226 1519 meditationes
1242 1454 1472 1538 proponendae.
1490 1452 1528 1518 In

80 1540 216 1608 Precibus
239 1541 494 1620 dominicalibus,
508 1542 563 1606 ubi
574 1543 760 1627 principalis
773 1543 907 1607 materia
918 1542 1075 1608 concionis
1089 1542 1277 1627 applicanda
1289 1545 1347 1620 est,
1361 1542 1458 1606 etam
1468 1543 1527 1606 ali-

79 1631 151 1714 quod
172 1623 461 1715 temperamentum
484 1630 699 1696 adhibendum
723 1631 755 1695 in
779 1631 999 1715 petitionibus
1023 1631 1310 1716 deprecationibus,
1327 1631 1527 1695 eucharistiis

79 1721 302 1802 particulariter
313 1719 573 1803 multiplicandis,
586 1721 609 1786 b
621 1719 790 1806 sigillatim
803 1719 995 1784 diducendis.
1007 1718 1121 1805 Neque
1133 1719 1219 1786 enim
1231 1741 1341 1784 omnes
1353 1719 1452 1784 horae
1464 1719 1526 1784 diei

77 1809 199 1890 publicis
212 1808 373 1874 exercitiis
384 1807 598 1891 occupandae:
612 1831 684 1873 cum
697 1831 736 1873 ex
747 1808 839 1893 praxi
851 1809 874 1874 b
886 1809 1108 1873 observatione
1120 1808 1183 1872 diei
1195 1807 1370 1872 dominicae
1386 1808 1464 1872 alibi
1474 1809 1528 1872 de-

78 1896 183 1962 lineata
190 1900 325 1976 constet,
334 1896 432 1961 etiam
439 1897 891 1981 privatisbprivato-publicis
900 1897 1068 1975 exercitiis,
1078 1896 1370 1981 utbcorporalibus
1380 1895 1446 1960 suis
1454 1918 1529 1960 suo-

25 2057 31 2072 ·
76 1983 1528 2162 ttlll„{tuttltttttlltlt,llltlttllltlllltttulpllfflllt

75 2183 128 2246 que
139 2164 295 2228 naturalis
303 2161 526 2227 disserentium
538 2161 762 2246 phraseologia
773 2163 851 2242 atil:
867 2163 922 2228 sed
936 2162 1025 2240 deri»
1037 2164 1177 2228 maiam
1190 2163 1274 2248 qaod
1284 2162 1528 2228 rsonconsilium

74 2250 125 2316 boc
141 2256 287 2316 nostrum
302 2249 520 2337 suggerimus,
540 2272 580 2316 ne
598 2249 802 2317 Precationes
822 2254 897 2317 ante
915 2251 1096 2316 concionem
1109 2250 1269 2316 ordinario
1282 2251 1323 2314 ad
1337 2251 1435 2315 horae
1447 2273 1527 2335 qua-

75 2338 218 2420 drentem,
227 2362 287 2405 nec
296 2344 387 2425 posta
398 2338 580 2404 concionem
592 2340 633 2404 ad
643 2339 811 2405 dimidium
822 2339 921 2404 horae
930 2339 1167 2424 protrahantur.
1181 2337 1314 2424 Semper
1322 2338 1528 2424 cogitandum

74 2425 295 2508 consolatori,
315 2451 350 2493 se
369 2427 502 2513 privatis
523 2428 700 2512 soliloquiis
713 2430 736 2495 b
748 2428 1020 2506 meditationibus,
1032 2450 1089 2511 pro
1101 2428 1292 2494 excitatione
1305 2429 1328 2495 b
1340 2428 1528 2492 dilatatione

73 2517 193 2600 spiritus
213 2539 346 2602 precum
364 2517 398 2580 iu
409 2537 443 2580 se
455 2536 518 2579 non
530 2538 656 2582 vacare:
670 2517 859 2600 praesertim
871 2516 1022 2581 brevitati
1036 2517 1237 2596 studendum,
1250 2539 1322 2581 cum
1334 2517 1382 2582 sui
1397 2516 1527 2595 oblitus,

72 2611 121 2669 aut
130 2606 238 2690 aliqua
250 2605 403 2690 peculiari
415 2604 576 2670 occasione
589 2605 717 2690 longius
726 2609 893 2691 provectus
902 2604 1073 2670 Auditores
1082 2605 1212 2670 dicendo
1221 2605 1301 2670 alios
1309 2605 1440 2669 satiavit
1448 2604 1527 2670 alios

72 2692 243 2760 delassavit.
257 2693 380 2759 Diebus
391 2692 660 2777 supplicationum
679 2694 933 2760 &eucharistiam
950 2693 1219 2772 extraordinariis,
1236 2697 1437 2777 peccatorum
1449 2715 1522 2758 con·

16 2791 17 2796 ’
71 2778 224 2864 sessiones,
237 2782 465 2848 beneficiorum
477 2783 803 2861 commemorationes,
812 2782 1057 2866 promissionum
1064 2782 1293 2863 renovationes,
1303 2783 1461 2846 malorum
1468 2781 1522 2845 dc·

71 2873 271 2952 precationes,
279 2872 434 2936 bonorum
450 2869 629 2954 petitiones,
647 2871 856 2956 benignitatis
872 2871 997 2936 divinae
1019 2871 1129 2935 laudes
1148 2871 1273 2954 plenius
1294 2871 1318 2936 b
1339 2869 1527 2954 explicatius

72 2961 191 3044 proponi
201 2960 318 3026 solent
328 2957 460 3024 Interim
469 2957 551 3025 &hic
559 2959 742 3025 meminisse
750 2964 877 3044 oportet
887 2965 940 3019 τοῦ
953 2960 998 3027 Ne
1008 2959 1086 3045 quid
1098 2960 1206 3024 sienis.
1222 2958 1429 3023 Audituribus
1442 2957 1527 3022 forte

69 3049 171 3114 melius
184 3047 312 3118 consuli
324 3051 441 3132 posset,
453 3047 481 3114 si
492 3049 557 3112 una
568 3051 665 3132 atque
676 3049 779 3112 altera
791 3047 976 3118 Precatioue
990 3048 1097 3112 omnia
1108 3047 1201 3112 modo
1214 3051 1400 3125 memorata,
1409 3067 1466 3130 pro
1475 3069 1527 3110 ra·

69 3135 144 3203 tione
165 3136 371 3204 solennitatis
396 3136 493 3214 illius,
510 3136 658 3220 explicite
670 3136 694 3201 b
706 3137 800 3220 plene
812 3137 1026 3221 proponenda,
1038 3158 1102 3200 nou
1115 3135 1377 3220 complectamur:
1391 3136 1446 3200 sed
1459 3157 1527 3199 ma-

68 3225 154 3290 terias
173 3227 249 3291 illas
265 3225 371 3289 tribus
391 3228 446 3289 aut
470 3228 609 3307 quatuor
626 3225 699 3290 aliis
718 3224 970 3304 Precationibus,
991 3224 1180 3288 intermedio
1192 3228 1336 3308 tempore
1347 3224 1432 3289 inter
1447 3223 1526 3288 duas

68 3314 222 3384 medones
242 3312 448 3378 instituendis
470 3313 616 3397 partitim
628 3335 859 3398 proponamus:
874 3335 900 3377 e.
914 3335 963 3398 gr.
979 3313 1147 3377 dilatatam
1163 3312 1392 3378 confessionem
1409 3334 1525 3396 pecca-

66 3405 171 3484 torum,
180 3405 205 3470 d
214 3401 405 3488 petitionem
413 3401 608 3467 remissionis
618 3405 690 3479 nutu
699 3402 1031 3468 commemorationem
1041 3401 1526 3481 beneficiorum,celebratiouem

67 3488 128 3572 Ilei,
150 3495 174 3560 lc
198 3489 430 3558 eucharistiam
454 3511 491 3554 ac
514 3489 756 3573 promissionem
780 3490 907 3556 debitae
929 3490 1159 3569 retributionis,
1176 3489 1259 3567 alis3
1275 3490 1379 3555 omnis
1395 3489 1523 3575 generis

65 3577 327 3658 benedictionum,
354 3578 512 3667 imprimis
539 3600 660 3657 aarum,
681 3601 816 3664 quarum
837 3579 999 3644 occasione
1019 3579 1159 3644 solennis
1179 3578 1371 3663 supplicatio
1391 3578 1526 3656 indicta,

65 3669 240 3750 petitiones,
264 3667 340 3732 alia
365 3665 453 3731 Haec
472 3666 555 3730 ratio
575 3666 755 3732 celebrandi
771 3667 894 3752 jejunia
913 3667 946 3732 in
958 3666 1101 3732 Ecclesit
1114 3667 1228 3756 patria,
1242 3668 1299 3732 ubi
1311 3666 1526 3751 septendecim

63 3758 144 3824 anis
156 3755 354 3836 ministravi,
366 3755 486 3820 servari
496 3754 585 3820 solet.
603 3753 657 3820 Sic
671 3759 779 3820 tamen
795 3755 961 3820 distinctas
976 3755 1049 3820 illas
1061 3755 1174 3821 Preces
1188 3755 1371 3839 praemissis
1384 3755 1526 3838 ejusdem

63 3849 110 3910 aut
124 3847 245 3914 similis
257 3843 412 3910 materiae
423 3843 582 3927 capitibus
595 3865 635 3908 ex
646 3841 812 3928 Scriptura
824 3844 915 3909 lectis
927 3843 1095 3909 &Psalmis
1103 3844 1251 3924 cantatis,
1258 3843 1525 3922 instituebamus,

63 3934 340 4002 utuihilominuso
374 3931 427 3996 uia
436 3931 586 3996 Precibus
598 3937 672 4016 post
683 3933 849 3998 conciones
858 3931 1375 4017 pronuntiandisproponerentur,
1384 3932 1439 3996 sed
1450 3953 1526 3996 con-

61 4025 202 4103 tractius3
216 4023 300 4108 quin
311 3954 528 4088 &Precatione
537 4042 564 4085 e.
572 4041 621 4106 gr.
638 4020 871 4100 confessionali,
885 4021 925 4085 ab
938 4021 1095 4085 elementa
1104 4021 1365 4105 praedominante
1374 4020 1420 4085 sic
1427 4020 1524 4102 dicta,

19 4149 20 4152 ¹
60 4112 147 4178 dmm
166 4109 398 4188 eucharistiae,
414 4108 659 4193 deprecationes,
676 4109 857 4193 petitiones,
871 4110 1015 4174 'strictim
1031 4109 1276 4194 attingerentur,
1293 4110 1317 4175 b
1337 4110 1405 4175 vice
1421 4113 1523 4174 varst.

60 4199 193 4288 Quisque
210 4199 360 4266 ordinem
375 4201 489 4276 servet,
502 4218 598 4280 quem
609 4199 747 4262 maxime
759 4197 799 4262 ad
814 4198 1065 4262 aedificationem
1081 4219 1212 4262 suorum
1225 4197 1386 4264 facturum
1394 4198 1523 4282 judica-

20 4333 21 4340 κ
59 4291 140 4357 serit.
165 4289 241 4357 Nos
263 4286 331 4352 illic
354 4286 416 4350 loci
431 4287 454 4352 b
470 4286 503 4349 in
519 4285 634 4350 vicinia
646 4287 744 4352 talem
755 4309 818 4350 non
834 4287 902 4352 sine
921 4285 1026 4351 fructu
1042 4289 1204 4352 serratum
1220 4285 1319 4352 fuisse
1332 4287 1455 4370 experti
1469 4309 1524 4351 su·

20 4425 21 4434 ,
58 4399 129 4446 nna.
143 4418 185 4429 -
201 4377 251 4444 ΙΙ.
265 4375 370 4442 Probi.
383 4380 436 4438 An
448 4395 573 4458 semper
584 4375 617 4438 iu
628 4375 787 4455 omnibus,
799 4379 856 4440 aut
869 4375 902 4440 iu
915 4375 1099 4458 particulari
1116 4375 1228 4458 quavis
1244 4375 1386 4442 Ecclesit
1400 4375 1467 4440 sive
1483 4375 1524 4439 ab

1434 4463 1529 4550 [ress
