3712 4850
292 285 354 353 172
654 288 734 356 Pras
758 289 784 355 Ι.
808 289 855 356 Dc
879 291 1013 357 0111010
1036 267 1141 356 Eoum.
1165 285 1257 354 Enoc.
1281 285 1347 353 Lm.
1371 285 1397 354 Ι.

290 474 470 560 praefectis·
482 475 641 560 loquendi,
658 475 824 555 scribendi,
841 475 1071 542 deliberandi&
1085 496 1289 562 quaecunque
1302 473 1500 539 oeconomica
1511 470 1643 556 propria
1656 491 1761 554 nego-

291 563 337 628 tia
349 564 464 649 agendi
478 564 656 630 accurandi
669 564 800 629 familiis
813 565 1055 648 relinqueretur,
1068 565 1162 648 idque
1174 563 1470 648 praetextnpubli'ci
1482 562 1568 637 boni,
1578 562 1763 625 1111010011-

291 655 349 718 dae
366 653 601 737 conjurationis,
616 653 804 736 proditionis
820 655 843 720 tv
859 653 1104 718 machinationis
1117 658 1225 717 contra
1238 649 1498 735 Rempublicam:
1512 649 1568 714 ubi
1580 653 1658 713 tunc
1675 651 1763 712 esset

291 742 470 806 communis
479 741 611 806 libertas
622 764 685 806 non
697 743 765 806 sine
778 743 890 807 sudore
902 743 924 808 81
937 743 1091 827 sanguine
1105 745 1218 824 parta?
1233 740 1430 816 Grotiuslib.
1445 739 1474 803 5.
1489 739 1595 803 annal.
1609 738 1647 802 de
1661 737 1760 802 rebus

293 829 442 915 Belgicis,
455 853 519 896 non
534 831 628 924 lopgb
641 835 711 914 post
723 831 861 908 initium,
875 831 921 894 ait
933 833 1042 915 trepens
1055 829 1248 915 Reipublicae
1260 831 1413 894 1100011011
1429 832 1447 892 a
1458 827 1572 892 comite
1585 825 1762 890 Leicestrio
1804 827 1812 840 '

187 927 191 936 '
292 921 428 984 0110111111
437 921 534 1004 fecisse
546 922 634 1004 (sunt
648 921 745 984 verba
761 919 883 998 indicis)
900 921 984 1005 quoii
990 913 1477 985 ‘temeraturumcircumscriberet.
1486 915 1617 980 Modum
1626 915 1764 980 circum·
1822 909 1828 920 '

293 1007 473 1091 scriptionis
489 1007 522 1071 in
542 1030 579 1072 eo
591 1008 691 1090 ponit,
705 1009 788 1091 quod
801 1005 1012 1093 Reingautius
1029 1009 1158 1092 quidam
1164 1009 1220 1092 jus
1233 1007 1415 1094 10001100όί
1427 1007 1462 1071 in
1475 1005 1596 1071 lebedos
1609 1015 1762 1068 reserente-

294 1118 367 1162 rura
381 1095 412 1162 a
425 1097 528 1161 literas
541 1100 560 1160 a
571 1095 741 1160 Leicestrio
755 1097 940 1180 accepisset;
954 1103 1063 1162 contra
1077 1109 1175 1161 velera
1187 1097 1340 1174 instituta,
1353 1117 1431 1181 qaue
1445 1096 1619 1159 nrarinmm
1633 1105 1762 1176 perlem

293 1185 404 1250 hebeat
429 1185 585 1262 libertatis,
614 1206 754 1249 ernocere
783 1187 963 1269 deujusqae
974 1207 1008 1250 re
1018 1187 1143 1269 01100111
1155 1187 1387 1269 spendetorem.
1400 1182 1462 1248 Sed
1475 1205 1516 1246 an
1528 1181 1764 1246 Consistorium

293 1272 552 1338 Ecclesiasticum
564 1273 734 1358 collegium
746 1274 884 1338 maxime
897 1275 1020 1339 licitum
1032 1277 1054 1339 tv
1067 1274 1205 1338 maximo
1217 1273 1324 1338 favore
1334 1273 1476 1358 dignum,
1487 1271 1601 1335 minori
1610 1269 1766 1333 libertate

293 1361 427 1440 fruetur,
441 1383 537 1446 qnam
550 1361 692 1426 familiae
709 1364 731 1428 11
744 1363 877 1448 collegia
890 1367 1124 1427 mercatorum?
1139 1361 1188 1426 An
1201 1362 1307 1426 minus
1320 1362 1357 1426 de
1367 1359 1595 1426 mercatoribus
1605 1357 1765 1442 suspicari

293 1451 377 1526 licet,
395 1449 522 1534 nequid
536 1455 634 1536 agant
650 1451 683 1514 in
699 1450 843 1515 fraudem
859 1449 1064 1534 Reipubicae,
1082 1453 1105 1517 1
1121 1473 1160 1515 ne
1173 1451 1343 1528 extraneis,
1356 1450 1434 1534 quin
1447 1449 1470 1514 11
1482 1447 1595 1532 juratis
1610 1445 1764 1530 Reipubl.

293 1539 451 1618 hostibus,
473 1539 571 1603 solius
584 1539 664 1603 lucri
676 1561 771 1603 causa
787 1539 850 1624 (uti
866 1539 966 1604 bonus
983 1540 1059 1604 odor
1071 1540 1151 1604 lucri
1168 1544 1216 1604 est
1229 1561 1267 1604 ex
1279 1561 1312 1602 re
1326 1537 1482 1622 qualibet)
1494 1536 1603 1620 aliqui
1615 1536 1647 1599 in
1661 1557 1697 1599 re
1711 1557 1767 1598 ve-

294 1628 469 1698 lificantnr:
494 1649 590 1710 quam
616 1628 653 1691 de
677 1627 860 1692 orthodoxis
884 1630 907 1694 1
930 1629 992 1710 piis
1009 1627 1097 1691 verbi
1111 1627 1277 1692 Ministris.
1291 1625 1430 1692 Hoccine
1443 1631 1492 1690 est
1504 1626 1576 1690 illos
1592 1625 1626 1688 in
1642 1623 1768 1688 honore

294 1717 413 1781 habere
439 1716 455 1778 l
492 1717 627 1781 Thessal.
641 1715 689 1780 5.?
702 1715 831 1780 hoccine
844 1721 892 1780 est
907 1717 971 1780 illis
990 1719 1143 1800 tanquam
1155 1717 1345 1800 praepositis
1358 1715 1423 1780 suis
1436 1713 1563 1779 obedire
1576 1713 1669 1790 Hebr.
1686 1713 1740 1776 13.
1752 1717 1768 1774 t>

294 1803 381 1870 Deus
394 1805 536 1870 cordium
547 1807 704 1868 scurtator
717 1808 850 1889 exurget
862 1804 1031 1890 aliquando
1044 1805 1067 1870 81
1082 1805 1165 1869 hanc
1181 1827 1310 1869 causam
1318 1803 1485 1890 judicabit.
1503 1804 1592 1886 llesp.
1610 1803 1641 1865 2.
1657 1800 1767 1864 Velini

294 1895 345 1958 vel
370 1909 473 1958 unum
496 1897 620 1956 textum
640 1891 833 1976 Scripturas,
847 1895 870 1959 1
885 1915 982 1957 unam
998 1894 1103 1979 legem
1116 1893 1290 1976 incorpore
1306 1891 1327 1956 J
1328 1893 1404 1970 uris,
1419 1896 1475 1956 aut
1487 1891 1521 1956 in
1533 1889 1671 1955 Stalutis
1682 1889 1768 1953 Pro·

296 1982 471 2046 vinciarum
488 1983 510 2047 11
523 1980 697 2045 Civitatum
709 1981 800 2045 nobis
817 1982 1074 2046 commonstrari:
1089 1982 1254 2065 quodcum
1269 1981 1423 2045 hactenus
1435 2003 1528 2045 nemo
1540 1979 1653 2044 lecerit
1666 1978 1769 2042 immo

296 2093 335 2134 ne
359 2070 486 2153 quidem
499 2073 630 2134 conatus
643 2070 685 2134 sit
698 2070 868 2155 (imprimis
880 2093 938 2134 nec
950 2070 1012 2154 ipsi
1024 2069 1150 2135 Politici
1163 2069 1320 2154 Theologi
1334 2068 1474 2147 Grotius
1487 2057 1769 2151 thenbogardus

297 2161 346 2224 bc.
361 2158 415 2241 qui
431 2159 510 2222 alias
523 2156 719 2222 Potestatem
735 2157 992 2223 Ecclesiasticam
1008 2156 1218 2244 Magistratus
1230 2158 1325 2222 nimis
1338 2156 1580 2237 ebuccinarunt)
1596 2156 1672 2219 hinc
1684 2155 1731 2238 pii
1745 2158 1770 2220 81

297 2246 469 2330 prudentes
489 2240 640 2329 judicent,
667 2251 730 2330 qut
749 2247 830 2329 juris
855 2247 953 2310 divini
981 2247 1176 2331 humanique
1190 2245 1563 2314 scientibbconscientia
1576 2245 1655 2308 haec
1670 2265 1772 2307 causa

277 2327 424 2420 ‘agatur
453 2336 541 2418 llesp
568 2335 597 2398 3.
611 2333 774 2418 Siquidem
792 2336 858 2419 ipso
870 2337 1162 2420 tetranepos-uua
1174 2333 1279 2400 Sessio
1291 2335 1340 2398 illi
1357 2337 1532 2418 competat3
1545 2354 1622 2418 crgo
1639 2333 1663 2396 tr
1678 2331 1771 2396 omni

298 2424 396 2488 etiam
408 2421 543 2497 Infideli,
557 2421 734 2500 Socinian0,
748 2421 908 2506 Papistae,
920 2423 1184 2488 Mahumedistico
1197 2425 1247 2489 810.
1261 2426 1464 2506 competeret.
1479 2421 1580 2506 Atqui
1592 2421 1770 2486 absurdum

207 2559 218 2578 .
297 2517 355 2587 est,
370 2513 393 2576 1
406 2534 477 2575 cnm
496 2511 688 2576 Consistorio
700 2511 794 2595 plane
807 2511 986 2584 ἀσύστατον,
1002 2517 1039 2576 ut
1050 2513 1098 2576 illi
1110 2512 1259 2576 intersint
1271 2512 1555 2576 deliberationibus
1571 2511 1609 2575 de
1625 2510 1772 2575 censuris

296 2601 329 2663 in
342 2597 507 2664 Ministros
520 2603 576 2663 aut
587 2600 731 2664 membra
743 2599 904 2664 Ecclesiae
918 2603 1056 2680 nostrae,
1067 2601 1145 2664 item
1158 2602 1195 2664 de
1209 2600 1409 2664 sollicitando
1425 2600 1486 2664 hoc
1502 2604 1559 2663 aut
1574 2599 1630 2662 illo
1644 2598 1771 2662 infideli

297 2690 320 2752 a
333 2688 524 2752 heterodoxo
537 2688 576 2751 ad
588 2688 682 2751 fidem
693 2691 845 2765 nostram,
860 2689 896 2752 de
910 2689 1088 2753 avertendis
1105 2693 1161 2752 aut
1172 2689 1412 2773 praeveniendis
1428 2688 1552 2752 insidiis
1565 2689 1587 2753 lc
1600 2687 1772 2751 conatibus

297 2777 550 2842 adversariorum
577 2778 626 2841 bc.
650 2774 796 2859 Denique
819 2777 968 2840 intersint
992 2777 1260 2841 clandestinorum
1272 2781 1475 2860 peccatorum
1492 2774 1644 2839 delationi
1658 2775 1773 2858 (juxta

297 2866 425 2932 rllettbei
438 2864 491 2930 l8.
506 2864 571 2946 15.)
585 2865 624 2927 ad
636 2865 834 2948 Synedrium,
848 2887 1019 2952 eorumque
1031 2865 1221 2930 confessioni
1233 2867 1284 2930 10.
1298 2864 1390 2929 Certe
1404 2865 1430 2928 si
1443 2864 1503 2928 hoc
1512 2865 1565 2947 jus
1579 2863 1671 2949 [pag.
1685 2863 1773 2944 205]

299 2977 391 3017 snum
404 2951 614 3038 Magistratus
629 2955 691 3037 (ex.
708 2974 757 3036 gr.
773 2951 842 3016 Rex
856 2953 989 3030 Galliae,
1003 2958 1059 3018 aut
1071 2955 1134 3018 dux
1147 2951 1335 3029 Sabaudiae,
1351 2957 1407 3016 aut
1419 2952 1592 3016 hodiernus
1604 2950 1667 3014 dux
1679 2949 1774 3015 Neo-

298 3042 451 3126 burgicus
478 3041 510 3104 in
538 3041 716 3104 Ducatibus
729 3039 888 3104 Montensi
905 3041 1127 3122 todilliacensi)
1144 3041 1183 3104 ab
1196 3041 1340 3106 Ecclesia
1353 3041 1476 3106 alienus
1490 3045 1644 3125 urgerent
1657 3038 1773 3123 ntique

298 3128 475 3195 necessario
499 3128 693 3208 Consistoria
717 3129 934 3212 abrumpenda
958 3135 1071 3206 essent,
1098 3132 1120 3194 a
1139 3130 1354 3194 clandestinae
1367 3129 1530 3194 Ecclesiae
1542 3129 1774 3204 instituendae,

299 3222 356 3282 aut
367 3218 440 3281 inde
457 3217 669 3300 migrandum.
684 3217 774 3301 Hesp.
791 3217 821 3280 4.
835 3215 1027 3300 Sequeretur
1039 3218 1099 3282 hoc
1111 3218 1294 3296 absurdum,
1306 3221 1376 3282 tum
1389 3218 1515 3281 nullum
1528 3217 1685 3282 hactenus
1698 3215 1774 3281 Ma-

300 3306 471 3390 gistratum
484 3305 550 3369 sive
562 3304 663 3368 filium
676 3303 837 3369 Ecclesiae
850 3305 915 3369 sive
928 3309 1113 3370 extraneum
1123 3311 1176 3388 jus
1190 3329 1282 3370 snum
1295 3307 1499 3391 cognovisse:
1514 3306 1568 3370 sed
1579 3327 1689 3369 omnes
1703 3310 1776 3368 tan·

300 3416 397 3477 quam
410 3394 538 3457 umbras
550 3393 710 3457 volitasse.
726 3395 814 3476 Resp.
827 3393 857 3456 5.
870 3391 930 3456 Jus
943 3394 1085 3458 divinum
1100 3395 1337 3479 (permissivum
1350 3394 1429 3470 scil,
1443 3394 1569 3480 nullum
1583 3393 1670 3458 enim
1682 3394 1775 3458 alind

300 3481 353 3545 hic
376 3481 515 3565 intelligi
543 3481 660 3564 potest)
688 3481 843 3564 siquidem
871 3482 1004 3559 adesset,
1024 3505 1087 3546 non
1101 3483 1220 3551 valeret
1234 3483 1272 3546 ad
1286 3483 1559 3566 tranquillandam
1572 3503 1683 3546 eorum
1696 3505 1776 3546 con-

301 3570 484 3634 scientiam:
514 3569 682 3632 viden'dum
707 3569 801 3648 enim,
826 3569 901 3650 quid
928 3570 1109 3648 necessitas,
1123 3571 1199 3654 quid
1212 3571 1335 3636 utilitas
1352 3572 1507 3654 requirat,
1521 3571 1598 3654 quid
1610 3571 1776 3651 decorum,

302 3657 378 3742 quid
401 3656 599 3732 conveniens,
620 3656 697 3739 quid
710 3661 911 3740 oportunum,
924 3657 1000 3740 quid
1013 3659 1243 3735 scandalosum,
1257 3659 1333 3742 quid
1350 3660 1473 3724 occasio
1487 3665 1543 3723 aut
1559 3659 1637 3742 quid
1649 3660 1776 3742 species

302 3745 389 3822 mali,
413 3745 488 3828 quid
501 3745 633 3808 suadeat
644 3745 813 3828 prudentia
826 3747 848 3809 81
861 3745 975 3809 caritas
993 3747 1189 3811 Christiana:
1204 3752 1240 3812 ut
1256 3771 1353 3831 supra
1366 3749 1574 3812 ostendimus
1589 3787 1629 3796 —
1644 3746 1687 3812 Il.
1704 3749 1778 3832 obj.

302 3831 1632 3922 SaltemMagistratuiChristianocompetit,tanquamcrestodinlriusquclubre-loe—
1643 3839 1725 3920 Hesp
1768 3887 1776 3901 .

302 3919 384 3993 Quid
412 3919 619 4003 Magistratui
636 3923 733 4002 &qua
745 3919 936 3994 Christiano,
950 3925 972 3987 11
990 3926 1053 4005 quic
1069 3922 1276 4006 Magistratni
1288 3925 1495 3990 tribuendum
1512 3926 1564 3998 sit,
1578 3927 1600 3990 1
1615 3947 1722 4010 quom«
1766 3949 1777 3990 1

303 4029 366 4070 uns
375 4008 546 4092 eademque
560 4007 704 4071 Potestas
717 4008 846 4091 politica
859 4009 941 4072 circa
954 4009 1176 4074 Ecclesiastico
1189 4012 1309 4076 infideli
1326 4035 1427 4097 aeque
1440 4036 1477 4077 ac
1491 4013 1577 4077 fideli
1593 4017 1722 4096 compet
1769 4039 1776 4084 ;

304 4115 400 4178 snpra
424 4095 502 4159 satis
523 4117 680 4180 superque
706 4097 878 4160 docuimus.
903 4094 1064 4180 Siquidem
1082 4098 1462 4183 hancbpeesstvsibijure
1475 4101 1619 4166 divino&
1632 4101 1734 4166 huma
1766 4127 1779 4166 1

303 4203 360 4264 pro
373 4183 515 4246 custodia
527 4183 633 4246 deberi
646 4189 769 4266 putent,
783 4184 893 4268 utique
909 4185 1061 4249 beneficia
1074 4209 1130 4250 sua
1147 4188 1377 4252 translormant
1389 4190 1422 4252 in
1439 4212 1536 4254 onera
1549 4193 1572 4255 11
1585 4191 1734 4255 servitus
1770 4216 1777 4267 ;

304 4269 326 4333 1
351 4270 442 4334 fieret
456 4291 683 4356 nonnunquam
703 4273 882 4336 arneca’ludo
903 4274 1051 4337 Ecclesiae
1070 4277 1119 4359 (ut
1132 4275 1206 4338 olim
1221 4275 1284 4340 alio
1297 4277 1328 4339 in
1342 4301 1417 4340 casn
1430 4281 1623 4363 conquestus
1637 4282 1687 4342 est
1700 4281 1745 4344 Be
1766 4315 1778 4329 ·

303 4357 420 4422 nardus
433 4380 526 4422 serm.
536 4360 591 4422 33.-
601 4359 633 4422 in
646 4359 781 4442 Sentio.)
795 4361 828 4423 in
843 4381 915 4442 perce
929 4361 1027 4444 ipsi-us
1036 4365 1291 4428 0010100010-
1304 4367 1395 4448 Hesp.
1407 4369 1436 4431 2.
1447 4365 1654 4450 Sequeretur,
1664 4369 1742 4433 code
1766 4393 1778 4433 1

1705 4456 1746 4540 jn*
1766 4483 1778 4522 e
