3752 4858
293 285 379 356 278.
675 287 836 354 Pomrvmn
862 285 1112 354 Eccuususmcm
1134 285 1217 352 Pras
1239 285 1265 353 1.
1289 285 1355 353 Ine.
1379 286 1421 353 Π.

337 471 488 553 Accedat,
513 473 597 557 quod
620 473 728 558 praxis
751 472 842 538 nulla
865 473 950 557 apud
972 472 1172 540 Lutheranos
1194 475 1289 540 hodic
1313 495 1478 559 superesse
1489 474 1650 540 videatur:
1679 474 1762 559 quia

293 561 476 630 aethereos
487 561 523 626 ia
534 563 693 628 Fascicuto
705 581 772 647 cap.
786 561 839 626 27.
852 563 1043 630 Himmetios
1054 565 1089 630 in
1101 564 1232 650 Collepto
1244 564 1363 630 Ircnico
1374 563 1456 651 disp.
1469 565 1499 629 8.
1509 563 1627 650 aliique
1635 563 1762 630 Recen-

292 651 390 716 tiores
410 651 549 735 ejusdem
568 673 631 716 non
651 651 884 727 meminerunt;
897 651 954 718 ubi
966 675 1005 718 ex
1017 652 1159 737 professo
1171 653 1210 718 de
1222 652 1405 739 adiaphoris
1420 651 1487 718 illic
1502 653 1606 720 adhue
1618 654 1763 732 usitatis,

293 740 463 806 disserunt.
486 737 629 805 Bucerus
641 739 676 803 in
688 739 929 806 Retractatioue
945 741 983 806 de
996 741 1102 806 Coena
1113 741 1289 825 praemisse
1301 742 1514 808 Commentar.
1538 740 1642 828 Ipsius
1653 743 1686 808 in
1699 741 1724 808 J
1725 765 1763 808 o·

292 829 431 895 hannem
448 849 530 894 anno
545 828 642 895 1536.
655 829 748 894 editis
761 831 784 897 a
796 833 907 914 postea
918 827 1053 915 Scriptis
1065 829 1254 916 Auglicanis
1266 853 1350 896 anno
1363 829 1459 897 1577.
1471 830 1591 897 inserte
1597 852 1672 918 pag.
1680 831 1764 898 658.

338 916 421 996 ,Die
445 917 638 983 ascensionis
659 922 734 1002 post
755 922 917 1003 peractam
937 917 1114 1005 liturgiam,
1132 941 1205 985 cum
1217 917 1257 984 D.
1273 918 1448 986 Pomerano
1460 921 1596 1006 egimus,
1608 920 1764 1006 quidsibi

299 1007 445 1087 ,vellent
457 1006 626 1092 imagines,
638 1029 808 1092 pomposas
820 1006 1024 1092 Papistarum
1035 1011 1141 1074 vestes
1152 1007 1187 1072 in
1198 1008 1411 1075 celebratione
1422 1011 1538 1076 missae
1550 1009 1695 1075 adhiberi
1706 1033 1764 1076 so-

298 1096 408 1175 ,litas3
429 1094 575 1162 candelas
594 1095 683 1176 item,
704 1095 925 1177 elevationem,
946 1096 1074 1181 &panis
1088 1097 1325 1164 venerationem
1339 1098 1515 1179 retinendo,
1531 1099 1648 1183 quibus
1659 1099 1765 1165 nostri

299 1184 405 1264 ,haud
428 1184 523 1251 dubie
547 1185 790 1250 offenderentur.
816 1183 940 1251 Harum
964 1186 1051 1251 enim
1065 1208 1173 1252 rerum
1191 1187 1367 1252 maximum
1386 1187 1766 1267 fuisseabusum,tme-

298 1272 470 1354 ,tuendum
486 1295 554 1339 esse
569 1295 609 1339 ne
621 1295 659 1339 ea
674 1275 797 1340 ratione
813 1275 900 1359 apud
910 1295 984 1340 suos
996 1275 1260 1360 superstitionum
1272 1276 1395 1342 semina
1406 1275 1561 1354 foverent,
1578 1274 1767 1362 &Papistas

300 1363 351 1442 ,in
363 1361 523 1428 erroribus
534 1361 601 1428 suis
613 1363 849 1429 confirmarent.
865 1361 916 1429 Ad
928 1386 1010 1448 quae
1021 1362 1063 1430 D.
1073 1362 1271 1432 Pomaranus
1282 1365 1510 1451 respondebat:
1522 1363 1670 1432 Abusum
1682 1365 1767 1431 ista-

299 1474 389 1531 ,rum
410 1473 517 1516 rerum
539 1451 588 1516 ita
610 1453 629 1516 a
649 1453 877 1518 seiromnibus
894 1457 1125 1539 oppugnatum,
1137 1455 1162 1521 b
1176 1453 1281 1520 adhuc
1292 1453 1435 1539 quotidie
1451 1455 1641 1542 oppugnari,
1653 1458 1692 1519 ut
1702 1475 1768 1520 uec

299 1539 468 1626 ,Papistae
490 1539 564 1604 inde
586 1539 708 1624 aliquid
730 1541 881 1626 praesidii
903 1545 1013 1627 petere
1035 1542 1176 1627 possint:
1191 1565 1252 1609 nec
1263 1541 1297 1608 in
1311 1543 1378 1609 suis
1390 1543 1671 1628 superstitionibus
1685 1565 1769 1609 con·

300 1629 448 1708 ,firmari
1680 1643 1683 1648 “

340 1721 379 1785 Et
396 1719 493 1803 pacto
509 1728 597 1804 poet:
616 1715 681 1798 ,Ut
704 1722 812 1784 autern
831 1721 874 1786 sit
889 1719 1104 1805 conspicuum,
1116 1742 1161 1802 se,
1174 1720 1259 1808 qnod
1270 1721 1396 1789 aduras
1408 1743 1560 1808 personas
1572 1719 1771 1788 attinetista

300 1829 381 1888 ,non
393 1807 531 1873 multum
543 1807 678 1872 morari:
691 1807 762 1873 ideo
773 1807 876 1875 solere
889 1831 922 1874 se
935 1807 969 1874 S.
982 1808 1120 1874 Coenam
1132 1809 1491 1896 saepiussineoandelis,
1500 1811 1772 1878 vestimentorum

302 1894 454 1982 ,pompis
479 1897 503 1962 dr
525 1894 711 1972 elevationis
733 1895 809 1977 ritu,
832 1897 978 1964 fortassis
1003 1897 1168 1984 aliquanto
1191 1898 1288 1965 etiam
1308 1898 1485 1986 simplicius
1496 1902 1593 1986 quiam
1604 1899 1691 1985 apud
1707 1921 1773 1964 nos

301 1986 386 2064 ,fiat
398 1984 432 2048 in
448 1983 514 2050 suis
530 1983 682 2050 Ecclesiis
695 1985 864 2052 celebrare.
1763 1997 1768 2006 ’

348 2073 528 2152 ,Quantum
550 2094 626 2138 vero
650 2074 690 2139 ad
702 2072 912 2142 elevationem
923 2077 1125 2157 sacramenti,
1137 2099 1203 2142 non
1215 2099 1248 2142 se
1263 2075 1334 2142 ideo
1345 2077 1379 2144 id
1390 2077 1505 2159 facere,
1521 2082 1559 2144 ut
1570 2077 1603 2145 id
1614 2078 1775 2144 adoretur

306 2161 485 2249 ,(quamvis
500 2162 619 2245 ubique
636 2163 814 2228 adorandus
833 2165 876 2230 sit
887 2164 1097 2242 (ismarus,
1110 2165 1143 2230 id
1154 2165 1239 2250 quod
1249 2169 1382 2232 externa
1393 2189 1519 2252 quoque
1531 2167 1775 2254 significatione

298 2251 455 2336 praestari
474 2249 585 2335 possit,
606 2251 787 2336 ubicunque
802 2253 950 2318 videlieet
967 2253 1036 2338 ejus
1047 2253 1288 2338 admoneamur)
1300 2255 1355 2320 sed
1366 2257 1545 2341 relinquere
1557 2278 1591 2322 se
1605 2256 1677 2335 ista,
1690 2277 1774 2323 cum

303 2361 361 2418 ,ex
383 2338 474 2424 lenm
492 2339 649 2424 temporis
673 2341 899 2407 consuetudine
922 2341 1066 2427 profecta
1084 2343 1163 2408 sint:
1185 2343 1294 2408 decere
1317 2348 1482 2429 praeterea
1501 2349 1538 2410 ut
1552 2343 1687 2410 Domino
1706 2346 1776 2413 hoc

303 2427 414 2508 ,modo
438 2427 562 2513 gratiae
586 2433 726 2514 agantur
747 2451 805 2515 pro
828 2430 923 2514 hujus
939 2431 1141 2512 sacramenti,
1154 2433 1177 2500 b
1190 2432 1377 2498 eximiarum
1387 2433 1633 2519 promissionum
1644 2433 1696 2498 illi
1710 2437 1776 2502 ad·

302 2518 500 2602 ,junctarum
522 2515 724 2584 institutione
747 2518 771 2582 iv
793 2518 999 2585 exhibitione.
1025 2519 1106 2585 (lum
1122 2542 1196 2586 vero
1212 2521 1353 2605 pericula
1368 2523 1595 2608 multiplicium
1605 2522 1777 2591 abusunm

303 2605 406 2690 ,apud
422 2603 556 2670 Veteres
575 2606 599 2671 b
614 2610 738 2672 nostros
750 2607 952 2688 usitatorum,
965 2607 988 2673 b
1000 2615 1122 2692 quanta
1133 2609 1367 2694 pontificiorum
1380 2633 1437 2696 per
1447 2612 1528 2678 haec
1543 2611 1578 2676 iu
1590 2633 1696 2677 errore
1710 2635 1777 2680 suo

302 2695 378 2774 ,fiat
389 2693 598 2774 confirmatio,
610 2693 675 2779 ipsi
685 2695 905 2780 objiceremus,
920 2718 1022 2782 eaque
1034 2719 1231 2784 urgeremus,
1244 2697 1407 2764 fatebatur
1418 2701 1443 2766 b
1454 2701 1522 2785 ipse
1535 2701 1558 2766 t
1570 2699 1635 2778 aiii,
1648 2723 1778 2786 cupere

302 2805 354 2861 ,se
366 2781 495 2866 quidem
507 2781 717 2849 elevationem
730 2785 895 2850 commoda
906 2787 1016 2871 aliqua
1028 2786 1151 2852 ratione
1163 2786 1323 2852 sublatam
1335 2809 1415 2869 esse,
1427 2811 1500 2854 cum
1507 2790 1576 2875 ejus
1584 2789 1630 2854 rei
1637 2789 1779 2858 nullum

304 2893 505 2955 ,expression
527 2872 712 2938 mandatum
735 2877 832 2940 extet.
855 2872 953 2959 Spem
976 2875 1441 2962 qnoquealiquamfaciebant,
1457 2901 1601 2944 successu
1612 2881 1779 2963 temporis

303 2959 400 3038 ¹,haec
422 2960 583 3025 emendari
605 2982 708 3048 posse,
732 2983 804 3028 cum
820 2961 853 3027 in
869 2963 979 3029 multis
999 2963 1152 3030 Ecclesiis
1165 2965 1304 3049 amplius
1315 2966 1435 3032 usitata
1449 2989 1511 3032 nou
1523 2967 1576 3032 sit.
1599 2965 1684 3043 Quin
1696 2969 1727 3034 dr
1741 2971 1779 3036 in

227 3077 230 3084 ·
303 3047 440 3128 ,Hassis
461 3051 531 3114 tum
554 3048 658 3134 ipsam
681 3050 901 3132 elevationem,
924 3056 994 3118 tum
1018 3054 1156 3119 vestium
1172 3057 1320 3119 ornatum
1331 3076 1458 3122 omnem
1470 3060 1628 3122 remotum
1641 3078 1728 3138 esse,
1742 3059 1779 3124 in

305 3135 484 3221 ,aliquibus
497 3138 611 3202 saltem
625 3138 702 3204 loeis
714 3139 805 3205 festis
818 3140 930 3206 diebus
942 3141 1071 3208 illorum
1083 3165 1176 3208 usum
1188 3163 1326 3209 manere.

346 3225 527 3293 Mammam
545 3227 581 3292 ia
596 3229 734 3294 consitiis
749 3241 833 3313 port.
845 3230 876 3296 2.
886 3251 961 3316 pag.
976 3232 1050 3296 147.
1068 3229 1126 3310 ,ad
1136 3232 1205 3297 Iob.
1218 3231 1423 3300 Muteeam:
1435 3232 1500 3300 scio
1512 3255 1581 3299 esse
1591 3255 1737 3320 magnas
1754 3240 1779 3304 ir

244 3365 247 3372 .
308 3313 517 3398 ¹‚justissimas
536 3337 647 3381 causas
664 3316 866 3402 abrogandae
878 3318 1074 3386 elevationis.
1098 3318 1229 3406 Etpag.
1245 3321 1588 3408 mecumtecum.
1603 3324 1780 3391 Pastorem

306 3403 473 3483 ,Eoeleaioe
494 3404 635 3470 Coeomie
660 3427 688 3472 a.
716 3406 813 3472 1550.
835 3407 881 3472 Et
902 3408 930 3472 si
942 3408 1045 3474 multa
1056 3408 1220 3493 disputata
1230 3408 1296 3473 sint
1311 3411 1454 3476 amultis
1469 3411 1508 3478 de
1520 3411 1698 3476 elevatione
1712 3435 1778 3479 aa·

306 3491 489 3573 ,oramenti,
501 3496 611 3557 tamen
622 3493 656 3558 in
668 3492 818 3561 Ecclesiis
831 3497 948 3562 nostris
958 3497 1081 3583 placuit
1092 3519 1165 3563 cum
1178 3519 1298 3563 morem
1310 3501 1447 3580 mutare,¹
1458 3499 1542 3584 quod
1554 3500 1696 3585 allegata
1709 3500 1779 3570 luia
1830 3505 1836 3512 '

306 3579 511 3661 ,elevatione
527 3581 583 3646 alii
596 3583 828 3649 confirmabant
838 3607 960 3651 morem
972 3585 1215 3652 circumferendi
1226 3586 1250 3652 b
1262 3587 1415 3653 adorandi
1425 3589 1528 3672 panis.
1545 3588 1636 3675 [pag.
1649 3588 1741 3677 831]

345 3669 385 3736 Et
404 3689 479 3756 paq.
504 3670 613 3738 eadem
637 3672 660 3738 b
685 3672 757 3738 149.
781 3673 881 3739 refert
892 3673 1069 3741 liutherum
1081 3697 1165 3740 anno
1178 3675 1274 3742 1542.
1291 3698 1349 3741 suo
1360 3676 1479 3761 jndicio
1491 3699 1554 3743 non
1565 3678 1667 3742 relata
1678 3700 1720 3744 re
1733 3681 1780 3746 ad

302 3759 437 3824 aliorum
449 3758 721 3840 deliberationem,
730 3761 863 3846 jussisse
875 3764 982 3828 omitti
990 3764 1089 3829 ritum
1098 3787 1153 3830 seu
1162 3765 1314 3831 offerendi
1322 3787 1378 3831 seu
1387 3765 1513 3831 levandi
1520 3769 1780 3850 sacramentum,

302 3851 326 3915 b
348 3846 593 3928 sciscitantibus,
618 3853 683 3914 tres
706 3850 863 3936 allegasse
884 3853 1042 3930 rationes3
1067 3875 1203 3938 quarum
1220 3855 1329 3940 primo
1340 3854 1424 3939 quod
1435 3853 1516 3920 ritus
1528 3855 1584 3919 ille
1595 3877 1717 3921 nervus
1731 3858 1781 3924 sit

301 3935 389 4002 illius
400 3935 519 4021 impiae
530 3938 744 4022 persuasionis
756 3939 906 4026 fingentis
915 3942 1107 4008 sacrificulos
1120 3941 1234 4008 offerre
1246 3941 1410 4008 Christum
1421 3966 1480 4028 pro
1491 3944 1572 4010 vivit
1584 3942 1607 4009 lt
1618 3947 1779 4026 mortuis,

302 4027 327 4091 b
340 4023 401 4089 heic
423 4024 584 4090 oblatione
597 4048 650 4092 eos
665 4029 780 4092 mereri
792 4029 1010 4095 remissionem
1025 4035 1237 4116 peccatorum.
1253 4031 1406 4113 Secunda
1418 4033 1503 4116 quod
1515 4055 1552 4098 ao
1564 4031 1782 4101 confirmetur

303 4111 559 4198 circumgestatio
582 4117 782 4198 sacramenti,
807 4119 1010 4203 ejusdemque
1033 4120 1115 4186 ratio
1139 4123 1229 4185 extra
1247 4143 1339 4186 usum
1355 4121 1551 4186 institutum.
1569 4121 1671 4186 Tertio
1681 4126 1782 4206 quod

303 4201 440 4284 populus
463 4201 612 4287 opinetur
622 4204 741 4271 bonum
753 4228 834 4292 opus
845 4229 914 4273 esse
928 4207 1035 4274 vidme
1047 4208 1141 4275 illum
1154 4209 1254 4274 ritum
1267 4210 1421 4291 elevandi,
1437 4211 1461 4278 b
1477 4232 1513 4275 eo
1525 4209 1592 4276 viso
1606 4210 1782 4296 concipiat

222 4337 225 4342 .
304 4288 420 4356 falsam
443 4289 783 4380 fiduciamtnegligi
797 4296 1026 4381 poenitentiam
1038 4299 1061 4364 b
1072 4319 1178 4364 veram
1192 4297 1478 4364 manducationem.
1502 4297 1607 4383 Aqua
1617 4299 1780 4382 opinione

305 4376 487 4445 liberandus
511 4383 568 4448 est.
591 4382 831 4467 ,Haereticam
847 4383 1232 4470 aitMelanthonmrultos
1244 4387 1783 4469 Emlesioemooeruat,nttutheri

1571 4478 1779 4566 ,coemptum
