3732 4840
284 307 462 380 Turen'll.
488 307 537 380 Du
559 311 697 394 Porsen,
722 313 796 381 Pon.
821 337 855 378 sc
880 310 993 380 Canon.
1018 314 1148 384 Euoras,
1172 315 1243 381 Cir.
1267 311 1326 380 ΙΙΙ.
1475 318 1538 384 143

87 500 230 586 glieanus.
252 497 298 564 Ut
319 501 415 566 finem
438 500 564 576 faciam,
588 501 750 568 decretum
770 502 868 566 totius
880 501 956 566 cleri
969 503 1131 566 convocati
1143 501 1322 568 Londinnm
1340 523 1424 568 anuo
1439 503 1536 570 1562.

88 589 134 676 (ad
154 589 236 674 qnod
259 588 421 654 Ussherus
444 588 520 654 ibid.
537 613 569 673 p.
583 590 613 654 8.
631 591 804 675 provocat),
818 591 958 654 declarat
970 605 1170 675 uepreiaalus
1183 613 1239 657 seu
1251 613 1416 676 supremae
1426 593 1538 677 putei·-

87 680 212 745 aatioais
240 680 327 744 titulo
351 679 494 744 aereruss.
520 680 653 763 liepiuae
676 681 799 756 tritam,
818 680 1538 766 611ιὶ1611611161666166,666616666696116616

87 769 117 830 ia
136 769 230 832 meris
253 769 349 834 literis
368 768 406 832 at
422 768 489 850 ipso
505 768 569 833 Deo
581 769 776 852 principibus
790 769 948 842 tribulana,
963 769 1019 833 boc
1029 782 1082 846 esl,
1102 783 1133 834 iil
1145 791 1253 837 orarias
1265 782 1364 835 status
1376 769 1407 834 a
1417 773 1537 854 procliis

85 856 239 921 tauiauur-
261 859 282 922 6
304 857 370 922 1166
397 857 458 920 sibi
478 858 748 922 cawauaissossive
774 859 957 942 temporales
980 859 1042 922 sice
1065 859 1289 924 Ecclesiasticus
1303 859 1491 944 presterueul:
1507 859 1538 924 a·

87 946 272 1030 refractarios
288 935 547 1029 cremolcloclores
555 947 929 1032 cicitiptaatiocodr·ccaau.
965 1005 967 1012 c

123 1036 153 1099 6.
175 1035 225 1098 Aa
238 1035 429 1100 autoritates
442 1037 465 1100 tu
477 1036 632 1118 exempla,
645 1057 727 1119 quae
740 1036 835 1119 objici
847 1036 950 1100 solent
965 1035 1044 1102 istos
1058 1037 1232 1102 indicamus
1252 1037 1367 1102 fontes.
1385 1037 1410 1104 Ι.
1423 1036 1538 1102 Omnia

86 1145 145 1190 esse
162 1123 321 1188 humanae
341 1122 534 1202 autoritatis,
556 1126 579 1190 u
598 1123 642 1189 sic
658 1125 780 1190 nullam
792 1124 897 1190 facere
909 1124 1209 1190 demonstrationem
1222 1127 1255 1190 in
1280 1124 1469 1211 Theologia.
1494 1127 1539 1190 Et

85 1216 160 1276 certe
174 1212 278 1278 bonae
295 1234 409 1278 causae
424 1212 554 1297 signum
573 1233 634 1277 nou
649 1218 707 1292 est,
721 1213 748 1280 si
769 1213 840 1297 quia
860 1212 954 1293 factis
966 1215 989 1280 lv
1002 1215 1155 1298 exemplis
1167 1213 1327 1295 humanis,
1343 1219 1470 1280 tanturn
1483 1221 1538 1280 aut

88 1301 253 1386 praecipue,
275 1323 339 1366 non
360 1300 432 1385 lege
451 1305 506 1366 aut
524 1303 595 1384 jure
609 1301 716 1368 (116166
728 1306 860 1388 pugnet.
885 1300 926 1366 ΙΙ.
952 1300 1121 1368 Praeterea
1133 1308 1189 1367 ant
1201 1326 1269 1368 esse
1281 1325 1385 1368 meras
1399 1326 1535 1387 usurpa-

84 1391 177 1456 tiones
197 1391 219 1456 t
238 1389 375 1467 ἀταξίας,
397 1389 563 1454 hominum
581 1390 759 1471 ambitioni,
775 1391 943 1456 mundanis
955 1391 1161 1475 respectibus,
1174 1395 1197 1458 tv
1210 1393 1344 1476 injurias
1356 1397 1537 1476 temporum

85 1479 288 1562 imputandas,
311 1476 371 1544 Ill.
394 1476 463 1542 Aut
484 1501 551 1544 esse
568 1502 673 1544 meras
694 1480 909 1546 concessiones
926 1503 965 1544 ex
978 1481 1111 1544 caritate
1127 1481 1349 1560 irreverentia,
1362 1482 1389 1546 si
1406 1505 1469 1547 uon
1484 1504 1536 1546 vo·

86 1567 229 1633 lauterius
248 1567 478 1632 transactiones
494 1569 534 1632 ad
549 1568 652 1652 majus
665 1569 786 1633 malum
803 1569 1003 1646 evitandum3
1018 1570 1176 1652 quemodo
1191 1570 1263 1653 quis
1277 1571 1384 1635 volens
1397 1573 1421 1636 lv
1436 1570 1537 1634 sciens

85 1679 193 1722 merces
214 1657 246 1721 in
267 1658 356 1720 mar'e
381 1656 516 1739 projicit,
528 1660 565 1721 ut
576 1657 660 1722 vitae
673 1680 749 1722 suae
762 1658 917 1722 consulat.
941 1656 998 1721 IV.
1024 1658 1091 1722 Aut
1103 1681 1171 1724 esse
1185 1659 1382 1742 corruptelas
1396 1657 1536 1742 Papisti·

85 1767 139 1822 cae,
157 1749 176 1812 a
195 1745 334 1812 factione
354 1738 607 1812 Antichristiani
627 1745 796 1830 proiectas.
822 1745 902 1812 Cum
926 1746 1010 1811 enim
1026 1745 1134 1831 Papae
1146 1747 1333 1812 invaderent
1342 1748 1415 1831 jura
1428 1747 1537 1812 Eccle-

22 1838 28 1852 '
85 1834 201 1900 niratica
220 1836 244 1901 d
260 1833 407 1918 politum
426 1833 590 1918 Principes
602 1835 736 1901 subinde
749 1835 840 1920 quasi
853 1836 925 1920 lege
936 1835 1065 1902 talionis
1073 1841 1147 1918 jure
1159 1835 1451 1920 repr-emiorum&
1467 1837 1538 1920 jure

86 1921 162 2002 belli,
185 1944 392 2008 quaecuuque
415 1927 563 2007 poterant
582 1924 621 1988 ad
636 1947 670 1988 sc
690 1923 877 1988 trahebant:
903 1925 1170 2009 applaudentibus
1182 1945 1277 2010 saepe
1296 1925 1538 2004 Ecclesiasticis‚

85 2013 131 2094 qui
142 2019 330 2097 quicunque
341 2013 466 2077 ratione
482 2011 656 2095 Papalibus
667 2012 798 2097 harpyis
812 2013 888 2096 quid
900 2012 1040 2096 praeripi
1054 2017 1110 2077 aut
1121 2014 1202 2098 eripi
1215 2014 1408 2099 gaudebant.
1426 2013 1463 2078 V.
1477 2013 1539 2078 Ga·

84 2123 184 2180 nonae,
199 2101 228 2166 si
242 2102 300 2186 qai
311 2100 498 2180 affenmtnr,
511 2105 586 2166 sunt
597 2099 810 2167 Concilioram
822 2105 948 2166 tantum
964 2102 1218 2186 particularium,
1231 2105 1254 2169 tv
1267 2103 1394 2186 quidem
1411 2103 1537 2187 sequio-

85 2212 147 2254 rum
167 2192 367 2258 saeculorum
391 2189 484 2275 (nulli
508 2189 594 2254 enim
614 2213 652 2254 ex
670 2191 775 2275 prima
795 2191 1001 2274 antiquitate)
1022 2190 1078 2274 qui
1102 2191 1277 2274 respiciunt
1297 2191 1492 2256 conditiones
1515 2195 1537 2258 dv

84 2281 314 2344 commixtiones
334 2282 391 2343 aut
414 2279 506 2364 [pag.
528 2279 607 2364 169]
632 2279 884 2344 combinationes
897 2283 946 2364 (ut
958 2283 1033 2344 tunc
1049 2283 1141 2344 erant
1156 2282 1314 2364 tempora)
1327 2280 1538 2364 particulares

83 2371 180 2434 rerum
191 2371 392 2436 &causarum
405 2366 701 2432 Ecclesiasticarum
713 2391 785 2436 cam
801 2367 955 2447 Politicis,
968 2368 999 2432 in
1014 2367 1184 2452 Hispania,
1197 2374 1254 2434 aut
1267 2367 1383 2448 Gallie,
1397 2373 1454 2434 aut
1467 2369 1538 2434 Bri-

84 2458 194 2536 nsua,
214 2461 271 2522 aut
288 2455 429 2540 Imperio
448 2453 646 2536 Germanico,
667 2460 716 2523 duc.
741 2455 865 2532 Quibus
884 2457 1057 2529 canonibus
1077 2457 1171 2523 &alii
1183 2457 1281 2540 paris,
1295 2458 1393 2524 immo
1405 2458 1538 2540 majoris

84 2546 256 2612 autoritatis
280 2544 401 2630 opponi
424 2549 568 2628 possunt.
593 2544 798 2612 Ostendimus
821 2547 899 2612 istas
923 2546 1049 2612 lunares
1070 2546 1102 2613 iu
1123 2545 1275 2612 Ecclesiis
1295 2547 1537 2621 vicissitudines,

83 2633 158 2698 ialra
174 2637 262 2700 Pari.
281 2636 312 2698 2.
330 2632 386 2698 ubi
398 2635 435 2698 de
458 2635 615 2700 Vocatioue
629 2637 859 2702 Ministroruaa.
883 2633 967 2700 Hinc
980 2656 1057 2720 ergo
1070 2633 1194 2700 nullum
1208 2639 1399 2719 perpetuum
1409 2637 1462 2720 jus
1478 2635 1538 2698 Ec·

82 2722 287 2790 clasis-sticum
311 2725 368 2788 aut
388 2722 556 2806 politicam
578 2723 690 2790 deduci
712 2728 829 2808 potest,
852 2724 937 2808 quod
956 2723 1058 2790 ordini
1078 2725 1101 2788 do
1122 2723 1337 2796 aedificationi
1357 2725 1538 2801 conveniam

83 2813 190 2878 nedum
210 2817 247 2878 nt
270 2811 475 2880 conscientiis
498 2812 752 2879 Christianorum
776 2813 836 2878 boc
855 2812 1079 2896 usurpantium
1101 2812 1288 2878 satisfaciat.
1313 2811 1369 2877 VI.
1395 2811 1539 2878 Breviter

81 2901 265 2986 opponimus
284 2904 385 2966 totum
398 2900 544 2986 politiam
556 2903 579 2968 dr
592 2902 706 2985 praxin
718 2901 869 2986 antiquae
882 2901 1042 2966 Ecclesiae
1053 2925 1061 2979 3
1074 2901 1172 2966 etiem
1184 2905 1354 2986 postquam
1368 2899 1538 2986 Magistra-

82 2994 128 3055 tus
145 2990 274 3056 Christo
294 3009 409 3054 nomen
432 2990 600 3069 dedissent,
621 3013 722 3074 nsque
741 2992 781 3054 ad
801 2991 960 3074 quintum,
980 2990 1079 3054 immo
1092 2993 1114 3056 dr
1127 2995 1253 3055 sextum
1266 2991 1428 3056 saeculum
1440 2990 1559 3066 inclu·,

81 3167 521 3252 a,
549 3080 1071 3252 crucicularum
1086 3079 1281 3252 ailla
1292 3079 1542 3232 sericeo

15 3275 22 3300 ·
81 3259 268 3327 ualentiam
288 3279 379 3323 suern
399 3261 524 3322 nostrae
544 3258 717 3340 secundum
740 3258 827 3342 leges
850 3218 1320 3342 oppositionis'repagnuntem,
1336 3219 1541 3340 ,pmbent'vel

80 3369 136 3413 unc
147 3369 271 3414 anone
284 3368 323 3409 cx
337 3346 443 3412 Codice
454 3367 631 3422 eunonium
644 3367 706 3411 uno
718 3347 796 3412 item
809 3347 893 3412 dicto
906 3346 1035 3430 probati
1047 3345 1149 3428 patris
1161 3345 1216 3428 qui
1229 3346 1342 3428 primis
1355 3347 1419 3410 illis
1431 3367 1541 3410 saecu-

79 3434 115 3500 lis
131 3436 258 3510 floruit;
276 3435 374 3500 immo
393 3435 444 3498 vel
464 3439 527 3501 und
542 3436 666 3520 lege-ex
681 3437 816 3520 Corpore
830 3437 934 3502 luris:
947 3437 970 3501 to
983 3433 1136 3500 videbunt
1149 3433 1225 3517 quid
1237 3434 1363 3500 intersit
1375 3435 1459 3500 iuter
1470 3434 1540 3498 rhe-
1675 3471 1686 3492 .

80 3525 290 3603 toricatioues,
313 3525 337 3590 6
348 3523 452 3607 justas
465 3523 680 3608 probationes.
704 3521 779 3589 VII.
803 3523 850 3590 Ut
865 3528 973 3589 autem
986 3523 1114 3588 videant
1127 3545 1223 3606 quam
1240 3545 1353 3608 parum
1366 3545 1440 3588 cum
1456 3523 1539 3588 anti-

80 3615 196 3697 quitate
215 3612 387 3681 conveniat
407 3613 654 3698 paradoxologia
677 3611 838 3695 ipsorum3
852 3611 1079 3696 pauculalraeo
1092 3612 1290 3684 solummodo
1304 3612 1421 3676 abillis
1440 3613 1541 3695 inspi-

80 3702 208 3770 ciantur.
236 3702 351 3768 Coruit.
374 3701 525 3768 lt'iccaum
545 3723 613 3774 cua.
637 3703 667 3766 4.
689 3703 719 3766 5.
736 3701 807 3767 coll.
828 3723 900 3766 cum
914 3701 1045 3788 Ruspina
1059 3701 1109 3765 lib.
1126 3701 1153 3766 1.
1167 3722 1191 3764 e.
1206 3700 1236 3764 6.
1253 3702 1366 3768 Coucil.
1380 3701 1541 3768 Laodicen.

81 3813 103 3854 c.
114 3795 164 3858 12.
176 3791 321 3858 breviter
331 3794 436 3856 totum
451 3792 571 3876 Corpus
583 3811 742 3857 capacium
754 3793 970 3876 antiquorum.
996 3789 1128 3854 Adbaec
1141 3790 1336 3856 ilbziauzeu.
1350 3791 1385 3854 iu
1400 3793 1486 3855 Orat.
1500 3791 1543 3854 ud

83 3881 103 3946 ,l
147 3883 301 3950 isliulum
317 3881 510 3950 ivaricnrca.
527 3880 711 3946 drabaosius
726 3879 813 3945 Orat.
827 3881 862 3944 iu
874 3880 1074 3946 uocaui-au.
1087 3877 1226 3944 Socrates
1239 3880 1356 3944 Histoe.
1370 3880 1479 3944 Eccles.
1490 3878 1541 3944 tit.

82 3969 103 4034 6.
155 3973 188 4036 2.
201 3971 235 4036 a·
248 3968 299 4034 lid.
314 3968 343 4032 7.
351 3991 382 4034 c.
395 3970 448 4032 26.
461 3969 549 4036 usu.
568 3969 772 4035 Theodoreus
788 3969 838 4034 lit.
854 3969 884 4032 5.
896 3991 920 4033 c.
936 3969 965 4034 9.
980 3969 1002 4034 lv
1016 3967 1067 4032 tib.
1081 3967 1112 4032 4.
1125 3988 1150 4032 c.
1164 3967 1194 4032 5.
1207 3967 1230 4032 6
1243 3969 1296 4032 20.
1310 3969 1333 4032 dv
1346 3967 1396 4032 lit.
1408 3973 1437 4030 5.
1451 3989 1474 4031 e.
1489 3968 1542 4032 27.

83 4061 103 4124 Ε
143 4063 238 4148 prius
253 4057 305 4124 aa
319 4057 351 4122 3.
363 4077 389 4123 a
402 4057 432 4125 6.
457 4057 669 4124 Conferantur
681 4057 827 4141 exempla
839 4079 958 4136 eorum,
972 4056 1028 4141 qui
1040 4057 1232 4122 contrariam
1247 4056 1332 4120 viam
1343 4056 1542 4135 institerunt,

83 4145 103 4212 U
143 4189 145 4200 ,
165 4152 190 4216 b
214 4146 373 4212 1666166116-
391 4147 571 4231 improbata
600 4147 776 4212 Theodorei.
801 4146 852 4210 tib.
877 4146 907 4210 4.
929 4168 954 4212 c.
968 4147 1021 4210 20.
1035 4146 1106 4209 coll.
1119 4167 1192 4211 cum
1208 4145 1394 4210 8666616116.
1408 4145 1476 4208 ce.
1492 4145 1542 4208 16.

83 4237 103 4302 S
143 4259 270 4306 murus
283 4235 336 4300 tit.
349 4230 380 4302 6.
392 4259 417 4300 c.
435 4237 484 4301 15.
508 4234 646 4320 Reliqua
659 4237 729 4301 vide
742 4235 826 4298 infra
839 4237 927 4300 Part.
942 4237 972 4300 2.
985 4233 1041 4298 ubi
1054 4234 1091 4298 de
1113 4235 1271 4298 Voculiouc
1284 4235 1504 4300 Miuisuumcuc
1520 4233 1543 4296 dr

85 4329 103 4392 1
147 4354 151 4372 ·
170 4331 376 4396 Pulmrialus.
400 4323 437 4390 ln
457 4325 513 4390 illo
534 4325 619 4390 euim
638 4325 796 4410 imprimis
817 4329 952 4407 apparet
968 4324 1098 4388 libertas
1114 4325 1137 4388 da
1154 4323 1299 4387 Potestas
1312 4323 1463 4388 Ecclesiis
1472 4323 1543 4404 jure

15 4507 16 4512 η
86 4417 103 4480 d
151 4420 217 4485 au
231 4416 374 4482 bmnano
387 4417 456 4478 tum
467 4414 689 4480 Ecclesiastico
702 4417 772 4478 turn
783 4412 917 4498 politica
929 4412 1061 4476 tributa.
1086 4411 1176 4487 Quod
1188 4412 1228 4475 ad
1241 4411 1440 4486 Waldensea
1456 4409 1542 4559 litus-

15 4513 16 4546 l
1453 4519 1479 4561 ar
1496 4519 1541 4578 as,
