3766 4866
317 299 380 363 298
697 296 852 362 Ponmrcna
867 295 1118 360 Eccnssmsrrcaa
1140 293 1222 357 Pras
1233 291 1260 358 I.
1285 293 1350 360 Lm.
1362 291 1405 358 ΙΙ.

317 484 480 548 conciones
492 483 702 546 cateclreticae
715 481 863 559 breviter,
878 483 959 545 aliae
975 479 1139 544 conciones
1153 479 1191 542 ad
1204 479 1388 564 Scripturas
1401 481 1506 542 textus
1520 477 1658 542 ubertim
1673 481 1781 562 praxiu

317 571 563 654 resipiscentiae,
574 566 1781 654 fidei,spei,caritarisconscientiae,consolationis,adlrortationisproponunt.

320 661 417 744 atqui
442 661 607 743 utriusque
626 659 752 744 gerreris
765 659 930 723 conciones
942 658 1026 742 apud
1039 656 1274 722 exercitatiores
1283 659 1367 722 inter
1379 655 1630 722 catechumenos
1646 657 1680 720 in
1694 658 1781 722 scho-

317 749 446 824 lasticis,
464 749 652 824 domesticis,
667 747 887 812 ecclesiasticis
898 746 1217 822 Catechizationibus,
1230 769 1285 811 seu
1298 744 1522 812 collationibus
1537 748 1694 827 repetere,
1707 747 1780 812 utile

317 842 339 904 h
353 838 506 902 usitatum
520 842 576 901 est:
591 835 706 902 Confer
718 839 791 920 Cup
807 857 937 922 sepeu—
947 838 977 899 3.
990 836 1065 921 qrriu
1077 833 1147 917 ipsa
1159 833 1341 900 Catechesis
1355 833 1476 898 Nostra
1484 833 1634 897 articulos
1643 834 1718 898 fidei
1727 835 1780 899 snb

318 928 420 990 torma
445 926 581 1009 praxios,
594 929 651 988 aut
662 947 733 988 enm
746 925 959 1008 applicatione
969 923 1126 1008 proponit.
1151 921 1270 988 Prioris
1296 923 1441 1006 exempla
1454 921 1524 985 ride
1537 921 1570 984 in
1587 923 1715 1003 ercest.
1733 925 1780 987 26.

318 1019 370 1080 43.
392 1015 446 1080 44.
470 1015 522 1078 49.
547 1015 599 1077 51.
611 1015 662 1076 52.
677 1013 797 1077 57.·58.
811 1014 996 1098 posterioris
1012 1013 1045 1075 iu
1064 1013 1187 1094 eruest.
1205 1013 1257 1077 36.
1271 1012 1294 1076 h
1306 1017 1375 1077 tota
1392 1011 1495 1078 Tertio
1506 1031 1583 1094 pure
1600 1013 1781 1077 Cuteclrr'smi

317 1126 437 1168 rueram
450 1103 574 1186 praxim
593 1102 840 1185 resipiscentiae,
854 1125 953 1166 norae
966 1100 1165 1165 obedieutiae
1178 1101 1200 1165 tr
1214 1101 1356 1166 caritatis
1368 1124 1425 1185 per
1436 1103 1543 1184 partes
1556 1098 1714 1182 explicat:
1731 1101 1779 1164 ubi

318 1192 474 1276 imprimis
490 1193 722 1266 πρπκτικωτὰτη
738 1194 786 1254 est
803 1191 973 1274 explicatio
987 1189 1148 1254 Orationis
1160 1189 1348 1254 dominicae.
1362 1193 1391 1252 4.
1405 1189 1483 1276 pario
1504 1189 1683 1254 Thesauros
1698 1191 1780 1254 Certe·

317 1283 449 1346 rheticus
471 1281 551 1346 Festi
573 1280 715 1358 Ilornrnr'r'
726 1279 760 1342 iu
773 1279 1036 1343 elaboratissimis
1055 1279 1179 1343 Tabulis
1193 1278 1311 1362 ubique
1326 1278 1533 1343 articulorum
1548 1277 1622 1341 fidei
1635 1299 1698 1341 uon
1712 1283 1779 1342 tau-

317 1375 386 1434 tum
410 1369 622 1453 cognitionem
643 1371 666 1434 b
690 1369 783 1432 fidem
796 1369 849 1432 sed
862 1367 958 1432 etiam
973 1367 1120 1431 fiduciam
1132 1367 1338 1450 &specialem
1350 1366 1597 1450 applicationem
1612 1367 1778 1448 practicam

320 1459 524 1542 praeformat.
549 1455 620 1521 dole.
645 1457 825 1541 Spiljordus
847 1457 880 1519 iu
904 1455 1076 1520 novissima
1093 1455 1232 1536 ejusdem
1246 1454 1403 1520 Thesauri
1416 1454 1554 1520 editione
1566 1454 1641 1518 anni
1658 1455 1751 1520 1o57.
1763 1461 1779 1520 a

318 1549 409 1632 [pag.
423 1547 502 1627 855]
517 1543 692 1629 Theologis
705 1543 1169 1627 Leidensibus&Ultrajectiuis
1178 1543 1645 1628 approbatattpeculiaritereo
1655 1545 1777 1608 nomine

317 1635 536 1700 eornmendata
562 1633 785 1698 meditationes
809 1634 965 1716 practices
989 1632 1125 1716 siugulis
1141 1633 1381 1715 quaestionibus
1401 1632 1545 1716 subjecit.
1572 1631 1662 1707 Quae
1674 1633 1776 1697 onmia

316 1725 486 1789 vernaculo
513 1745 657 1786 sermone
681 1721 766 1786 edita
792 1745 855 1785 non
868 1725 954 1802 sunt,
967 1727 1002 1785 ut
1014 1721 1072 1786 sub
1088 1721 1229 1784 modium
1240 1727 1444 1805 reponantur,
1457 1721 1512 1785 sed
1528 1725 1564 1785 ut
1575 1743 1633 1804 pro
1650 1723 1779 1804 captu&

318 1813 463 1896 profectu
485 1811 698 1876 exercentium
719 1810 880 1874 solitariae
893 1833 930 1874 ac
942 1811 1044 1876 sociae
1060 1809 1200 1888 lectioni,
1213 1810 1407 1894 repetitioni,
1421 1809 1583 1874 collationi
1598 1809 1779 1874 inserviant.

320 1903 407 1966 ldem
436 1900 603 1965 dicendum
628 1900 665 1963 de
686 1899 804 1963 eximia
828 1899 985 1963 catechesi
1023 1899 1167 1964 Pertinet
1190 1899 1367 1964 remaculis
1392 1898 1510 1982 linguis
1535 1898 1630 1962 edita.
1654 1896 1778 1980 Siquis

318 1990 450 2073 objiciat
467 1990 580 2053 saltem
598 2011 728 2052 casuum
741 1988 951 2052 conscientiae
967 1987 1209 2072 explicationem
1230 2009 1268 2052 ac
1279 1987 1587 2064 determinationem,
1600 1986 1779 2051 Cateclrira·
1863 1989 1864 1992 ’

319 2078 459 2143 tionibus
474 2100 535 2141 non
550 2077 727 2140 convenire.
742 2079 832 2161 Hesp.
844 2075 878 2140 Si
892 2100 948 2160 per
956 2099 1047 2140 casus
1056 2076 1266 2141 conscientiae
1274 2076 1430 2161 intelligis
1438 2075 1574 2140 theticas
1582 2076 1777 2160 quaestiones

318 2168 467 2244 morales,
492 2166 602 2248 utique
626 2169 695 2229 tota
707 2165 900 2230 catechetica
913 2165 1080 2250 explicatio
1093 2163 1246 2250 Decalogi
1258 2165 1489 2249 praetereunda
1502 2169 1595 2228 esset.
1621 2163 1709 2238 Quod
1723 2164 1776 2228 ab·
1863 2159 1864 2168 ¹

316 2257 456 2320 surdum.
468 2253 542 2337 Ipsa
550 2254 633 2318 enim
643 2255 802 2320 catechesis
813 2254 965 2338 quasdam
975 2254 1401 2338 coutroversasquaestioues
1410 2253 1552 2338 attingit,
1560 2253 1774 2318 edsecrcrulum
1863 2271 1864 2302 ὲ

319 2345 350 2408 ll
370 2345 496 2408 lenietur
520 2343 745 2426 Praenominum
764 2346 787 2410 lc
808 2339 1033 2410 Cornnurnurr'i
1049 2343 1217 2408 cuteehetr'ca'
1231 2343 1271 2406 ad
1283 2342 1584 2426 reliquapraeoepta
1599 2345 1774 2406 contover-

315 2433 403 2497 Ssias
423 2433 461 2495 de
477 2431 629 2509 abbatho,
643 2433 681 2495 de
694 2431 800 2496 officio
812 2431 1031 2514 magistratus,
1049 2429 1218 2511 strepente,
1232 2431 1400 2510 coelibatu,
1417 2430 1574 2514 conjugio
1588 2431 1771 2514 polygamia,

317 2521 431 2598 usuris,
444 2519 619 2598 mendacio,
636 2520 890 2604 concupiscentia
902 2519 1099 2597 inhaerente,
1108 2519 1248 2584 motibus
1261 2520 1364 2602 primo
1377 2519 1498 2603 primia,
1511 2519 1561 2582 hc.
1577 2517 1664 2583 Idem
1680 2523 1771 2600 agunt

314 2611 478 2675 conciones
491 2609 719 2673 catecheticao:
734 2631 813 2692 quas
826 2609 859 2672 in
872 2609 1079 2674 conventibus
1091 2607 1275 2692 quorumvis
1289 2607 1608 2684 Catechumeuorum,
1623 2606 1770 2691 imprimis

316 2701 347 2762 in
361 2698 505 2782 collegiis
521 2698 734 2762 exercentium
748 2697 848 2780 repeti
862 2719 966 2780 posse,
982 2719 1086 2775 nemo,
1103 2701 1139 2761 ut
1151 2697 1272 2780 opinor,
1290 2697 1433 2782 negabit.
1458 2695 1546 2771 Quae
1563 2696 1649 2760 enim
1662 2696 1701 2760 ab
1712 2719 1771 2759 om·

314 2788 408 2852 nibus
423 2788 454 2850 in
471 2787 613 2851 Ecclesia
625 2791 695 2850 tuto
708 2785 890 2864 audiuntur,
907 2808 963 2850 cnr
975 2786 1228 2870 repetitionibus
1242 2785 1416 2860 collationi,
1428 2787 1451 2852 tr
1463 2783 1604 2849 examini
1615 2807 1671 2868 per
1683 2807 1770 2870 quae-

316 2877 434 2940 stiones
457 2879 480 2942 &
496 2875 716 2957 responsiones
733 2897 794 2938 nou
808 2875 1044 2958 subjiciantur?
1057 2875 1232 2952 sictameu,
1247 2877 1284 2938 ut
1296 2877 1407 2958 captus
1419 2877 1442 2940 ln
1455 2872 1617 2958 profectus
1630 2873 1767 2957 Discipu-

315 2966 418 3028 lorum
438 2964 520 3028 ratio
547 2963 714 3027 habeatur.
731 2963 849 3028 Omnes
862 2964 947 3028 enim
959 2963 1066 3027 omnia
1077 2986 1135 3028 nec
1147 2984 1269 3047 capere,
1282 2985 1340 3027 nec
1352 2963 1435 3027 ferre
1447 2965 1592 3046 possunt.
1619 2961 1707 3038 Quod
1717 2960 1769 3026 arti

315 3057 338 3122 tr
363 3053 548 3135 prudentiae
573 3051 827 3116 Cateclristarum
854 3053 1117 3116 committendum
1130 3057 1188 3116 est.
1214 3052 1271 3116 Sin
1293 3073 1361 3117 uero
1378 3073 1434 3136 per
1454 3051 1769 3126 casusconscieutiae,

315 3141 537 3226 intelligantur
555 3139 781 3223 hypotheticae
803 3141 992 3224 &speciales
1006 3162 1150 3226 quaeque
1163 3141 1452 3216 detemriuationes
1465 3139 1548 3204 circa
1571 3161 1769 3214 communem,

315 3233 338 3296 lu
360 3230 442 3294 circa
455 3229 660 3313 particulares
672 3228 926 3294 Christianorum
938 3229 1118 3294 vocationes
1134 3229 1167 3292 in
1181 3229 1368 3312 Republica,
1386 3229 1419 3292 in
1436 3227 1589 3306 Ecclesia,
1601 3228 1636 3292 in
1649 3227 1768 3293 Schola:

315 3318 413 3382 nolim
430 3317 627 3388 catechistas
654 3317 775 3381 imitari
798 3317 910 3382 Libros
935 3340 1077 3395 casuum,
1100 3317 1380 3383 &confessionalis
1408 3315 1615 3400 Papistarum
1631 3339 1694 3382 non
1707 3322 1767 3382 tan·

315 3412 383 3471 tum
397 3406 497 3471 latina
510 3406 564 3470 sed
577 3408 599 3472 tr
611 3406 798 3490 vulgaribus
810 3405 953 3491 Linguis,
966 3405 1161 3484 Lucitanicrt,
1174 3405 1297 3484 Italicrt,
1324 3407 1375 3471 tec.
1392 3406 1487 3484 edita,
1504 3427 1542 3470 ex
1558 3405 1677 3488 quibus
1688 3405 1768 3490 igno-

315 3500 421 3560 rantes
434 3495 568 3573 discunt,
579 3517 660 3577 quae
673 3499 851 3578 praestaret
863 3495 1000 3559 nescire:
1009 3495 1113 3558 multa
1124 3495 1210 3572 eninr
1223 3494 1435 3573 abominanda
1450 3495 1615 3572 domatur,
1636 3495 1708 3558 dum
1721 3491 1769 3556 mi·

313 3585 416 3648 nutim
438 3583 647 3667 explicantur,
660 3582 835 3668 agitantur.
859 3582 908 3647 De
920 3606 983 3666 quo
994 3584 1065 3647 ride
1077 3583 1236 3648 Iudicium
1260 3583 1422 3649 Sorbouici
1435 3583 1603 3666 cujusdam
1623 3583 1697 3648 dicti
1711 3581 1769 3647 Au-

314 3674 383 3740 relii
405 3673 539 3737 citatum
563 3675 582 3734 a
608 3671 700 3736 nobis
722 3672 756 3736 in
772 3673 901 3756 Desper.
917 3675 1020 3738 &aaa
1034 3672 1178 3756 Populus
1190 3673 1242 3738 lib.
1256 3674 1286 3735 2.
1301 3684 1369 3737 sect.
1383 3673 1413 3735 3.
1426 3693 1493 3756 orep.
1507 3673 1538 3734 2.
1551 3675 1576 3738 t
1587 3671 1638 3736 Ex
1654 3669 1769 3736 Nostris

315 3763 415 3830 Raeti
431 3763 466 3826 iu
485 3760 694 3828 Corra-mentor.
717 3761 760 3826 ud
783 3761 811 3825 7.
825 3763 973 3846 Deculopr'
988 3761 1205 3846 Praecepunn,
1218 3761 1417 3846 cjrrsdcnrque
1428 3761 1464 3825 in
1476 3761 1632 3846 Mysterir's
1646 3760 1769 3827 Pusam

312 3853 515 3928 lesuimruru,
539 3850 598 3913 sub
627 3849 754 3914 nomine
771 3847 888 3914 Renati
913 3849 1052 3928 Veridei,
1076 3873 1134 3935 per
1154 3849 1503 3935 anagrammatismum.
1527 3847 1648 3914 Omnes
1673 3854 1768 3913 umen

314 3939 522 4025 particulares
542 3961 632 4002 casus
654 3937 730 4002 hinc
750 3938 904 4022 proscribi
930 3961 995 4003 non
1018 3939 1143 4018 debent,
1169 3960 1304 4022 quorum
1316 3961 1392 4002 usus
1408 3938 1442 4002 iu
1454 3937 1514 4002 hac
1525 3942 1583 4002 aut
1594 3937 1652 4002 illa
1667 3935 1769 4010 Genu,

313 4029 411 4106 Urbe,
436 4027 589 4105 Ecclesia,
607 4030 736 4111 propter
748 4026 909 4092 eudemius
932 4028 1051 4092 abusus
1063 4031 1257 4112 grassantes,
1274 4030 1331 4090 aut
1347 4026 1499 4102 residuos,
1512 4027 1552 4090 ad
1565 4049 1668 4091 mores
1680 4023 1768 4089 infcr-

313 4118 444 4181 mandcs
465 4120 513 4182 est
535 4115 751 4180 necessarius:
768 4139 794 4180 e.
809 4137 856 4200 gr.
872 4139 913 4180 au
925 4117 1037 4181 Pueris
1054 4115 1353 4182 &Adulescentibus
1373 4115 1439 4178 vim
1450 4115 1483 4179 ri
1498 4115 1653 4198 repellere
1667 4114 1767 4184 licest3

313 4229 354 4271 an
373 4203 506 4282 hiberia,
532 4203 649 4282 Servis,
661 4203 807 4284 Ancillis,
823 4205 998 4288 quidquam
1020 4205 1071 4270 vel
1090 4204 1259 4268 minimum
1272 4202 1463 4269 Parentibus
1475 4207 1531 4268 aut
1544 4202 1639 4268 Heris
1652 4201 1765 4267 subtre-

313 4295 406 4370 here;
423 4315 462 4358 an
478 4293 530 4357 his
538 4293 588 4358 vel
604 4292 670 4358 illis
683 4294 850 4358 verborum
863 4293 1009 4357 formulis
1021 4294 1080 4372 nti,
1092 4315 1174 4376 quae
1187 4293 1322 4357 abusum
1333 4291 1470 4357 nominis
1482 4292 1592 4368 divini,
1606 4291 1765 4362 involvere,

312 4387 369 4448 aut
394 4381 480 4448 riam
507 4381 547 4445 ad
568 4381 661 4445 illum
676 4385 816 4446 sternere
832 4381 995 4457 dicuntum
1009 4405 1049 4446 an
1061 4381 1242 4467 vectigalia,
1254 4381 1384 4462 telonia,
1399 4381 1449 4448 &a
1462 4380 1627 4456 fraudare3
1641 4374 1764 4534 pupldpla

1673 4490 1683 4529 1
1702 4483 1761 4529 cc-
