3736 4860
342 329 405 396 178
710 323 1134 390 Pomrremltcenssmsrmae
1158 325 1239 392 Pras
1252 325 1278 393 I.
1304 327 1371 394 Lm.
1396 326 1440 393 II.

339 530 400 584 tres
412 518 435 582 la
447 523 640 579 commatres.
665 511 755 586 Quod
770 513 854 577 idem
867 512 900 576 in
913 509 1094 590 Germania,
1108 513 1131 577 h
1144 513 1221 576 alibi
1233 513 1369 578 obtinet.
1395 511 1433 576 ln
1447 511 1594 598 Lilurgia
1606 509 1735 597 Angliea
1745 513 1782 576 di·

340 610 455 672 cuntur
471 601 655 688 qablallpt&
671 601 942 688 palmolht13quae
955 600 988 662 in
1001 600 1196 666 dictionariis
1210 623 1320 666 eorum
1336 605 1539 686 exponuntur
1551 624 1608 684 per
1622 601 1783 667 latinator·

340 707 451 780 ceptor,
467 702 632 775 compater,
650 691 798 756 liutricus
808 702 909 775 prater,
922 690 1104 772 susceptrix,
1117 691 1268 768 melmae,
1284 702 1463 766 eonrraater,
1477 692 1611 756 treatrata
1624 711 1742 774 parens.
1756 689 1784 753 ln

341 783 450 848 aridem
475 779 607 863 liturgia
620 779 767 842 dicuntur
779 779 912 862 sutilia!
928 777 961 841 id
977 783 1035 854 est,
1048 779 1152 858 eadee,
1167 779 1377 862 fidejussores,
1393 801 1570 863 sponsores,
1588 779 1785 863 adpromisso·

341 895 402 950 res,
427 869 588 934 infantum
600 867 666 932 scil.
681 867 936 951 baptizatorum
947 866 1003 950 qui
1015 865 1134 931 ibidem
1146 891 1203 950 pro
1215 869 1281 932 illis
1297 870 1336 932 ad
1350 868 1552 951 quaestiones
1567 869 1737 951 propositas
1747 890 1788 932 re·

341 961 495 1045 spondere
515 957 676 1042 jubentur.
703 955 740 1020 In
754 958 884 1022 statutis
897 955 1117 1020 ecclesiasticis
1133 955 1316 1022 Bohemieis
1337 957 1486 1020 dicuutur
1497 957 1639 1021 advocali
1650 968 1731 1020 tester
1740 977 1789 1040 pro

340 1047 551 1134 eorupatritus
571 1043 603 1110 e
621 1046 855 1111 commatribus.
881 1043 993 1110 Graeci
1010 1044 1154 1108 hodierni
1172 1045 1304 1128 antiquo
1321 1045 1449 1110 nomine
1466 1042 1620 1124 ἁναδόχων
1631 1045 1788 1108 etiannum

340 1138 514 1223 appellant.
539 1134 587 1198 De
610 1135 845 1217 susceptoribus
872 1132 1011 1217 plurima
1027 1137 1185 1216 quaerunt
1198 1135 1328 1200 Rittium
1344 1134 1514 1218 Scriptores
1529 1134 1595 1198 too.
1610 1133 1711 1218 Stepll.
1726 1134 1789 1200 Du-

339 1239 464 1304 ranlas,
485 1225 658 1300 Viceeomes,
668 1223 718 1287 tac.
727 1245 854 1287 necnon
867 1223 1083 1288 Caaoaimae&
1096 1221 1264 1288 casulem.
1277 1222 1345 1287 Nos
1354 1245 1437 1286 nunc
1446 1222 1516 1286 istis
1526 1223 1666 1286 contenti
1678 1223 1789 1286 erimus.

388 1318 415 1380 l.
443 1319 566 1396 (tuaest.
593 1311 644 1376 Aa
666 1324 789 1396 praeter
811 1323 954 1396 parentes
977 1314 1137 1396 offerentes
1161 1313 1328 1377 necessarii
1343 1313 1405 1376 siut
1419 1323 1619 1395 susceptores,
1634 1313 1791 1376 temeritate

337 1406 426 1489 juria
447 1403 548 1468 diuini
564 1412 620 1466 aut
632 1400 832 1465 ecelesiastici.
858 1402 947 1484 lleep.
973 1401 1036 1486 Aff.
1049 1399 1217 1478 Pontificii,
1230 1401 1268 1464 de
1285 1399 1472 1464 necessitate
1485 1401 1647 1483 praecepti
1660 1401 1790 1464 ecclesia-

340 1494 412 1558 stici
424 1493 522 1556 immo
535 1491 558 1554 b
571 1489 765 1572 Apostolici;
779 1511 951 1572 eorrimque
965 1488 1121 1572 originem
1130 1490 1198 1572 jam
1211 1488 1282 1552 inde
1296 1493 1315 1552 a
1327 1488 1439 1572 primis
1452 1489 1602 1552 ecclesiae
1612 1490 1791 1572 temporibus

340 1584 522 1647 accersunt:
547 1600 643 1662 quam
668 1577 815 1656 feliciter,
828 1579 896 1662 jam
915 1577 1114 1660 penitissime
1130 1599 1193 1640 non
1213 1577 1382 1666 inquiram.
1408 1575 1521 1641 Testes
1541 1599 1613 1642 eum
1647 1579 1791 1644 Vieeeorua

341 1671 469 1736 adducit
480 1669 613 1752 Diorepe.
628 1667 849 1752 Areepapitam
861 1667 899 1730 de
910 1667 1019 1732 areles.
1035 1665 1197 1732 Ilieroreh.
1211 1667 1248 1730 lle
1259 1667 1350 1750 Bapl.
1362 1666 1674 1732 Pseudo-Clemente
1686 1667 1791 1734 Coma

341 1761 473 1825 tutioaea
496 1757 561 1822 tit.
587 1757 617 1823 5.
641 1777 707 1840 cup.
735 1757 784 1818 lo.
810 1757 985 1820 Simeonem
1011 1755 1258 1837 Metaphrastcm‚
1287 1755 1439 1820 Allirurm
1463 1756 1619 1833 Flaccum,
1640 1759 1689 1822 tre.
1712 1755 1792 1820 facile

339 1847 495 1934 judicabit
517 1845 638 1920 hector,
663 1867 759 1928 quam
785 1844 930 1927 opposite
954 1844 1037 1907 dicat
1060 1843 1114 1907 lib.
1131 1845 1159 1906 l.
1172 1867 1241 1926 cap.
1255 1845 1308 1907 30.
1321 1866 1394 1927 pag.
1410 1845 1481 1906 183.
1496 1867 1528 1907 se
1540 1847 1710 1910 ucmseariei
1730 1866 1791 1908 eerr-

342 1937 495 2002 eeeutr'oue
525 1935 680 2018 eollipere,
705 1945 921 2018 seeeeeplorum
951 1953 1048 1997 erarem
1074 1931 1113 1996 ab
1142 1934 1217 2018 ipsis
1242 1933 1334 2018 [pag.
1359 1933 1441 2018 rot]
1466 1935 1620 2016 Apostolie
1643 1935 1791 2018 irecepisre.

342 2027 428 2112 quod
458 2024 598 2110 plerique
621 2027 775 2088 Aratorem
799 2022 852 2086 cit.
878 2019 1232 2107 (Pseudo-Areopagita
1255 2023 1278 2086 tr
1302 2021 1603 2102 Pseudo-Clemens)
1627 2043 1693 2087 nore
1715 2026 1793 2106 herpo
1851 2045 1852 2048 ¹

343 2115 505 2180 interuallo
528 2111 567 2176 ab
590 2111 744 2196 Apostolie
764 2112 914 2194 disjuncti
930 2112 1004 2174 siret.
1029 2108 1137 2188 Addit,
1151 2132 1184 2173 se
1197 2109 1349 2174 certius&
1366 2109 1487 2174 firmins
1502 2109 1561 2173 hoc
1573 2112 1706 2188 eredere,
1722 2110 1793 2195 quod

349 2205 437 2288 ,ipsa
459 2223 586 2285 quoque
611 2200 693 2264 ratio
709 2200 769 2264 hoe
784 2199 984 2284 persuadeat.
1011 2196 1180 2261 Rationem
1193 2198 1267 2263 ibirl.
1281 2199 1373 2262 nohis
1386 2197 1530 2262 exhibet:
1545 2199 1596 2262 Ab
1609 2199 1793 2264 incunabulis

348 2290 523 2370 ,nascentis
535 2287 695 2354 Ecclesiae
712 2287 832 2352 (lhristi
848 2288 943 2351 fidem
958 2287 990 2352 in
1009 2285 1172 2369 Baptismo
1184 2287 1336 2371 profiteri,
1350 2288 1498 2370 maloque
1511 2287 1657 2352 daemoni
1670 2311 1706 2353 aa
1717 2310 1793 2373 pom-

348 2381 414 2464 ,pis
437 2380 504 2462 ejus
528 2377 676 2441 nuntium
698 2377 860 2440 remittere
884 2377 980 2440 etiarn
996 2373 1177 2440 Infantibus
1190 2375 1459 2459 receptissimum:
1474 2399 1601 2441 necesse
1614 2399 1685 2462 erpo
1697 2383 1750 2456 est,
1763 2399 1793 2440 ex

347 2491 402 2547 ,eo
415 2473 557 2550 tempore
570 2465 668 2529 fuisse
685 2466 820 2548 aliquos,
836 2465 891 2548 qui
904 2465 987 2547 quod
999 2463 1110 2527 Pueris
1123 2486 1180 2548 per
1192 2469 1331 2528 aetatem
1343 2487 1406 2528 non
1424 2465 1557 2540 licebat,
1571 2473 1629 2530 sut
1643 2467 1794 2552 diligentia

343 2561 479 2641 &opert
499 2558 707 2639 praestarent.
733 2555 932 2619 Antecedens
953 2553 1034 2616 unde
1047 2553 1224 2635 probatur?
1249 2551 1331 2628 (luia
1347 2553 1414 2616 scil.
1431 2554 1654 2640 Areopagita&
1671 2558 1795 2622 melem

344 2647 410 2711 tale
425 2645 501 2728 quid
516 2646 703 2707 testantur?
726 2642 828 2725 Atqui
841 2642 916 2707 libri
927 2642 977 2705 illi
989 2645 1064 2704 sunt
1076 2645 1276 2722 lemrtppaper
1287 2643 1310 2707 tr
1322 2642 1518 2726 supposititii
1530 2644 1593 2718 {uti
1607 2647 1625 2707 a
1637 2667 1729 2728 saepe
1737 2645 1795 2708 lau-
1848 2653 1851 2700 t

344 2735 427 2799 datis
449 2733 534 2808 Coeo,
554 2733 667 2809 Itioeto,
681 2731 815 2814 aliisque
828 2731 868 2794 ab
881 2734 1015 2813 utroque
1028 2729 1144 2808 citatis
1158 2729 1216 2794 hoc
1229 2731 1400 2814 probatum
1417 2731 1478 2812 est)
1489 2755 1496 2805 ;
1509 2754 1567 2796 nee
1579 2737 1736 2797 testantur
1746 2732 1796 2801 illi,
1849 2709 1851 2790 l

345 2824 428 2908 quod
443 2823 502 2886 sub
515 2820 681 2902 Apostolis
694 2820 758 2882 tale
771 2820 984 2892 observatum,
997 2819 1051 2882 sed
1064 2819 1140 2901 quid
1152 2840 1209 2882 suo
1221 2823 1374 2902 tempore,
1387 2842 1459 2884 cum
1471 2821 1533 2884 ista
1545 2821 1727 2886 scriberent.
1740 2821 1797 2884 Nee
1848 2817 1850 2936 J

345 2914 441 2975 aliter
453 2909 533 2973 illud
550 2908 721 2994 Arcpustiai
737 2909 774 2972 de
787 2908 891 2972 verbis
904 2906 1049 2990 Apostoli
1066 2906 1128 2970 huc
1144 2908 1277 2971 allatum
1292 2907 1596 2974 alesuitaHenrico
1606 2909 1676 2974 Fitz
1683 2909 1797 2976 Simone
1848 2941 1850 2962 ι

345 3003 377 3064 in
405 2997 688 3064 Britannomachit
712 2996 930 3060 ministrorum
955 2995 1023 3060 Lib.
1033 3027 1037 3034 ⁴
1049 2998 1079 3059 3.
1096 3019 1121 3059 c.
1135 2999 1166 3059 4.
1194 2999 1368 3061 Portantur
1378 2998 1421 3062 ae
1432 2999 1596 3064 &riemanr
1609 3000 1743 3082 parturii,
1755 3000 1797 3064 m.

345 3087 555 3155 uecorrrmoetul
579 3087 643 3151 illic
668 3087 766 3150 Mater
789 3086 921 3150 Ecclesia
943 3085 1035 3170 pedes
1058 3086 1196 3150 aliorum
1212 3097 1247 3150 ut
1263 3087 1797 3164 rreniaul,eliorumeoruterrdaul,

343 3179 481 3244 aliorum
501 3176 645 3259 linquam
663 3186 697 3239 ut
716 3175 886 3258 fateantur.
912 3173 1071 3256 Quidquid
1085 3173 1136 3236 hic
1149 3175 1232 3237 dieat
1245 3175 1282 3237 de
1296 3174 1438 3240 Ecclesia
1454 3176 1503 3240 sui
1515 3181 1593 3260 temp
1604 3178 1680 3254 oris,
1697 3177 1797 3242 saltem
1848 3225 1849 3228 ,

344 3266 424 3330 nihil
438 3266 475 3328 de
489 3263 651 3348 Apostolis
664 3265 687 3327 dr
700 3262 841 3326 Ecclesia
854 3263 1026 3345 apostolica
1039 3283 1047 3324 ε
1060 3261 1108 3325 uti
1121 3263 1340 3344 praetenditur
1356 3266 1375 3326 ie
1398 3265 1579 3330 Viceeomite.
1604 3265 1649 3330 Et
1660 3267 1731 3330 datr»
1745 3285 1797 3328 neu
1848 3269 1849 3274 ’

344 3375 501 3430 concesso,
521 3352 618 3416 verba
638 3351 812 3434 Augustini
825 3351 862 3414 de
876 3350 1018 3433 parvulis
1031 3354 1174 3434 tempore
1188 3351 1415 3434 Apostolorum
1429 3353 1468 3417 ad
1480 3354 1575 3418 fidem
1587 3356 1628 3418 ad
1639 3355 1796 3420 confessis

344 3466 416 3508 nem
429 3441 654 3523 Susceptorum
668 3441 690 3505 a
703 3437 895 3524 Sponsorum
912 3439 1082 3522 baptizatis
1104 3441 1267 3504 llieeeoruca
1283 3438 1357 3524 Cap.
1371 3443 1420 3508 cit.
1432 3464 1505 3526 pap.
1522 3443 1592 3506 179.
1609 3443 1797 3527 reprehendit

344 3530 536 3598 sententiam
556 3527 729 3591 Walufridi
745 3528 919 3593 Strabonis.
942 3527 1008 3592 Lib.
1030 3527 1082 3590 26.
1102 3529 1139 3592 ele
1156 3529 1254 3594 ltebres
1273 3527 1383 3596 Ecetra.
1405 3532 1458 3614 qui
1473 3536 1566 3614 putat
1578 3539 1651 3616 post
1663 3531 1796 3596 anteiret
1848 3559 1849 3564 ¹

345 3627 489 3704 tempora
502 3617 676 3700 Augustini
689 3617 816 3680 demum
829 3615 889 3680 hoc
900 3616 1066 3680 inventum
1079 3639 1163 3692 esse;
1177 3619 1199 3683 a
1214 3619 1362 3702 Polydori
1381 3621 1500 3702 l'irpitii
1508 3621 1558 3686 lib.
1569 3623 1600 3685 4.
1610 3622 1796 3688 delatraret.

345 3732 369 3776 c.
383 3711 414 3772 t.
428 3711 498 3774 ulla
513 3707 638 3771 Gloeeae
651 3707 685 3768 iu
696 3706 791 3769 uitem
809 3705 929 3790 Hyperi
940 3707 959 3767 tl
972 3705 1114 3769 Damaso
1125 3707 1273 3789 scriptae,
1286 3708 1342 3788 qui
1356 3709 1465 3772 vehent
1478 3707 1684 3792 Susceptores
1696 3709 1796 3790 trapa

346 3798 477 3883 Hygino
496 3795 669 3857 institutos.
695 3793 780 3856 Idem
800 3793 920 3856 hahent
937 3793 1076 3857 Barttot.
1094 3796 1239 3860 Cararraa
1252 3797 1285 3858 ia
1298 3795 1434 3863 Summa
1448 3799 1670 3878 Camillorum,
1682 3803 1704 3866 le
1718 3801 1795 3864 Mart.

350 3889 499 3962 Poleam,
521 3883 658 3958 Plotium,
680 3883 771 3948 Stella
784 3883 821 3946 dc
841 3881 915 3948 Vilis
929 3882 1128 3970 Pontificum.
1154 3883 1233 3947 Esse
1246 3887 1353 3948 autern
1367 3885 1431 3949 illis
1448 3885 1655 3970 Suseeptores
1668 3907 1796 3952 necessa-

346 3976 409 4041 rios
429 3978 581 4054 tanquam
601 3968 713 4034 Testes
730 3992 793 4033 non
805 3975 941 4047 tantum,
955 3971 1009 4034 sed
1022 3971 1179 4053 imprimis
1192 3977 1345 4054 tanquam
1360 3972 1533 4058 Sponsores
1546 3979 1569 4042 tr
1583 3975 1796 4062 Fidejuseera,

346 4064 401 4148 qni
417 4083 475 4145 pro
488 4059 628 4143 parvulis
641 4059 735 4122 fidem
751 4057 971 4132 confiteantur,
984 4058 1084 4123 disces
1097 4083 1135 4123 ex
1150 4063 1228 4126 Cera
1242 4061 1294 4125 ro.
1311 4063 1393 4126 nihil
1404 4075 1447 4128 eet
1460 4066 1482 4129 tr
1493 4065 1544 4128 77.
1558 4069 1723 4150 eurrrpro&
1735 4065 1795 4127 ltll.

347 4174 408 4215 non
431 4151 548 4232 plures.
573 4148 653 4214 Dirt.
678 4148 707 4209 4.
734 4147 772 4211 ele
794 4146 965 4213 Cerrseerut.
992 4147 1034 4211 Et
1056 4150 1170 4214 Cerrml.
1188 4150 1367 4216 Tr·id.Sese.
1383 4153 1433 4214 24.
1452 4174 1518 4237 rep.
1536 4155 1566 4217 2.
1593 4153 1637 4218 Et
1656 4151 1796 4222 Poetomli

348 4242 491 4305 Reruaaa
503 4257 570 4320 cap.
584 4235 622 4302 ele
636 4236 812 4319 Baptiamo.
829 4235 1012 4300 Notandum
1026 4237 1078 4300 hic
1088 4237 1271 4303 Pontificius
1280 4239 1476 4324 distinguere
1496 4242 1581 4308 inter
1600 4241 1725 4308 Testem
1745 4245 1794 4304 Bt·

347 4326 467 4411 ptismi,
485 4324 602 4388 &iuter
615 4322 835 4406 Suseeptorem
849 4325 915 4386 sire
925 4324 1155 4407 Fidejussorem
1170 4328 1296 4412 proprie
1306 4328 1442 4392 dictum:
1457 4331 1511 4413 qui
1521 4353 1617 4395 mann
1632 4331 1795 4416 mugituri

348 4417 445 4488 tenet,
462 4417 518 4476 aut
530 4411 671 4494 suscipit,
685 4417 740 4474 aut
758 4413 842 4476 levat
858 4414 1026 4495 parvulum
1039 4413 1070 4476 in
1088 4415 1263 4498 Baptismo.
1288 4417 1337 4481 Ex
1350 4439 1412 4500 quo
1425 4418 1489 4482 ritu
1501 4423 1525 4485 a
1538 4421 1663 4485 actione
1674 4421 1794 4500 Snsrep

1702 4513 1794 4576 terum
