3752 4858
203 4280 258 4308 A

313 303 378 372 290
702 295 1255 372 PonrrrcasMccnrsnsncnePnasl.
1279 295 1400 369 Lnlt.

313 491 399 570 dum,
412 493 432 554 a
443 491 534 556 nobis
545 490 580 556 in
595 491 721 576 Hesper.
736 491 832 558 cantii
844 490 989 574 Poputns
1000 489 1066 554 lit.
1080 488 1111 554 2.
1124 500 1192 554 sect.
1206 489 1236 552 2.
1250 509 1317 572 cap.
1334 489 1384 553 17.
1394 490 1556 571 explosam
1565 487 1720 552 reducere
1730 507 1782 552 ve·

313 579 420 645 limus.
444 579 494 644 Ex
518 578 692 644 vocationis
716 581 739 646 b
762 579 902 644 muneris
926 579 975 642 sui
988 581 1146 662 potestate
1159 599 1196 642 ac
1211 577 1412 654 conscientia,
1426 579 1448 643 b
1461 599 1499 642 ex
1512 577 1650 642 Decreto
1663 574 1782 660 Synodi

313 667 534 734 Dordracenae
557 667 695 752 quilibet
718 668 807 734 verbi
829 666 978 732 Minister
999 667 1038 730 ad
1058 665 1321 730 catechizationes
1337 669 1480 742 tenetur:
1493 689 1556 731 non
1569 664 1678 730 minua
1690 687 1729 730 ac
1744 665 1781 728 ad

314 757 544 822 consolationes
557 755 760 835 afflictorum,
774 755 987 822 convictiones
1000 755 1185 834 errantium,
1202 753 1439 818 adhortationes
1452 755 1688 840 languentium,
1702 753 1781 816 visi-
1862 817 1864 822 .

312 845 450 911 tationes
471 845 612 910 fidelium
633 847 656 912 dr
676 845 883 928 familiarum,
900 845 955 927 pia
971 844 1008 909 de
1022 843 1116 908 rebus
1129 843 1228 908 sacris
1240 843 1381 928 alloquia
1393 845 1416 908 e
1428 843 1588 928 colloquia
1601 843 1719 927 quavis
1733 865 1781 907 oc·

313 934 438 1000 casione
463 933 629 1018 captanda.
653 931 685 999 N
687 956 727 999 on
751 937 877 999 tenetur
892 933 1064 1011 licentiam,
1078 933 1118 997 ad
1130 931 1258 1016 singula
1270 931 1349 995 haec
1361 930 1466 996 ol'licia
1478 931 1510 996 in
1523 931 1652 1014 scriptis
1669 935 1779 1015 petere

313 1025 336 1090 8:
360 1027 560 1107 exspectare:
582 1022 682 1088 voluti
694 1023 767 1088 laici
784 1023 816 1086 in
832 1021 957 1106 Papatn
970 1021 1010 1086 ad
1025 1021 1192 1086 lectionem
1205 1019 1399 1103 Scripturas,
1408 1020 1422 1103 j
1427 1023 1503 1084 uxta
1516 1022 1670 1104 apuam
1683 1041 1782 1106 quior-

313 1124 378 1178 lan:
393 1113 523 1178 Consilii
540 1112 716 1178 Tridentini
728 1112 762 1176 in
775 1111 875 1176 indice
890 1111 960 1177 libr.
972 1109 1109 1195 prohibit
1117 1133 1129 1186 ;
1141 1131 1237 1193 quam
1253 1113 1360 1172 tamen
1373 1109 1478 1176 sciunt
1489 1109 1551 1174 sibi
1564 1110 1605 1172 ab
1621 1108 1782 1192 Episcopo

313 1223 376 1265 :ron
388 1201 635 1266 concedendam:
651 1201 737 1285 quod
748 1200 937 1284 mysterium
953 1198 1104 1282 panditur
1116 1198 1150 1261 in
1161 1197 1381 1262 observatione
1393 1197 1526 1281 regulae
1539 1197 1588 1262 illi
1600 1203 1715 1282 postea
1727 1198 1781 1261 ad-

312 1290 389 1354 dita
402 1290 495 1355 Instat
509 1289 591 1354 forte
603 1288 686 1374 quis,
698 1289 845 1353 omuibus
861 1293 1002 1352 mentem
1014 1308 1111 1350 unam
1122 1307 1191 1350 esse
1203 1286 1329 1361 debere,
1342 1285 1607 1364 adlaborandum,
1617 1285 1782 1370 unoquasi

312 1378 445 1443 humero
466 1399 546 1442 onus
564 1377 625 1442 hoc
636 1377 860 1441 subeundum?
883 1379 974 1461 Reap.
987 1375 1032 1440 sic
1044 1374 1173 1460 quidem
1185 1373 1255 1438 fieri
1267 1374 1412 1438 debebat.
1437 1372 1500 1439 Sed
1515 1375 1639 1460 quodsi
1652 1375 1781 1458 aliquis,

313 1470 369 1532 aut
392 1466 492 1550 aliqui
516 1466 629 1546 nolint,
654 1469 710 1529 ant
731 1487 795 1530 non
810 1467 958 1544 audeant,
971 1468 1028 1528 aut
1039 1485 1103 1528 non
1114 1462 1248 1546 possint,
1261 1462 1328 1526 sive
1339 1485 1378 1527 ex
1395 1485 1499 1528 errore
1512 1465 1578 1529 sive
1590 1464 1631 1528 ob
1646 1463 1782 1546 impedi·

313 1559 421 1620 menta
437 1553 637 1638 temporalia,
652 1554 717 1618 sive
730 1553 770 1617 ob
784 1553 981 1632 eruditionis,
993 1550 1175 1631 memoriae,
1189 1550 1386 1628 elocutionis,
1399 1551 1636 1616 &dexteritatis
1649 1553 1684 1616 in
1698 1555 1782 1616 cate·

313 1643 476 1722 chinand0,
489 1643 555 1708 sive
567 1642 607 1707 ob
621 1639 816 1727 diligentiae,
830 1643 900 1721 aeli,
913 1643 980 1707 sive
992 1640 1162 1705 ob'virium
1174 1639 1314 1723 corporis
1327 1638 1500 1704 defectum:
1517 1663 1558 1704 an
1570 1641 1693 1705 nemini
1707 1661 1785 1724 ergo

313 1732 386 1796 aliis
398 1731 508 1797 licebit
520 1753 733 1816 praecurrere,
746 1728 802 1795 aut
814 1731 882 1796 sine
895 1731 934 1796 iis
948 1732 1098 1795 enuere?
1110 1750 1151 1793 an
1165 1728 1323 1794 stantibus
1337 1728 1360 1793 dt
1372 1729 1571 1794 cessantibus
1583 1729 1660 1807 illis,
1675 1751 1785 1794 cursus

314 1821 386 1886 ilico
407 1820 644 1904 abrumpendus
657 1820 743 1884 erit?
767 1817 849 1894 Quid
863 1819 890 1884 si
902 1820 967 1884 tale
983 1817 1060 1902 quid
1072 1821 1234 1882 statuatur
1248 1818 1288 1881 de
1303 1817 1416 1882 studiis
1430 1818 1579 1901 privatim
1592 1818 1785 1892 excolendis,

314 1909 352 1973 de
364 1909 465 1974 solida
477 1909 610 1974 scientia
625 1908 786 1992 spirituali
798 1908 945 1992 augenda
957 1909 980 1974 a
992 1908 1025 1971 in
1041 1907 1243 1970 concionibus
1256 1905 1359 1989 magis
1372 1906 1540 1990 magisque
1549 1907 1736 1982 exserenda,
1748 1907 1786 1969 de

313 1995 431 2074 δυνάμει
442 1995 627 2084 ἑρμηνευτικῇ
640 1997 822 2076 exercendi,
835 1998 873 2061 de
886 2001 1000 2061 sonora
1011 1995 1035 2059 b
1047 1994 1218 2058 flexamina
1231 2016 1305 2059 voce
1320 1993 1510 2072 adhibenda,
1522 1996 1560 2060 de
1569 2000 1723 2060 aocnrata
1731 1994 1784 2060 ad·

315 2085 525 2150 versariorum
538 2084 743 2163 convictione,
757 2085 794 2149 de
808 2085 934 2168 scriptis
950 2085 991 2148 ad
1006 2083 1218 2148 necessariam
1230 2079 1481 2148 aedificationem
1494 2083 1634 2161 edendiS,
1648 2085 1689 2148 de
1703 2083 1784 2148 veri-

314 2177 381 2240 tate
397 2194 470 2238 cum
484 2172 629 2252 παρῥησίᾳ
641 2173 828 2252 confitenda,
842 2175 880 2238 de
897 2172 1044 2257 diligenti
1057 2170 1260 2250 afflictorum,
1274 2171 1460 2250 errantium,
1475 2171 1656 2255 tepentium
1669 2173 1784 2236 visitu-

314 2261 401 2326 tione
421 2261 514 2346 [pag.
531 2261 613 2346 845]
633 2261 830 2346 &alloquim
847 2284 888 2326 au
908 2261 1026 2326 donum
1038 2260 1061 2325 ds
1072 2261 1242 2338 talentum,
1259 2259 1315 2345 qui
1328 2259 1425 2324 habet
1437 2259 1471 2323 in
1487 2265 1606 2338 terram
1619 2260 1785 2325 defodiet?
1867 2295 1869 2312 ι

315 2371 355 2412 an
365 2349 495 2413 'bonam
519 2348 725 2429 voluntatem,
737 2350 837 2414 bonos
850 2353 954 2415 motus
967 2349 1098 2432 spiritns
1111 2348 1272 2414 cohibebit
1282 2352 1297 2411 P
1309 2369 1349 2411 ne
1358 2348 1424 2412 scil.
1432 2349 1572 2434 aliquem
1580 2371 1621 2413 ex
1630 2348 1785 2414 fratribus
1868 2385 1869 2394 κ

315 2437 381 2500 suis
404 2438 438 2500 iu
461 2436 569 2521 aliquo
593 2437 738 2516 videatur
760 2459 974 2522 praecurrere.
999 2439 1059 2502 Dic
1072 2441 1135 2500 una
1151 2441 1257 2519 opera,
1270 2459 1333 2501 non
1346 2457 1415 2502 esse
1430 2437 1622 2501 currendum
1634 2437 1669 2502 in
1682 2437 1785 2502 stadio

315 2525 400 2590 inter
411 2547 520 2590 omnes
532 2529 705 2604 eumentes,
719 2527 795 2613 quia
806 2548 888 2591 unns
901 2531 1026 2591 tantum
1039 2526 1156 2610 accipit
1170 2526 1356 2608 praemium.
1370 2524 1491 2590 Taedet
1503 2527 1526 2592 b
1538 2525 1639 2609 pudet
1650 2549 1702 2591 mc
1713 2527 1785 2609 plu·

314 2614 403 2678 ribus
423 2613 652 2679 absurdissima
667 2615 746 2680 hoec
760 2615 899 2680 absurda
911 2614 1070 2700 persequi,
1083 2635 1165 2699 quae
1178 2614 1292 2678 ultima
1305 2611 1383 2678 haec
1399 2619 1488 2678 aetas
1500 2614 1587 2692 tulit,
1602 2615 1723 2700 quippe
1736 2636 1785 2677 rc·

315 2701 506 2786 ligionumtr
521 2708 670 2778 κωμικῶν
681 2700 843 2777 ἐπιθυμιῶν
858 2702 957 2779 ferax,
972 2701 1102 2786 pietatis
1122 2701 1251 2766 sterilis.
1276 2703 1433 2767 laetantia
1447 2702 1478 2766 2.
1503 2702 1606 2788 Atqui
1619 2703 1783 2787 potestati,

314 2789 428 2870 ordini,
448 2789 624 2864 directioni,
646 2791 669 2856 it
681 2791 830 2875 regimini
843 2789 1064 2856 Ministrorum
1075 2790 1099 2854 b
1110 2787 1259 2874 Syhedrii
1272 2790 1409 2876 quilibet
1425 2789 1575 2856 Minister
1587 2791 1621 2855 iu
1633 2791 1785 2856 exercitio

316 2877 486 2942 ministerii
497 2879 627 2944 subesse
640 2878 750 2944 debet:
764 2879 787 2944 h
801 2879 932 2962 spiritus
945 2879 1175 2963 prophetarum
1188 2877 1357 2961 Prophetis
1370 2879 1531 2962 subjectus
1543 2884 1604 2944 est.
1622 2883 1636 2944 l
1650 2881 1722 2946 Cor.
1733 2881 1782 2942 ll.

317 2967 406 3050 neap.
419 2966 465 3030 sic
477 2971 543 3031 est:
557 2966 612 3031 sed
624 2970 764 3050 potestas
777 2967 855 3032 haec
868 2968 1038 3052 collegiata
1050 2969 1099 3032 est
1111 2968 1316 3045 cumulatius,
1333 2989 1396 3032 nou
1409 2967 1578 3050 privativa,
1588 2971 1612 3035 n
1622 2991 1687 3032 non
1696 2990 1784 3032 exer·

316 3057 405 3117 cetur
427 3053 489 3117 nisi
511 3055 546 3118 in
568 3077 643 3119 casu
669 3056 773 3120 malae
796 3055 1100 3132 administrationis:
1125 3077 1183 3120 nec
1199 3055 1342 3120 extendit
1354 3078 1387 3120 se
1400 3056 1599 3141 edsingulos
1612 3055 1782 3122 ministerii

316 3145 406 3205 actus
422 3141 474 3205 hic
489 3143 609 3208 &nunc
620 3143 824 3220 exercendos:
842 3147 877 3208 ut
889 3167 946 3209 nec
957 3144 1122 3210 conciones
1134 3143 1311 3220 habendae,
1324 3144 1488 3229 &quidem
1501 3145 1541 3208 ad
1554 3144 1641 3209 hunc
1649 3150 1782 3220 textum,

316 3229 354 3293 de
368 3229 427 3296 hac
439 3231 581 3307 materiai,
593 3231 651 3295 tali
663 3231 825 3310 methodo,
843 3231 1030 3316 elocutione,
1043 3229 1173 3308 talibus,
1190 3233 1353 3308 doctrinis,
1367 3232 1489 3312 usibus,
1502 3233 1781 3316 applicationibus,

316 3317 525 3401 argumentis,
549 3319 679 3392 πάθεσι,
695 3319 998 3384 &illustrationibus
1010 3351 1017 3395 ;
1030 3342 1088 3384 nec
1100 3319 1208 3384 fideles
1222 3323 1244 3387 a
1260 3319 1403 3384 familiae
1418 3321 1449 3384 in
1466 3322 1523 3385 illa
1535 3321 1682 3386 Ecclesia
1692 3343 1783 3386 curae

317 3404 458 3470 Ministri
480 3405 650 3470 commissa
673 3406 867 3482 visitandae:
893 3431 949 3472 uec
973 3409 1066 3472 rudes
1078 3410 1146 3468 κατ’
1160 3399 1235 3468 οἶκον
1249 3409 1454 3473 instituendi:
1468 3432 1527 3474 nec
1542 3410 1661 3475 afflicti
1676 3431 1783 3476 consa

273 3573 276 3580 ⁴
317 3492 414 3572 laudi,
437 3515 496 3557 nec
517 3497 658 3558 errantes
675 3495 879 3560 convincendi
891 3519 899 3572 ;
915 3519 973 3561 uec
985 3496 1085 3582 aliqui
1099 3497 1265 3574 monendi:
1278 3519 1336 3563 nec
1348 3497 1409 3580 piis
1422 3499 1609 3584 alloquiis&
1621 3497 1784 3583 colloquiis

316 3581 415 3666 aliqui
439 3603 496 3664 pro
519 3604 554 3645 re
572 3586 648 3645 natat
660 3583 828 3662 excitandi,
842 3583 1051 3663 refocillandi,
1065 3584 1098 3647 in
1114 3607 1208 3648 cursu
1221 3585 1294 3648 fidei
1307 3588 1331 3652 b
1342 3585 1473 3669 pietatis
1485 3587 1711 3662 confirmandi:
1725 3609 1780 3650 nec

317 3690 425 3752 preces
438 3669 513 3733 dett
524 3669 685 3734 occasione
701 3671 819 3735 alicubi
834 3673 1074 3756 concipiendae:
1093 3673 1155 3736 nisi
1170 3673 1259 3756 prius
1271 3675 1433 3756 postulati
1446 3675 1469 3740 it
1480 3674 1595 3740 habita
1607 3677 1653 3740 ad'
1660 3677 1691 3739 id
1701 3673 1782 3758 Syn·

317 3756 396 3819 edrii
420 3757 559 3822 licentia.
582 3755 793 3822 Puerulorum
818 3763 866 3823 est
893 3764 912 3824 a
938 3761 1131 3846 quotidianis
1148 3759 1367 3844 Praeceptoris
1380 3762 1430 3827 sui
1442 3763 1574 3828 nutibus
1591 3766 1625 3828 in
1638 3763 1780 3838 sedendo,

317 3844 486 3928 surgendo,
509 3845 699 3910 lectionibus
721 3847 870 3930 praefixis
888 3848 1054 3925 discendis,
1071 3848 1277 3914 &recitandis
1291 3850 1554 3934 dependentium:
1568 3875 1633 3917 non
1647 3853 1780 3916 virounu

317 3930 389 4010 Dei,
401 3932 517 4016 quibus
529 3933 704 3997 antecessio
717 3935 752 3997 in
763 3935 860 4000 verbo
871 3938 894 4002 dr
905 3939 1053 4020 precihus
1069 3959 1126 4020 per
1139 3937 1318 4021 legitimam
1332 3941 1529 4004 vocationem
1541 3941 1709 4006 commissa
1722 3943 1780 4004 est.

320 4017 437 4084 Euenit
449 4020 629 4106 aliquando,
646 4025 683 4084 nt
694 4023 766 4106 quis
778 4022 959 4108 theologiae
973 4025 1141 4090 Studiosus
1153 4025 1300 4090 examine
1314 4027 1553 4110 praeparatoria
1570 4031 1655 4094 malt
1666 4028 1779 4092 delun-

318 4108 398 4184 ctus,
422 4107 455 4170 in
478 4111 672 4173 recoctorum
694 4111 718 4175 t
741 4111 945 4176 remissorum
968 4137 1024 4178 seu
1047 4113 1149 4176 uraris
1162 4114 1426 4180 remittendorum
1438 4116 1582 4181 ordinem
1596 4116 1780 4198 adscriptus,

319 4195 465 4291 teneatur
488 4196 653 4260 conciones
681 4219 754 4261 suas
778 4198 810 4262 iu
834 4200 960 4283 scriptis
972 4203 1061 4286 prius
1074 4201 1169 4265 alicui
1181 4200 1330 4266 Ministro
1342 4208 1399 4267 aut
1411 4203 1571 4270 Ministris
1584 4207 1624 4270 ad
1637 4206 1667 4269 id
1678 4204 1780 4287 depu-

319 4283 394 4377 tatis
418 4281 566 4364 legendas
589 4283 749 4364 exhibere,
774 4289 797 4350 t:
813 4289 949 4352 nonnisi
966 4289 1180 4374 intercedente
1193 4290 1281 4354 illius
1294 4297 1351 4356 aut
1366 4291 1494 4357 illorum
1508 4295 1639 4376 speciali
1655 4313 1779 4358 eonces-

334 4387 405 4428 1one
429 4369 553 4432 easdem
569 4391 674 4434 coram
690 4371 831 4435 Ecclesia
844 4376 961 4440 alicubi
974 4378 1190 4462 pronuntiare.
1215 4377 1276 4443 Sed
1289 4379 1354 4442 tale
1367 4381 1443 4466 qnid
1461 4380 1610 4448 Ministro
1622 4381 1696 4446 satis
1708 4401 1780 4463 pro-

1704 4468 1781 4530 bato
