3668 4856
7 289 11 376 l

265 316 378 388 Talon.
401 317 461 388 III.
485 319 533 388 De
555 321 762 389 Couvnnrrnos
783 341 819 386 nr
843 315 987 386 Coansse.
1012 317 1136 388 Eccuns.
1163 322 1233 388 Gir.
1258 320 1319 390 ΠΙ.
1388 361 1392 368 -
1464 319 1527 390 269
1637 319 1640 325 ’

82 535 144 578 mus
168 511 207 576 ad
217 512 376 597 majorem.
399 509 463 576 Per
474 508 579 574 officia
595 509 809 576 &vocationes
824 507 1050 593 intelliguntur
1072 520 1128 574 ool
1148 514 1237 574 actus
1253 507 1429 594 regiminis,
1443 533 1527 594 ¹quos

83 601 265 686 presbyteria
284 602 307 666 tn
330 599 482 665 ordinarii
497 602 710 663 antecessores
725 599 866 683 plurium
880 596 1096 662 Ecclesierum
1109 599 1303 682 conjunctim
1315 601 1338 665 tr
1350 600 1527 663 communi·

83 697 125 756 ter
145 695 285 755 exercent
297 689 363 753 sive
376 709 434 772 per
445 711 488 764 se,
502 688 568 752 sive
580 709 636 772 per
648 691 749 752 certos
761 687 934 772 delegatos,
947 686 1042 770 idque
1058 687 1090 751 vi
1106 686 1266 752 fraternae
1279 687 1529 752 confoederatio·

82 779 156 844 nisti
167 777 423 850 combinationis;
444 789 499 842 out
511 781 600 841 actus
611 776 788 862 regiminis,
801 798 881 859 quos
893 775 972 840 certi
983 774 1128 840 homines
1141 799 1238 860 supra
1249 776 1407 842 Ecclesiae
1421 778 1527 861 plures

83 868 231 948 constituti
252 865 412 931 ordinario
427 867 450 931 lt
464 869 619 950 perpetuo
631 868 787 941 exercent,
801 887 838 929 ex
853 864 883 928 vi
898 864 1076 929 ordinariae
1092 865 1226 949 alicujus
1240 864 1443 949 &peculiaris
1456 889 1528 950 per-

79 956 222 1021 manentis
244 954 422 1039 potestatis,
450 954 558 1032 officii,
586 954 704 1038 gradus
728 953 751 1018 tn
782 953 955 1018 vocationis
976 952 1226 1030 Ecclesiasticae,
1244 958 1528 1038 quae'apotcstate

78 1045 222 1110 ordinaria
237 1042 463 1120 Ecclesiarum,
477 1042 757 1128 presbyteriorum,
771 1045 794 1108 d
806 1047 1040 1107 autecessorum
1053 1041 1202 1108 distincta
1215 1043 1266 1108 sit.
1285 1042 1319 1107 Si
1331 1043 1420 1127 prius
1434 1043 1528 1108 intel·

79 1133 192 1218 litatum
204 1131 290 1219 Neg.
302 1133 419 1197 minor:
433 1133 482 1197 sin
494 1131 669 1215 posterius;
682 1130 862 1196 conceditur
874 1135 993 1208 totum3
1005 1130 1086 1195 nihil
1101 1132 1186 1196 enim
1198 1137 1308 1197 contra
1322 1155 1389 1197 nor.
1410 1133 1528 1218 Perpe-

78 1245 138 1287 ram
159 1244 232 1288 sane
251 1221 518 1307 praesupponitnr
537 1219 889 1306 autfingitur,110mina
902 1220 1061 1303 synodalis
1075 1221 1098 1284 tc
1111 1220 1234 1284 classici
1244 1222 1410 1304 praesidis,
1423 1223 1528 1287 eteocle-

77 1313 190 1392 miore,
212 1311 389 1389 namsaoria,
413 1311 558 1388 actuarii,
582 1310 730 1393 mutati,
743 1310 923 1387 calcatoria,
936 1310 1172 1387 reclamatoria,
1185 1311 1464 1394 correspondente,
1478 1314 1528 1377 tn.

79 1399 182 1468 inferre
204 1423 304 1466 novos
326 1399 447 1476 titulos,
471 1399 599 1484 gradus,
624 1402 679 1462 aut
697 1396 803 1462 officia
818 1397 1053 1462 Ecclesiastica.
1078 1395 1250 1483 Repugnat
1262 1399 1323 1463 hoc
1334 1399 1380 1464 rei
1394 1400 1529 1479 veritati,

79 1492 209 1556 &nostro
225 1488 350 1554 sensui:
371 1493 408 1554 ut
420 1489 532 1554 docent
543 1485 785 1552 constitutiones
800 1489 927 1552 nostrae
943 1486 1198 1568 Ecclesiasticae,
1212 1510 1293 1571 quae
1304 1488 1409 1552 nullos
1427 1511 1527 1573 agno-

79 1581 160 1644 scunt
169 1579 288 1665 gratim
300 1577 361 1642 nisi
374 1589 550 1662 postorum,
563 1576 747 1652 Doctorrun,
763 1577 934 1656 certiornec,
947 1576 1162 1642 diaconorum.

117 1666 173 1733 Sed
185 1669 284 1732 instet
311 1666 378 1732 uis.

119 1759 147 1822 l.
169 1690 496 1823 IrmluruilPeeuliares
508 1759 616 1819 tamen
632 1753 681 1817 illi
696 1752 795 1832 tituli,
812 1753 867 1836 qui
880 1753 1014 1820 subinde
1027 1754 1209 1834 audiuntur,
1224 1755 1369 1820 videntur
1382 1755 1446 1820 alia
1457 1755 1529 1820 offi-

80 1848 131 1926 cia,
154 1846 285 1912 &aliam
296 1849 487 1930 potestatem
503 1865 623 1908 sonare.
650 1843 741 1927 Hesp.
767 1841 840 1906 Non
854 1847 902 1907 est
917 1843 979 1908 nisi
996 1847 1126 1907 externa
1138 1843 1352 1909 denominatio
1369 1845 1529 1928 especiali

80 1936 177 2022 aliquo
199 1941 273 2000 actu
300 1937 464 2018 pastorum
488 1937 544 1998 aut
568 1932 740 2013 seniorum,
759 1953 822 1994 non
835 1935 919 1996 stato
931 1933 954 1998 tr
966 1935 1131 2015 perpetuo,
1145 1933 1199 1996 sed
1212 1937 1266 1997 aut
1278 1933 1462 1998 incidentali
1474 1939 1530 1998 ant

81 2025 262 2089 trmsitorio.
288 2023 388 2106 Atqui
415 2021 470 2086 ille
493 2042 557 2087 non
580 2020 683 2106 magis
707 2019 785 2084 facit
807 2043 924 2085 novum
946 2021 1081 2106 gradum
1097 2021 1316 2101 antofficium,
1333 2043 1429 2105 quam
1441 2027 1530 2088 aetus

81 2113 207 2178 ministri
223 2117 280 2177 aut
292 2111 425 2176 senioris
441 2111 475 2175 in
486 2115 611 2194 quaque
624 2109 799 2193 parochiali
811 2109 964 2189 Ecclesia,
974 2131 1045 2174 cum
1054 2110 1164 2174 visitat
1172 2110 1349 2175 membrum
1359 2111 1530 2192 Ecclesiae,

82 2209 131 2266 ant
151 2203 291 2266 mittitur
314 2200 354 2265 ad
379 2197 422 2265 N.
447 2200 498 2264 vel
511 2197 553 2264 N.
570 2201 606 2262 ut
618 2199 746 2262 nomine
763 2198 899 2282 synedrii
917 2199 1022 2282 ipsum
1039 2203 1176 2278 moneat,
1189 2199 1410 2283 reprehendat,
1424 2202 1530 2266 decre-

81 2295 141 2355 tum
167 2290 294 2375 aliquod
317 2290 355 2354 dc
383 2289 453 2373 ipso
471 2288 592 2353 factum
603 2287 653 2351 illi
664 2287 839 2367 denuntiet,
852 2288 902 2353 &a
916 2290 971 2351 ant
983 2309 1055 2352 cum
1067 2288 1206 2352 mittitur
1218 2289 1257 2352 ad
1272 2289 1409 2354 vicinam
1422 2289 1529 2355 Eccle-

82 2379 152 2446 siam
171 2381 209 2444 ad
232 2378 365 2444 consilia
381 2377 517 2462 petenda
532 2379 588 2440 ant
602 2376 716 2453 danda,
733 2379 872 2441 anteum
884 2377 1052 2462 ablegatur
1064 2377 1104 2442 ad
1115 2375 1343 2462 Magistratum
1356 2383 1392 2442 ut
1403 2380 1531 2444 nomine

83 2465 264 2534 Ecclesiae&
277 2467 416 2553 synedrii
427 2466 505 2550 quid
516 2469 615 2549 petat,
628 2469 767 2530 autenm
784 2469 934 2530 convocat
945 2465 1137 2549 synedrium,
1150 2466 1258 2550 ibique
1268 2467 1430 2550 praesidis,
1441 2473 1529 2534 actu-

82 2557 142 2636 arii,
168 2555 395 2622 examinatoris
413 2559 519 2639 partes
546 2555 625 2640 agit.
650 2552 685 2618 Si
705 2554 777 2638 quis
798 2553 872 2619 hinc
884 2555 1059 2638 peculiares
1072 2554 1195 2635 titulos,
1209 2559 1231 2622 tr
1243 2578 1282 2620 ex
1294 2556 1398 2621 titulis
1411 2559 1530 2642 gradus

82 2644 310 2711 Ecclesiasticus
332 2643 540 2729 exsculperet,
562 2665 612 2707 ex.
624 2665 672 2728 gr.
686 2643 840 2727 deputati,
857 2643 1071 2709 sollicitatoris
1084 2667 1141 2708 seu
1152 2645 1310 2728 petitoris,
1323 2646 1530 2711 moderatoris

82 2754 130 2799 sen
142 2735 304 2820 praecidis,
318 2733 495 2799 assistantis
504 2755 560 2798 seu
573 2731 781 2810 auxiliatoris,
794 2733 943 2811 censoris,
954 2733 1153 2813 consultoris,
1166 2734 1342 2813 monitoris,
1359 2735 1530 2818 reprehen-

84 2825 163 2903 soris,
187 2822 403 2901 consolatoris,
417 2821 742 2899 excommunicatoris,
759 2821 960 2901 austentoris,
974 2824 1024 2888 dc.
1039 2822 1149 2906 utique
1165 2822 1298 2887 heberet
1310 2827 1402 2888 autor
1413 2829 1532 2904 noster,

84 2911 223 2990 nifallor‚
240 2913 326 2997 quod
338 2910 552 2996 responderet.

121 3003 149 3064 2.
161 3004 291 3068 lmtunt.
300 2999 666 3065 Aliudtamenvidentur
679 3019 747 3063 esse
755 2997 871 3064 classes
881 3003 937 3064 aut
946 2999 1057 3084 synodi
1065 3021 1161 3083 quam
1169 3001 1339 3080 Ecclesiae,
1350 3002 1441 3088 [pag.
1453 3001 1531 3087 145]

85 3089 277 3174 &peculiaria
285 3113 321 3154 ac
334 3089 483 3154 distincta
495 3087 612 3153 inferre
627 3087 743 3152 officie.
757 3089 845 3172 Hesp.
859 3085 952 3152 Nihil
963 3088 1049 3153 aliud
1065 3093 1140 3153 sunt
1153 3112 1249 3173 quam
1261 3091 1463 3156 immediatae
1476 3114 1533 3177 age

85 3176 805 3264 gregatiouestccombinationcsparticularium
814 3177 1532 3264 Ecclesiamm&synedriorum,siquidemipsa

85 3265 199 3354 integra
221 3267 427 3334 conveniant:
453 3269 509 3332 aut
523 3265 769 3351 aggregationes
785 3266 1055 3349 &conjunctiones
1069 3267 1239 3332 earundem
1251 3269 1419 3348 mediatae,
1432 3269 1532 3352 siqui-

86 3354 146 3421 dem
167 3359 200 3422 in
217 3357 312 3423 certis
327 3355 483 3441 delegatis
499 3355 564 3420 suia
580 3357 671 3439 &per
684 3354 846 3439 delegatos
859 3377 931 3419 suos
944 3356 1140 3440 conveniant,
1155 3358 1177 3422 tr
1194 3360 1281 3420 actus
1294 3357 1532 3423 Ecclesiasticus

86 3451 257 3511 exerceant:
267 3447 336 3531 jam
348 3449 422 3509 vero
433 3444 589 3526 quomodo
601 3442 744 3508 Ecclesia
757 3442 918 3525 quaelibet
931 3445 1094 3508 seorsim&
1106 3445 1139 3507 in
1152 3467 1209 3510 suo
1221 3452 1378 3511 conventu
1391 3448 1532 3512 conside-

84 3539 145 3599 rata
159 3537 181 3602 lc
193 3536 239 3600 sic
250 3533 394 3618 repp'men
406 3555 563 3608 exercens,
577 3531 703 3596 differat
716 3533 928 3596 essentialiter
940 3535 963 3599 t
975 3533 1145 3597 intrinsece
1155 3537 1173 3596 a
1185 3535 1289 3618 seipsa
1301 3535 1334 3599 in
1347 3536 1530 3600 collectione

85 3642 147 3688 cunr
168 3625 240 3689 aliia
263 3623 414 3688 Ecclesiis
437 3621 634 3688 considerata
660 3620 684 3686 a
705 3620 814 3685 eadem
827 3626 885 3685 sua
896 3626 1053 3704 potestate
1066 3624 1209 3707 regimen
1222 3647 1378 3703 exercens
1392 3646 1452 3708 ego
1467 3647 1530 3688 non

85 3711 173 3778 rideo.
198 3712 306 3778 Velim
325 3715 418 3776 antor
436 3715 554 3788 noster,
574 3715 630 3774 aut
649 3709 829 3794 quicunqne
850 3710 931 3774 alius
951 3710 1115 3776 nobishoc
1132 3713 1277 3795 explicet.
1303 3713 1531 3778 Diversitatem

84 3807 234 3867 respectus
255 3805 278 3868 lc
299 3801 386 3866 modi
404 3800 438 3864 in
458 3823 518 3864 usn
536 3802 560 3865 tr
582 3798 732 3864 exercitio
747 3804 920 3894 perpetpae
936 3800 1103 3882 potestatis
1115 3822 1201 3880 suae,
1214 3802 1304 3866 video
1317 3802 1455 3885 quidem,
1468 3825 1531 3868 non

85 3909 95 3950 r
150 3913 180 3956 “i
193 3913 240 3956 rer
255 3913 366 3975 ipsius.

179 3981 306 4046 lactant.
328 3979 431 4063 Atqui
453 3977 600 4043 videntur
615 3981 700 4042 state
712 3981 735 4045 a
747 3980 900 4062 perpetua
916 3999 984 4041 esse
996 3977 1101 4043 officia
1114 4000 1162 4042 ex.
1175 3999 1223 4063 gr.
1240 3979 1451 4057 visitatorum,
1466 3979 1531 4045 De-

84 4085 95 4148 }
154 4091 274 4152 urum;
294 4089 467 4152 eorumque
491 4067 625 4151 collegia
644 4069 668 4132 tc
680 4072 852 4132 conventus
865 4067 1017 4150 peculiari
1030 4071 1187 4150 potestate
1203 4070 1226 4134 tr
1238 4065 1408 4134 autoritate
1420 4069 1531 4134 Eccle-

84 4177 95 4218 s
147 4157 199 4224 tica
211 4158 376 4224 instructa.
399 4157 490 4241 Reap.
511 4159 538 4220 l.
555 4154 640 4220 Fieri
651 4160 767 4239 potest,
781 4160 817 4220 ut
829 4155 973 4220 executio
985 4156 1091 4237 aliqua
1103 4156 1232 4235 ordinis,
1250 4162 1306 4222 aut
1318 4158 1448 4240 aliquod
1459 4181 1532 4242 par·

85 4247 95 4303 t
155 4269 204 4312 are
224 4248 347 4312 factum
365 4247 399 4309 in
418 4246 528 4330 Belgio
547 4249 656 4310 nostro
676 4245 773 4329 (quod
793 4245 874 4308 forte
887 4243 991 4308 autori
1003 4244 1077 4308 huic
1089 4245 1288 4329 obversatur)
1301 4247 1438 4330 speciem
1453 4249 1531 4329 ejus,

85 4354 95 4414 ς
176 4337 334 4420 objicitur,
348 4357 425 4420 prae
437 4357 470 4399 se
481 4334 601 4398 tulerit.
626 4331 688 4398 Sed
700 4333 817 4397 abusus
829 4354 892 4397 uon
906 4338 954 4397 est
966 4334 1053 4410 ordo,
1071 4355 1127 4396 nec
1140 4333 1261 4398 factum
1277 4336 1470 4419 particulare
1484 4346 1533 4400 est

85 4420 95 4483 l
155 4423 370 4490 Ecclesiastica
393 4423 477 4508 apud
497 4445 572 4501 nos3
592 4423 707 4487 nedum
728 4425 764 4486 ut
785 4422 850 4486 tale
871 4421 947 4504 quid
967 4421 1010 4486 sit
1029 4423 1068 4486 de
1084 4423 1221 4486 essentia
1237 4424 1532 4506 correspondentiae

1451 4513 1532 4575 clas-
