3766 4866
329 253 392 316 338
717 249 879 314 Pomricss
907 249 1157 314 Eoonnsmsrican
1182 249 1262 314 Pras
1287 249 1312 314 I.
1337 249 1403 316 Ins.
1428 250 1472 316 Il.

328 441 398 524 ipso
421 437 550 522 Muphti
572 459 629 501 seu
644 435 733 520 Papa
744 433 1001 503 Muhammedico
1013 436 1062 500 illi
1078 436 1138 501 hoc
1150 441 1352 522 suggerente.
1366 436 1560 522 Exemplum
1569 436 1678 502 datum
1692 437 1758 502 suit
1769 438 1799 502 in

328 525 516 592 Patriarcha
538 525 669 610 Cyrillo,
682 526 766 610 quod
778 525 971 609 descriptum
983 525 1083 592 habes
1100 527 1134 590 ia
1147 527 1301 612 Mystcri'ia
1316 527 1453 592 Petrum
1477 527 1673 591 lesiiitarron
1686 527 1798 592 editio·
1853 575 1855 600 ,

328 616 378 682 nis
401 616 565 681 secundae.
590 613 695 678 Maria
708 613 846 699 Angliae
854 613 981 700 Regina
994 613 1126 679 Petruni
1139 613 1311 698 Martyrem
1327 615 1494 698 suppliciis
1503 614 1617 680 iisdem
1629 616 1670 680 ob
1684 616 1798 680 doctri·

1853 603 1855 688 l

328 727 402 770 narn
415 703 645 805 nonnsubjecit,
667 703 785 804 uiribus
797 703 876 767 alios
890 701 1070 804 Theologos
1084 705 1288 780 reformatam
1301 704 1357 768 sed
1373 703 1476 804 literis
1487 703 1554 768 suis
1570 703 1651 768 salvi
1662 705 1798 769 conduc·
1853 697 1855 812 l

327 798 380 858 tus
407 797 565 858 munitum
599 791 737 856 dimisit:
763 792 848 876 quod
871 795 889 856 a
911 792 1039 875 publica
1054 797 1213 876 potestate
1237 796 1314 858 tunc
1332 792 1509 870 obtinente,
1534 792 1593 857 hoc
1605 791 1798 879 estaRege
1853 815 1855 882 ᾗ

1853 885 1855 976 l

329 883 477 948 Eduardo
500 879 557 945 VI.
583 879 739 946 Oxouiuin
765 881 803 944 ad
824 879 869 944 sic
890 881 1064 945 docendum
1088 884 1235 946 evocatus
1260 881 1318 946 &a
1336 879 1457 945 Senatu
1481 879 1797 966 Argentoratensieo

329 972 444 1036 missus
457 974 549 1036 esset.
573 969 622 1035 De
639 991 701 1053 quo
713 967 900 1034 videVr'tanr
920 970 1080 1055 illartyrds.

372 1059 413 1124 V.
440 1066 560 1133 (tumst.
590 1060 702 1124 uirum
726 1058 876 1124 totiassii
895 1059 938 1122 uit
949 1060 1252 1124 casuscorrscientiac
1263 1059 1439 1144 propositos
1451 1061 1521 1125 oica
1531 1079 1611 1136 voce,
1624 1081 1668 1124 aa
1683 1061 1797 1145 scri'pto
1853 1059 1855 1102 l

327 1147 539 1234 respondere?
563 1149 653 1230 Hesp.
676 1149 826 1211 neutrum
849 1169 906 1230 per
917 1147 1061 1212 accidens
1076 1147 1274 1212 infirmitatis
1298 1151 1354 1212 aut
1366 1147 1509 1214 malitiae
1522 1147 1693 1228 humanae,
1709 1153 1795 1214 caret

328 1237 394 1303 suis
413 1236 630 1302 incommodis.
655 1233 691 1300 si
714 1237 753 1300 ad
765 1237 996 1319 privatorum&
1011 1242 1069 1294 τῶν
1079 1235 1232 1316 τυχόντων
1243 1236 1432 1302 deEcclesid
1444 1259 1519 1301 casu
1531 1237 1649 1321 scripto
1664 1259 1795 1322 respon·
1854 1275 1855 1286 ι

327 1326 392 1405 des,
412 1327 481 1410 jam
505 1325 533 1389 si
553 1324 635 1390 forte
660 1323 692 1388 in
707 1325 815 1408 aliquo
828 1324 878 1388 vel
891 1323 1023 1388 minimo
1040 1324 1128 1408 apice
1142 1325 1182 1389 ab
1195 1325 1338 1408 ipsorum
1354 1328 1485 1392 sensu&
1502 1331 1585 1401 roto,
1598 1331 1656 1390 aut
1667 1327 1709 1390 ab
1723 1327 1793 1390 eliis

327 1413 484 1479 Ministris
509 1413 661 1478 dissidere
673 1412 751 1497 ipsis
763 1413 931 1492 videberis
946 1413 1113 1478 schedulas
1127 1413 1200 1477 illas
1209 1437 1281 1478 cum
1290 1415 1406 1500 glossis
1419 1415 1621 1499 ignorantiae
1633 1419 1691 1479 aut
1703 1415 1793 1480 mali·

1853 1103 1855 1152 l

1853 1173 1855 1228 l

1853 1229 1855 1274 l

327 1504 393 1568 tiae
412 1525 487 1568 suae
499 1506 657 1587 spargunt
669 1502 753 1565 inter
765 1501 893 1580 amicos,
909 1500 1064 1580 inimicos,
1089 1501 1190 1586 iisque
1203 1503 1308 1568 nescio
1321 1503 1449 1586 adquas
1458 1502 1663 1586 suspiciones,
1673 1511 1796 1568 oenten-
1854 1535 1855 1572 i

328 1592 442 1672 tiones,
455 1591 683 1656 aemulationes
695 1590 897 1655 concitandas
913 1591 1105 1656 abutuntur:
1120 1591 1214 1654 sicuti
1226 1592 1259 1655 in
1274 1592 1418 1656 Ecclesia
1430 1590 1634 1656 Corinthiacis
1649 1593 1665 1656 l
1685 1591 1755 1660 Cur.
1768 1595 1795 1656 3.

329 1679 411 1745 alius
431 1680 557 1746 dicebat
579 1701 613 1744 se
625 1701 693 1744 esse
704 1678 808 1758 Pauli,
827 1681 877 1745 &a
902 1677 959 1743 sin
982 1684 1054 1744 viva
1067 1701 1140 1744 voce
1148 1681 1329 1764 respondes,
1345 1681 1553 1745 metuendum
1565 1685 1613 1746 est
1625 1703 1666 1746 ne
1679 1704 1735 1761 per
1747 1683 1793 1747 iu·
1854 1721 1855 1754 i

329 1769 426 1855 genii,
451 1773 507 1834 aut
525 1767 709 1847 memoriae,
722 1771 778 1831 aut
787 1767 909 1852 judicii,
919 1771 976 1832 aut
987 1767 1179 1833 sinceritatis
1192 1769 1360 1849 defectum,
1375 1770 1458 1833 male
1471 1769 1660 1854 percipiant,
1677 1771 1796 1835 &male

328 1857 486 1923 referant:
501 1880 527 1922 e.
540 1879 588 1944 gr.
603 1857 688 1921 dicta
704 1857 876 1921 secundum
888 1856 973 1938 quid,
986 1861 1139 1940 tanquam
1152 1856 1449 1942 dictasimpliciter3
1471 1857 1556 1922 dicta
1570 1860 1797 1942 consequentia
1854 1863 1855 1944 j

328 1969 386 2031 per
402 1946 556 2025 accidens,
576 1951 729 2030 tanquam
750 1946 862 2010 effecta
878 1967 935 2028 per
946 1967 1000 2020 se;
1018 1945 1102 2010 dicta
1114 1945 1339 2025 conditionata,
1352 1950 1506 2032 tanquam
1519 1947 1668 2012 absoluta
1678 1948 1704 2013 ἃ
1715 1953 1797 2014 cate·
1853 1947 1855 2004 l

329 2036 456 2120 gorica;
487 2057 613 2101 suasam
634 2034 711 2098 mali
738 2034 872 2118 alicujus
883 2033 1099 2114 tolerantiam,
1113 2039 1266 2116 tunquam
1277 2036 1419 2120 ejusdem
1431 2035 1698 2120 approbationem
1711 2061 1720 2116 3
1733 2036 1795 2101 fuc-

329 2129 399 2189 tum
426 2128 482 2188 aut
501 2125 621 2189 dictum
633 2123 773 2187 alienum
790 2126 852 2187 lite
863 2122 1014 2187 historice
1026 2128 1097 2188 tum
1108 2123 1255 2202 relatum,
1268 2128 1422 2208 tauquam
1434 2128 1526 2188 tuum
1539 2149 1547 2200 ς
1570 2131 1794 2210 argumentum
1854 2169 1855 2212 3

329 2215 397 2273 κατ’
407 2213 565 2286 ἄνθρωπον
577 2234 634 2276 seu
657 2211 697 2275 ad
720 2211 882 2276 hominem
907 2213 972 2276 ate
996 2213 1177 2290 adductum,
1190 2215 1343 2296 tauquam
1359 2212 1523 2288 directum,
1538 2213 1630 2300 [pag.
1644 2214 1727 2299 906]
1744 2237 1796 2299 per
1854 2215 1855 2280 l

330 2323 362 2364 se
377 2321 486 2364 verum
499 2300 522 2364 a
534 2299 687 2376 solidum;
700 2299 892 2384 imperativo
907 2300 1012 2380 niodo,
1033 2306 1088 2365 aut
1100 2301 1208 2365 futuro
1220 2301 1334 2366 tertiae
1349 2323 1503 2386 personae
1515 2301 1639 2386 aliquid
1651 2303 1794 2367 enuntia·

329 2393 409 2468 tuin,
423 2392 459 2451 ut
472 2410 498 2452 e.
511 2409 559 2473 gr.
569 2389 716 2454 destruite
727 2391 877 2472 ternplum
890 2388 946 2453 hoc
957 2387 1031 2454 Joh.
1046 2393 1074 2454 2.
1089 2389 1163 2454 falsi
1175 2393 1272 2455 testes
1295 2390 1342 2455 ita
1357 2389 1545 2455 mutabant:
1569 2411 1623 2475 epo
1636 2392 1792 2457 destruam

330 2479 481 2562 temptam
492 2477 549 2542 boc
559 2475 677 2542 Matth.
691 2477 743 2541 26.
768 2476 858 2542 Adde
874 2477 1031 2561 imprimis
1045 2479 1129 2543 hunc
1141 2478 1207 2544 sive
1218 2479 1439 2562 imperitorum
1451 2479 1518 2544 sive
1530 2479 1793 2544 calumniatorum

330 2565 507 2645 elenchum,
522 2567 605 2650 quod
621 2566 747 2650 quando
759 2565 829 2648 quis
847 2580 1037 2650 argumento
1054 2571 1072 2631 a
1085 2568 1382 2650 consequentibus&
1394 2568 1572 2633 metuendis
1587 2569 1715 2652 judiciis
1726 2569 1791 2644 Dei,
1854 2613 1855 2636 i

329 2654 400 2740 (qui
411 2677 506 2739 saepe
520 2659 649 2738 peccata
660 2655 796 2738 peccatis
807 2655 914 2739 punit)
931 2655 1075 2720 desumto
1088 2660 1252 2740 peccatum
1269 2660 1324 2720 aut
1337 2661 1466 2740 peccata
1479 2657 1664 2722 dissuadere
1680 2657 1789 2734 studet,

329 2742 378 2806 illi
390 2743 547 2826 accipiant
559 2744 651 2828 quasi
660 2748 789 2828 peccata
801 2742 967 2828 punientia
980 2743 1051 2822 Dei,
1074 2743 1238 2830 Theologo
1247 2745 1430 2828 judicentur
1445 2747 1468 2811 a
1486 2745 1634 2810 dieantur
1647 2747 1734 2811 licita
1745 2767 1789 2809 re·
1854 2797 1855 2816 2

330 2835 439 2916 spectu
462 2831 627 2896 homiuum
650 2832 919 2917 perpetrantium:
946 2837 1002 2898 aut
1028 2833 1120 2919 quasi
1140 2832 1286 2897 Oasuista
1294 2839 1447 2917 tauquam
1459 2833 1623 2918 Propheta
1633 2835 1691 2900 illa
1701 2857 1788 2898 eren·
1854 2835 1855 2844 ’

329 2924 402 2984 tura
414 2920 620 3003 praediceret,
634 2943 670 2985 ac
682 2920 930 2986 comminaretur
941 2932 1003 2990 τοῖς
1013 2921 1107 2986 serus:
1126 2925 1182 2986 aut
1199 2922 1290 3007 quasi
1304 2922 1432 2987 illorum
1445 2927 1650 3006 peccatorum
1662 2923 1786 3007 punien-

330 3008 413 3072 tium
425 3008 465 3074 ab
485 3008 639 3093 improbis
651 3009 834 3074 homiuibus
846 3009 963 3094 injuste
976 3012 999 3076 a
1011 3010 1049 3075 de
1061 3010 1146 3075 facto
1159 3014 1391 3095 conceptorum,
1405 3014 1428 3077 tr
1444 3011 1547 3075 multo
1560 3011 1710 3095 injustius
1722 3033 1785 3074 exe·

331 3097 537 3184 quendorum,
554 3097 620 3162 sive
640 3101 749 3162 contra
761 3097 913 3182 privatos,
933 3098 999 3164 sive
1012 3103 1121 3164 contra
1135 3098 1311 3164 Ecclesiam
1324 3098 1552 3179 autPolitiam,
1564 3100 1635 3183 ipse
1650 3100 1785 3166 Casuista

330 3185 472 3251 conscius
496 3190 588 3266 esset,
616 3189 887 3271 &consequenter
910 3187 1096 3252 criminibus
1118 3187 1182 3253 illis
1206 3187 1423 3272 participaret,
1437 3209 1595 3273 quaenon
1608 3189 1786 3254 deteritaut

330 3273 505 3359 praevenit.
530 3273 628 3351 Quasi
653 3274 721 3340 scil.
736 3275 869 3340 dixisset
889 3275 942 3340 hic
953 3278 976 3342 a
988 3299 1072 3340 nunc
1081 3277 1146 3341 tale
1159 3276 1235 3360 quid
1247 3276 1331 3342 fore:
1347 3299 1418 3341 cuin
1431 3277 1534 3340 solum
1544 3277 1674 3358 diceret,
1694 3277 1784 3342 solere

330 3361 434 3426 Deum
457 3362 536 3427 talia
559 3368 688 3447 peecata
711 3363 830 3428 talibus
855 3364 978 3448 indiciis
991 3364 1167 3429 vindicare:
1182 3365 1274 3449 quasi
1286 3366 1382 3431 etiam
1395 3365 1451 3430 illa
1463 3370 1575 3449 optare
1587 3388 1621 3430 se
1635 3371 1691 3431 aut
1702 3371 1720 3430 a
1731 3364 1784 3450 piis

330 3451 469 3535 optanda
490 3451 618 3532 diceret,
643 3453 698 3535 qui
720 3451 797 3517 dicit
819 3475 858 3517 ex
878 3455 1008 3518 monitis
1028 3454 1217 3537 &exemplis
1230 3452 1412 3538 Scripturas
1424 3476 1458 3519 se
1470 3455 1535 3518 tale
1552 3454 1630 3538 quid
1642 3458 1783 3529 metuere,
1854 3461 1855 3466 ’

330 3544 387 3604 aut
414 3540 479 3604 tale
504 3539 581 3624 quid
594 3541 799 3606 metuendum
816 3563 901 3606 esse:
918 3542 1011 3627 quasi
1026 3543 1081 3628 qui
1102 3543 1201 3607 refert
1214 3544 1236 3608 dt
1249 3543 1364 3626 probat
1375 3543 1593 3626 providentiae
1606 3543 1729 3608 divinae
1738 3543 1785 3626 ju-

330 3628 451 3693 stitiam
474 3630 498 3694 dr
521 3628 706 3707 efficaciam,
731 3633 862 3714 peccata
875 3629 1040 3695 hominum
1053 3631 1269 3715 improborum
1283 3631 1364 3716 (sine
1376 3631 1492 3715 quibus
1509 3629 1597 3697 Deus
1609 3632 1785 3716 plerumque
1853 3649 1855 3678 ¹

326 3716 486 3798 justitiam
514 3717 537 3782 b
562 3716 734 3781 vindictam
758 3739 820 3782 non
845 3721 983 3803 exercet)
1006 3720 1174 3803 probaret3
1199 3722 1222 3786 a
1241 3723 1348 3785 textus
1368 3720 1440 3786 illos
1449 3721 1527 3786 lesa.
1548 3721 1599 3784 io.
1616 3743 1645 3784 a.
1660 3718 1786 3783 5-sa

329 3805 415 3870 Son.
437 3805 485 3869 Ι2.
501 3827 527 3871 υ.
543 3807 594 3870 12.
610 3808 716 3872 Graes.
731 3807 772 3868 50
785 3829 813 3872 υ.
828 3808 879 3871 20.
893 3809 966 3874 Luc.
982 3810 1034 3873 22.
1047 3831 1075 3872 o.
1089 3810 1142 3874 22.
1159 3808 1286 3894 aliaque
1305 3809 1346 3872 ad
1368 3808 1613 3893 explicationem
1627 3808 1786 3893 providen-

329 3893 394 3957 tiae
417 3893 543 3959 divinae
566 3895 649 3959 circa
669 3896 790 3960 malum
813 3896 985 3980 ignoraret.
1010 3897 1071 3962 nst
1090 3897 1207 3964 &alius
1220 3897 1441 3982 imperitorum
1455 3901 1511 3962 aut
1526 3898 1785 3964 contentiosarum

330 3981 489 4062 elenchus,
504 3983 588 4066 quod
606 4006 678 4048 cum
701 3983 848 4049 Oasuista
867 3990 923 4051 aut
942 3986 1151 4051 Concionator
1162 3986 1196 4050 in
1211 3985 1295 4051 thesi
1307 3987 1438 4051 detonat
1449 3992 1559 4051 contra
1570 3984 1785 4070 peccataqu-

331 4069 389 4132 bus
412 4091 450 4133 ea
472 4071 710 4152 characterizet,
731 4096 768 4137 ea
781 4073 978 4156 accipiantur
990 4098 1047 4159 per
1058 4075 1197 4140 mentale
1210 4075 1349 4160 ipsorum
1368 4080 1586 4140 assumentum
1599 4079 1655 4139 aut
1666 4073 1785 4158 supple·

329 4161 482 4238 mentum,
495 4160 602 4246 (quale
615 4161 785 4244 aliquando
797 4165 952 4246 tanquam
964 4163 1197 4238 καρδιογνῶσται
1212 4163 1246 4226 in
1258 4164 1358 4248 ipsius
1377 4163 1510 4228 dicentis
1522 4169 1629 4228 mente
1642 4163 1745 4226 videre
1755 4183 1784 4222 se

328 4246 469 4330 putant),
490 4249 581 4332 quasi
608 4249 784 4314 declamata
808 4251 840 4314 in
861 4251 1030 4336 hypothesi
1043 4257 1153 4316 contra
1173 4251 1295 4316 Titium
1316 4257 1372 4316 aut
1384 4251 1577 4317 Maeviumb
1594 4257 1720 4336 peccdo
1732 4249 1783 4312 tali
1854 4257 1855 4260 ’

329 4333 411 4397 forte
434 4354 497 4398 non
514 4336 697 4402 immunem.
722 4338 867 4424 Denique
881 4342 964 4424 qiiod
977 4365 1047 4405 cuni
1062 4341 1137 4426 quid
1154 4340 1291 4405 refertur
1306 4341 1343 4404 de
1357 4341 1555 4426 quorundam
1569 4364 1606 4404 ex
1619 4337 1783 4422 Scripturis

1731 4433 1780 4488 uut
