3766 4866
295 317 359 379 312
701 315 860 380 Poenicis
877 315 1124 379 Euenusnsncna
1152 311 1229 377 Pius
1243 311 1267 378 Ι.
1292 310 1356 377 Liu.
1370 309 1411 376 ll.

164 553 168 562 .
298 501 474 568 Facultatis
486 502 685 588 theologicae
701 501 864 587 suffragiis
876 497 1042 567 consilium
1055 501 1221 564 formatur.
1246 500 1294 565 De
1314 501 1395 584 jure,
1416 500 1454 563 de
1475 499 1588 576 lorini,
1602 499 1640 562 de
1653 498 1764 563 ordine

298 593 518 657 habendorum
543 595 764 666 conventuum,
793 591 816 656 it
846 590 1041 675 agendorum
1067 589 1100 653 in
1128 589 1178 669 iis,
1202 589 1291 673 insin
1320 590 1409 656 Part.
1443 589 1474 650 2.
1499 587 1665 652 dicendum
1694 587 1764 651 erit.

299 682 415 746 Exstat
434 684 526 745 tract.
554 679 731 744 cardinalis
759 678 897 744 Paleotti
925 679 962 742 de
987 676 1476 744 consultationibus·consistorii.
1502 675 1715 741 Revertamur
1726 676 1765 739 ad

300 770 493 834 institutum.
519 768 693 834 Consilium
705 767 923 853 theologicum
939 768 962 832 s
975 767 1221 832 ecclesiasticum
1234 771 1282 831 est
1293 766 1344 832 vel
1356 767 1394 830 de
1405 764 1586 830 intrinsecis
1598 767 1621 831 s
1632 764 1765 850 spiritu·
1869 797 1870 800 ¹

300 858 404 922 alibus
427 856 467 920 ab
491 862 529 922 ee
544 856 672 941 proprie
692 855 824 941 agendis
837 855 1077 941 &exequendis:
1095 857 1145 919 vel
1162 855 1200 920 de
1218 856 1412 933 extrinsecis,
1428 877 1510 938 quae
1523 854 1563 918 ab
1576 853 1648 918 aliis
1660 853 1694 917 in
1708 853 1768 917 hoc

300 946 438 1022 saeculo,
451 967 547 1029 penes
561 966 639 1029 quos
649 949 791 1028 potestas
804 947 827 1012 lt
839 945 992 1029 potentia,
1006 945 1060 1030 agi
1072 944 1176 1009 solent
1187 948 1243 1009 aut
1254 945 1386 1008 debent:
1399 965 1462 1007 non
1479 942 1519 1006 ab
1532 942 1600 1026 ipsis
1612 942 1766 1016 Ecclesia,

300 1039 357 1100 aut
383 1035 424 1098 ab
450 1034 670 1099 ecclesiasticis
683 1037 747 1117 quii
758 1033 878 1098 talibus
889 1057 896 1109 ;
910 1034 964 1098 sed
975 1037 1101 1097 tantum
1113 1032 1190 1117 peti,
1203 1037 1240 1097 ut
1252 1037 1398 1120 agantur.
1422 1031 1667 1097 Distinctionem
1679 1031 1768 1106 ‚hanc

301 1125 390 1208 iufra
405 1123 468 1189 cit.
483 1123 515 1188 4.
529 1123 623 1188 tilde
639 1122 874 1207 Teuipcralibus
886 1123 1035 1188 Ecclesiae
1046 1121 1233 1206 explicatam
1248 1123 1329 1187 vide.
1353 1120 1519 1185 Deliberat
1541 1141 1616 1204 erga
1629 1123 1651 1186 tr
1664 1118 1769 1184 consi·

301 1213 380 1277 lium
409 1211 468 1276 init
491 1211 643 1290 Ecclesia,
660 1217 716 1275 aut
728 1211 799 1275 aliis
812 1211 979 1276 consilium
990 1211 1145 1296 suggerit,
1163 1211 1201 1275 de
1217 1211 1335 1276 talibus
1346 1207 1400 1274 hic
1412 1211 1435 1275 lt
1447 1208 1696 1293 nuncpeteudis,
1714 1231 1770 1272 nec

301 1323 359 1376 ne;
376 1301 478 1383 deque
502 1300 594 1365 modo
618 1299 792 1382 petitionis.
817 1299 992 1364 Consilium
1014 1299 1244 1384 theologicum,
1264 1298 1302 1364 de
1314 1297 1766 1381 intrinsecistnspiritualibus

303 1390 343 1454 ab
355 1389 423 1473 ipss
439 1388 591 1466 Ecclesia,
605 1397 661 1453 aut
673 1388 758 1452 fideli
770 1388 914 1472 quolibet
927 1386 1059 1472 agendis
1072 1410 1110 1452 ex
1123 1388 1246 1472 objecto
1262 1387 1410 1453 distribui
1422 1391 1538 1471 potest,
1556 1385 1590 1449 in
1603 1385 1769 1470 theologi·

304 1499 375 1543 cum
403 1476 602 1542 strictissime
627 1475 746 1541 dictum
769 1497 968 1541 communem
991 1476 1175 1560 quorumvis
1187 1477 1322 1541 salutem
1336 1497 1542 1541 concernens:
1557 1474 1625 1539 &in
1639 1473 1770 1558 prlitico

304 1565 551 1632 ecclesiasticum
580 1565 663 1629 circa
686 1565 830 1650 regimen
854 1564 1015 1630 Ecclesiae
1035 1565 1214 1644 institutae,
1242 1565 1393 1650 peculiari
1420 1564 1543 1629 ratione
1567 1563 1770 1648 prudentiam

304 1659 538 1719 antecessorum
563 1675 761 1719 concernens.
791 1651 968 1737 Utrumque
985 1657 1033 1718 est
1045 1654 1093 1718 vel
1106 1654 1253 1737 simplex,
1269 1655 1319 1718 vel
1332 1653 1532 1737 complexum
1545 1674 1601 1716 seu
1613 1650 1770 1734 composi·

304 1748 383 1808 tum.
408 1743 549 1826 Simplex
572 1741 708 1807 consulit
731 1743 754 1806 h
774 1742 885 1807 suadet
897 1742 1020 1826 quid&
1036 1742 1191 1826 quomodo
1204 1742 1322 1827 aliquid
1336 1741 1494 1827 agendum
1506 1744 1563 1805 aut
1575 1741 1771 1816 evimndum,

305 1854 361 1896 seu
374 1831 652 1915 praeveniendum,
673 1853 728 1895 seu
752 1852 815 1894 non
831 1831 1007 1916 agendum3
1024 1831 1104 1894 inre
1120 1831 1227 1911 dubie,
1246 1831 1408 1915 perplexi,
1420 1829 1580 1906 intricati,
1593 1828 1771 1913 desperate.

235 1928 239 1934 ’
304 1920 477 2004 Potestque
500 1919 561 1984 hoc
583 1918 750 1984 consilium
773 1918 929 2005 distingui
952 1919 983 1982 in
1001 1919 1285 2004 prophylacticum,
1303 1918 1539 1996 antidotarium,
1555 1917 1771 1982 diaeteticum.

310 2010 512 2093 Conspicuam
537 2029 591 2072 seu
615 2008 824 2091 compositum
849 2013 907 2084 est,
935 2008 984 2072 vel
997 2008 1173 2073 absolutura
1186 2009 1327 2085 demean
1339 2009 1399 2072 hoe
1411 2008 1568 2093 agendum
1582 2029 1710 2071 necue:
1723 2006 1771 2070 rel

304 2108 518 2181 ‹stuporata-m
531 2097 569 2160 de
581 2097 704 2161 delectu
717 2096 888 2175 actionum,
902 2096 1087 2176 mediorum,
1100 2096 1288 2162 tolerantiae
1300 2097 1456 2161 malorum
1466 2117 1506 2159 an
1518 2095 1657 2160 suithes
1665 2095 1771 2180 potius

306 2207 403 2270 quam
418 2185 497 2248 illud
510 2185 668 2268 agendum
682 2208 689 2260 ς
715 2207 755 2248 an
771 2207 828 2268 per
840 2183 899 2250 hoc
912 2185 1051 2250 medium
1063 2193 1102 2250 an
1116 2207 1173 2268 per
1184 2185 1284 2262 aliud3
1306 2207 1347 2249 an
1360 2183 1420 2249 hoc
1432 2185 1553 2249 malum
1565 2184 1674 2268 potius
1690 2184 1771 2248 tole-

306 2273 451 2352 randum,
464 2293 561 2359 quam
573 2273 670 2337 aliud.
694 2271 922 2338 Distinctiones
937 2273 1011 2339 illas
1028 2273 1188 2358 explicant
1207 2275 1298 2360 [pag.
1316 2273 1398 2359 911]
1416 2273 1576 2340 Politicits
1590 2273 1772 2358 Philosophi

306 2362 475 2446 Scriptores
498 2362 536 2426 dc
562 2361 756 2439 Consiliario,
784 2382 919 2444 quorum
931 2363 1135 2426 meletemata
1151 2363 1183 2426 in
1199 2363 1419 2446 compendium
1432 2362 1504 2428 &ad
1520 2361 1709 2426 methodum
1722 2384 1771 2425 re·

306 2450 431 2516 vocavit
441 2449 584 2514 nobiliss.
600 2451 693 2536 nepo
707 2451 887 2534 Naplewice,
901 2451 990 2535 cujus
1006 2451 1193 2535 opusculum
1203 2451 1406 2535 interjectum
1422 2451 1648 2516 Kestermaani
1660 2451 1773 2535 Dispp.

308 2539 528 2623 Philosophiae
536 2540 698 2623 practicae,
712 2537 797 2604 inter
811 2539 890 2623 disp.
909 2540 961 2602 30.
975 2541 998 2604 a
1010 2541 1062 2602 31.
1087 2539 1220 2624 Aliquid
1243 2539 1342 2603 etiam
1365 2540 1427 2604 huc
1442 2539 1647 2603 coutulerunt
1663 2561 1702 2603 ex
1715 2561 1772 2602 no·

308 2627 383 2692 stris
395 2628 549 2692 Alstedius
564 2627 630 2693 Lit.
654 2628 706 2691 35.
721 2629 884 2714 Ericpclop.
897 2639 963 2692 sect.
975 2629 1026 2692 25.
1052 2651 1090 2692 ex
1103 2627 1280 2694 Pontificiis
1297 2631 1438 2694 Breucos
1450 2629 1486 2692 ia
1502 2627 1602 2694 Tract.
1618 2628 1657 2692 de
1676 2627 1773 2692 Stati-

307 2716 365 2782 hus
380 2716 546 2782 homiuum
559 2717 602 2780 tit.
616 2716 654 2780 de
668 2716 929 2788 Consiliarioruaa
940 2717 1049 2782 Statu:
1075 2717 1097 2783 a
1117 2717 1211 2802 longe
1224 2720 1298 2782 ante
1311 2738 1384 2780 eum
1400 2717 1576 2782 Ahaasida
1587 2717 1709 2801 Anytus
1719 2737 1773 2781 seu

309 2805 405 2870 Hales
426 2805 461 2868 iu
483 2805 695 2871 Destructorio
716 2805 866 2870 uitiorum
876 2816 959 2890 part.
972 2807 1003 2868 4.
1020 2827 1086 2890 cap.
1100 2806 1153 2870 41.
1168 2803 1374 2892 &sequeus
1392 2805 1582 2871 Par-islensis
1593 2807 1628 2870 in
1639 2805 1772 2870 Sis-ruma

307 2893 345 2958 dc
364 2892 536 2959 Virtutibus
546 2905 627 2976 part.
642 2894 672 2956 4.
689 2913 755 2977 cap.
773 2895 802 2956 9.
819 2894 974 2959 Pcruldus
987 2895 1022 2958 ia
1036 2895 1169 2960 Samma
1181 2895 1335 2960 uirtutum
1350 2893 1381 2959 dc
1396 2895 1546 2958 uitiorum
1558 2906 1633 2958 torri.
1647 2895 1675 2957 l.
1688 2905 1772 2978 part.

309 2982 340 3044 4.
362 2982 460 3046 Trai-ct.
470 2983 507 3046 cla
522 2981 624 3046 Desa-is
640 2993 722 3066 part.
734 2982 763 3046 7.
788 2981 843 3066 qui
856 2987 921 3046 tres
934 2982 1019 3048 intra
1032 3004 1130 3049 annos
1145 2983 1239 3046 1240.
1254 2985 1276 3050 le
1290 2983 1385 3047 1250.
1410 2982 1603 3057 floruerunt;
1616 2982 1773 3065 &pariter

309 3069 388 3134 haec
409 3074 545 3154 quatuor
568 3071 601 3134 in
626 3070 757 3135 consilio
780 3071 950 3155 praecipue
976 3071 1172 3136 observanda
1188 3075 1328 3149 monent,
1348 3071 1520 3155 expediens,
1531 3072 1772 3157 saulcmertura,

308 3179 470 3223 secessum:
487 3181 659 3244 eorumque
672 3160 831 3224 contraria
846 3159 985 3234 vitanda,
1000 3161 1199 3235 mmaosiiia,
1216 3160 1354 3244 difficile,
1375 3161 1540 3238 lacertum,
1549 3161 1772 3245 periculosum.

310 3245 479 3310 Praeterea
500 3247 640 3331 quinque
649 3247 829 3330 specialiter
840 3249 1088 3313 commendanda
1100 3271 1108 3312 τ
1120 3250 1256 3334 qratiam
1270 3250 1434 3314 masiliam
1446 3249 1572 3314 dumeti
1583 3247 1773 3335 requi-rendi:
1869 3305 1870 3328 ἒ

308 3335 523 3400 consiliarium
545 3335 717 3420 perscienter
735 3337 881 3421 elipaidi:
902 3337 976 3402 utile
1001 3339 1166 3403 consilium
1202 3336 1466 3403 administrandi:
1491 3338 1661 3403 consilium
1680 3335 1774 3403 istite

308 3423 513 3488 examinandi
525 3446 534 3486 :
546 3425 772 3490 maisilioslecto
784 3427 1002 3512 acquiescendi.
1027 3425 1220 3511 Subjicimus
1232 3448 1316 3491 nunc
1328 3427 1450 3510 aliquot
1465 3426 1678 3510 quaestiones.
1868 3493 1870 3510 ,

356 3514 385 3576 1.
411 3515 533 3594 Qsiaest.
558 3514 781 3578 Anconsiliuru
796 3517 834 3580 sit
849 3515 887 3580 de
898 3516 1082 3598 mactantis,
1092 3515 1362 3599 deprementibus,
1375 3514 1412 3579 ds
1423 3515 1567 3600 stowe?
1580 3517 1668 3600 Resp.
1682 3536 1773 3579 vma-
1869 3519 1870 3526 ’

310 3601 397 3679 bula,
408 3621 510 3678 sams,
526 3602 656 3680 consilii,
677 3602 847 3667 modulate
860 3603 952 3668 modo
972 3604 1081 3669 stricte
1094 3607 1113 3668 e
1125 3603 1285 3668 nonnullis
1298 3603 1505 3688 accipiuntur.
1530 3601 1599 3668 Nos
1613 3625 1678 3667 non
1687 3601 1772 3666 side·

312 3711 392 3766 mus,
415 3691 571 3772 quomodo
598 3691 765 3755 consilium
784 3693 878 3775 juxta
901 3692 1100 3758 definitiones
1113 3692 1237 3757 consilii
1248 3693 1334 3776 apud
1345 3693 1460 3770 citatos,
1478 3693 1621 3776 aliosque
1635 3695 1773 3762 Autores.
1869 3751 1870 3762 .

310 3777 411 3861 possit
431 3779 549 3843 versari
562 3779 648 3844 circa
657 3781 840 3863 praeterita.
865 3779 954 3846 Haec
977 3782 1061 3846 enirn
1073 3803 1138 3846 non
1154 3786 1229 3846 sunt
1241 3781 1377 3866 agenda:
1391 3781 1548 3865 siquidem
1561 3781 1645 3863 quod
1655 3781 1773 3845 iactum

311 3871 370 3944 est,
400 3889 458 3932 nec
484 3867 604 3932 facturn
629 3890 687 3933 nec
713 3868 866 3934 infectum
890 3871 960 3935 fieri
970 3871 1092 3957 nequit.
1116 3867 1268 3945 Quamvis
1281 3873 1387 3934 autern
1400 3869 1567 3954 praeteriti
1580 3869 1774 3935 facticonse·

311 3977 421 4038 quens,
446 3957 569 4041 agenda
592 3957 659 4021 soil.
688 3957 907 4042 resipiscentia
925 3960 1140 4024 &emendatio
1152 3959 1211 4023 sub
1223 3958 1361 4024 hominis
1375 3959 1556 4042 superstitis
1569 3958 1774 4024 consultatio-

312 4065 384 4106 nem
408 4045 517 4121 cadat;
545 4046 753 4128 praeteritum
773 4051 881 4112 tamen
893 4069 957 4113 non
969 4053 1018 4113 est
1030 4048 1189 4131 objectum
1202 4047 1325 4112 consilii
1338 4050 1361 4114 tt
1373 4047 1627 4124 consultationis,
1640 4049 1695 4111 sed
1707 4051 1773 4109 tsn-

311 4135 381 4194 tum
404 4134 591 4198 antecedens
608 4135 773 4200 tracessio.
799 4134 889 4211 Quod
907 4138 947 4201 ad
966 4136 1052 4201 facta
1063 4136 1228 4201 hominum
1240 4157 1302 4199 non
1315 4136 1533 4221 superstitum,
1545 4137 1585 4200 de
1595 4136 1662 4200 illis
1672 4157 1729 4200 nec
1741 4133 1773 4196 in

312 4241 345 4284 se
358 4241 416 4284 nec
427 4226 572 4306 respectu
585 4225 806 4309 consequentis
822 4225 1058 4309 resipiscentiae
1071 4224 1287 4304 consideratis,
1309 4227 1375 4291 ulls
1383 4225 1571 4290 deliberatio
1583 4224 1708 4288 institui
1719 4244 1773 4306 po-

311 4311 386 4372 test.
410 4307 505 4374 Forte
517 4311 589 4394 quis
606 4312 700 4392 dicat,
720 4313 756 4376 iu
775 4313 867 4378 Libro
880 4317 1088 4381 Consiliorum
1103 4315 1310 4380 Melanthoais
1322 4336 1484 4381 occurrere
1497 4313 1667 4378 nonnullas
1679 4335 1773 4396 quae·
1869 4335 1870 4338 ¹

313 4397 432 4462 stiones
448 4397 486 4463 de
499 4401 690 4482 praeteritis,
715 4401 835 4485 quales,
849 4404 887 4468 de
900 4403 985 4468 fact)
997 4403 1172 4476 Laurentii,
1186 4403 1223 4468 de
1235 4403 1321 4467 facto
1333 4403 1645 4489 Augustinianorum
1657 4399 1773 4464 Whe-

1704 4489 1774 4554 ber·
1868 4561 1870 4586 1
