3736 4860
303 277 366 340 iro
678 282 839 348 Parrum
856 279 1104 344 Etannsmsrrcnn
1119 277 1202 342 Pana
1215 276 1240 341 I.
1264 279 1329 344 Iun.
1343 277 1385 344 ΙΙ.

302 464 437 547 aritiqud
449 465 593 530 Ecclesia
605 467 704 530 fuisse
717 465 950 548 frequentatoris
964 467 1127 550 colligitur
1139 489 1177 530 ex
1197 469 1323 531 Tertrrll.
1333 489 1358 530 r.
1370 467 1530 533 Preacum
1543 485 1608 547 erip.
1625 465 1672 528 m.
1685 464 1713 530 n·
1722 465 1753 528 de
1848 445 1850 478 r

300 554 423 617 Corona
452 557 559 619 Militis
587 555 702 620 Basilio
718 557 755 620 (le
777 557 860 640 Spir.
889 557 920 622 S.
947 578 1012 639 rap.
1040 557 1091 619 27.
1106 555 1270 620 Arnbrosio
1283 557 1347 620 Lib.
1363 557 1392 618 2.
1409 556 1447 619 de
1463 555 1707 619 Sarranaque.
1724 555 1749 615 7.
1849 561 1850 584 t

303 642 520 727 chrysostomo
535 645 649 709 Homil.
669 646 721 708 24.
736 645 770 708 in
781 645 892 708 roban.
907 646 1083 728 ilrrqrrstino
1095 645 1194 710 San.
1209 646 1282 707 201.
1297 646 1335 708 de
1352 647 1510 728 Tempore.
1528 640 1561 704 Si
1580 665 1660 725 quae
1672 645 1751 704 auto-
1849 663 1850 666 ¹

301 731 378 794 ritas
392 737 474 795 esset
489 755 645 796 <rationum
662 733 836 815 apostolic,
850 733 1009 798 videretur
1021 734 1115 817 longe
1129 733 1222 796 aliter
1239 737 1314 797 tnnc
1326 738 1494 806 statutum,
1508 753 1603 814 qnam
1619 735 1637 794 a
1651 733 1753 814 Grrqo·

302 821 348 882 rio
364 817 482 884 tilure
497 822 662 888 Caesonino.
688 821 740 885 Sic
764 822 847 886 enim
867 823 964 886 habet
977 823 1084 887 Canon
1097 823 1149 886 49.
1174 823 1209 886 Si
1216 823 1287 907 quis
1304 823 1476 906 Episcopus
1488 832 1542 884 ant
1558 820 1716 900 Presbyter
1725 821 1753 883 ia

299 910 368 972 ⁴arri
381 909 555 974 initiatione
572 932 637 974 non
657 923 717 974 tres
732 912 956 988 immersiones,
974 912 1028 975 sert
1054 932 1151 974 unam
1165 911 1332 988 durttnnat,
1352 931 1432 996 quae
1445 911 1479 974 in
1491 919 1621 972 reuertens
1635 909 1754 973 Dornini
1832 975 1834 980 ,

300 996 401 1072 rietur,
425 1000 585 1082 pereperit,
609 1000 782 1083 deponitor.
808 1000 904 1082 Cujus
929 999 1065 1064 Canonis
1088 999 1249 1063 occasione
1270 1000 1436 1064 Gestaldus
1450 1000 1484 1062 in
1501 1019 1558 1062 sero
1575 997 1753 1062 Candelntru

300 1106 397 1149 nrrreo
422 1109 489 1171 ceap.
514 1089 551 1152 ele
576 1089 738 1172 Baptistae
751 1109 823 1173 paq.
842 1090 894 1152 43.
908 1089 1017 1152 scribit
1031 1111 1037 1152 :
1056 1087 1160 1164 ,Nota
1173 1111 1384 1171 summopere,
1398 1087 1483 1170 quod
1496 1087 1523 1149 si
1536 1086 1620 1149 Puer
1629 1087 1669 1150 sit
1681 1087 1753 1148 trina

243 1173 257 1189 ''
305 1175 478 1248 „mersione
501 1177 722 1259 baptizandus,
743 1183 869 1260 oportet
880 1201 920 1241 ne
934 1178 1100 1261 baptizans
1111 1177 1257 1240 intendat
1269 1199 1325 1260 per
1337 1177 1455 1240 trinam
1470 1175 1660 1238 mersionem
1677 1175 1753 1237 illam

306 1262 496 1346 ,baptizare
522 1267 577 1329 sed
601 1288 657 1348 per
669 1289 775 1342 unam,
789 1289 870 1351 quae
883 1267 1001 1330 trinam
1014 1266 1169 1330 continet:
1195 1264 1270 1348 quia
1282 1265 1361 1329 alias
1375 1265 1402 1328 si
1415 1264 1498 1328 Puer
1512 1268 1585 1327 ante
1600 1264 1752 1327 secundam

309 1353 378 1426 ,vel
400 1355 530 1418 tertiam
553 1355 742 1418 mersionem
763 1359 948 1432 moreretur,
962 1377 1024 1418 nou
1041 1359 1125 1418 esset
1136 1355 1326 1436 baptizatus,
1344 1355 1454 1420 &citat
1465 1352 1510 1416 ibi
1528 1353 1687 1440 Tianorum,
1704 1355 1753 1416 Cn·

300 1443 398 1523 jeten.
414 1441 575 1507 Putridae.
593 1443 737 1528 Spineutr.
751 1447 800 1509 dic.
815 1444 955 1528 Egregia
968 1467 1043 1507 sane
1057 1441 1234 1526 Theologia
1246 1442 1496 1506 sacramentalis.

352 1527 408 1593 Vl.
435 1532 556 1612 Quaen.
584 1532 845 1617 Quandoquidem
871 1533 960 1615 eprrrd
989 1534 1050 1597 llos
1074 1533 1232 1595 innuersio
1259 1532 1352 1596 toliere
1373 1531 1522 1614 corporis,
1539 1529 1571 1595 a
1585 1530 1754 1613 [inpii-rnna

306 1621 342 1682 in
357 1621 497 1704 neemiae,
515 1621 551 1684 ob
567 1621 671 1704 [rique
687 1622 799 1685 boram
814 1623 984 1696 climatum,
998 1623 1139 1706 aliusque
1154 1621 1190 1684 ot
1213 1641 1334 1697 censos,
1355 1641 1421 1684 non
1444 1631 1487 1683 est
1512 1621 1656 1689 irritante,
1672 1639 1754 1702 qine-
1848 1637 1849 1642 ¹

306 1709 390 1771 ritae
401 1709 453 1772 cni
465 1710 551 1792 porti
567 1711 706 1792 corporis
729 1731 812 1794 riq-ua
828 1711 1032 1792 esperpendn,
1056 1721 1112 1773 oret
1127 1729 1222 1792 supa
1237 1731 1334 1794 quam
1346 1709 1563 1796 effundende?
1580 1709 1667 1790 llesp.
1681 1707 1755 1770 rto-

306 1817 375 1859 mes
401 1797 435 1860 in
462 1797 582 1882 Seripto
595 1798 729 1863 senentio
745 1819 841 1880 super
857 1798 1056 1863 torreberduin
1074 1798 1137 1862 Lib.
1156 1798 1185 1858 4.
1203 1799 1274 1862 eliel.
1288 1801 1317 1860 3.
1334 1799 1422 1863 artie.
1436 1799 1469 1860 ·l.
1481 1819 1627 1860 concesso
1640 1798 1662 1861 tr
1674 1818 1755 1878 prae-

307 1885 480 1966 supposito,
493 1886 727 1950 immersionem
752 1909 814 1949 non
827 1909 894 1950 csse
907 1887 945 1950 de
957 1888 1145 1950 necessitate
1158 1885 1326 1968 Baptismi,
1340 1887 1394 1950 sed
1407 1885 1604 1949 ablutionem
1616 1906 1755 1967 quocum·

306 1995 367 2053 qne
391 1975 482 2038 modo
505 1975 555 2038 rel
576 1997 631 2057 per
655 1975 869 2058 aspersionem
885 1977 935 2038 vel
955 1998 1012 2058 per
1035 1975 1281 2050 immersionem,
1295 1975 1488 2038 determinat
1503 1974 1698 2036 ablutionem
1709 1973 1755 2034 de·
1848 2007 1850 2042 J

306 2061 381 2124 bere
401 2063 469 2126 fieri
493 2063 526 2124 in
550 2063 669 2146 eapite:
695 2065 777 2146 quod
794 2087 902 2127 omnes
911 2065 1109 2146 operationes
1123 2063 1276 2126 animales
1286 2063 1426 2126 habeant
1438 2062 1631 2146 principium
1644 2065 1757 2124 snrrmir
1848 2091 1850 2126 Α

307 2148 421 2232 capite.
445 2150 574 2233 Excipit
597 2155 705 2216 tamen
729 2175 836 2215 casum
860 2153 1058 2216 necessitatis
1082 2174 1144 2234 qno
1172 2152 1205 2214 iu
1230 2152 1294 2215 alio
1314 2152 1456 2215 membro
1477 2150 1546 2214 fieri
1559 2156 1673 2233 posset,
1686 2155 1719 2212 ut
1729 2149 1756 2210 in
1848 2157 1850 2176 '

307 2237 410 2301 Puero
425 2260 488 2300 non
501 2239 640 2320 perfecte
654 2245 740 2304 nat0.
765 2239 853 2315 Quod
868 2241 906 2304 ad
919 2242 1018 2324 prius,
1036 2241 1288 2304 commodissime
1305 2241 1374 2303 fieri
1393 2240 1426 2302 in
1439 2239 1543 2322 capite
1555 2239 1757 2302 concedimus:

307 2327 361 2388 sed
385 2326 563 2390 absolutam
588 2329 819 2405 necessitatem,
845 2352 906 2392 non
928 2335 1037 2412 putem
1062 2329 1155 2392 facile
1172 2329 1403 2392 concedendam
1415 2351 1422 2402 ς
1436 2333 1472 2391 ut
1484 2328 1592 2391 nullus
1608 2329 1674 2391 scil.
1686 2331 1759 2390 esset
1849 2341 1850 2380 t

308 2414 510 2497 Baptismus;
528 2416 683 2500 siqnidem
713 2418 762 2480 vel
787 2418 986 2481 aberratione
1006 2417 1115 2502 aliqua
1138 2418 1187 2481 vel
1208 2419 1271 2482 alia
1284 2419 1321 2481 de
1334 2423 1438 2489 carisa,
1456 2417 1575 2500 pectori
1588 2416 1759 2500 baptizandi

307 2507 384 2587 (quo
403 2526 456 2567 eor
468 2505 659 2583 continetur)
674 2528 790 2589 aquam
803 2507 930 2591 aspergi
942 2506 1148 2590 contingeret.
1174 2505 1223 2569 Ex
1236 2505 1352 2569 nostris
1365 2505 1496 2570 Doricus
1509 2507 1544 2569 in
1557 2507 1687 2589 Ianoqd
1703 2505 1759 2568 tn.
1849 2577 1850 2580 Ἴ

308 2595 349 2670 b,
377 2594 432 2677 qui
459 2605 502 2657 est
530 2594 567 2657 rte
588 2594 808 2671 Suernrrientis,
832 2615 899 2678 cap.
921 2597 973 2657 29.
998 2594 1140 2657 Thomas
1164 2595 1355 2658 sententiam
1375 2595 1543 2678 approbat.
1558 2595 1760 2658 utreriorem.
1848 2591 1850 2666 ξ

307 2679 428 2744 Saltem
450 2682 538 2745 nulla
561 2683 651 2767 [pag.
679 2683 759 2768 ool]
780 2684 861 2747 ratio
886 2688 943 2756 est,
961 2705 1016 2746 cur
1028 2683 1230 2758 consuetudo,
1244 2683 1274 2746 in
1290 2687 1357 2746 toto
1369 2682 1437 2747 fere
1450 2681 1619 2747 Occidente
1632 2687 1760 2764 recepta,
1849 2697 1850 2776 ,

306 2769 425 2832 mutari
450 2771 573 2834 debeat.
600 2770 647 2834 De
672 2773 814 2835 membro
838 2793 1048 2854 quocumque,
1073 2772 1171 2835 etiam
1195 2776 1337 2835 extremo
1358 2771 1461 2856 digito
1481 2771 1618 2835 infantis
1632 2771 1761 2834 nondum
1849 2781 1850 2810 ³

306 2859 375 2921 nati
400 2858 589 2941 baptizando
614 2861 675 2941 (uti
698 2861 863 2942 disputant
887 2859 1060 2937 Pontificii')
1083 2860 1159 2944 quid
1172 2861 1356 2938 sentiamuS,
1371 2883 1468 2942 supra
1483 2863 1591 2944 Cap3
1617 2859 1762 2924 indicavi·
1849 2877 1850 2904 r

307 2970 388 3010 mus.
413 2941 526 3010 Scotus
550 2947 583 3010 in
611 2947 795 3030 Repertatis
816 2971 910 3032 snper
933 2947 1126 3032 Magistrum
1151 2949 1381 3012 sententiarum
1400 2947 1469 3011 Lib.
1497 2951 1527 3012 4.
1541 2949 1613 3012 dist.
1632 2951 1662 3011 3.
1676 2949 1761 3030 qut.
1848 2981 1850 3028 p

307 3035 468 3119 aliquibus
488 3035 521 3098 in
534 3037 670 3113 casibus,
687 3038 809 3100 nullam
837 3042 960 3120 partem
975 3037 1103 3100 definite
1116 3037 1270 3113 nominat,
1284 3037 1338 3100 sed
1351 3038 1454 3100 solum
1470 3037 1503 3101 in
1516 3058 1633 3122 genere
1647 3041 1759 3120 [nartem

307 3123 565 3207 principaliorem
582 3125 782 3203 abluendam,
796 3131 853 3189 ant
864 3148 980 3208 aquam
993 3126 1131 3208 tepidam
1146 3126 1342 3200 sumendam,
1355 3127 1405 3190 &a
1419 3131 1536 3190 monet.
1550 3125 1651 3190 Casus
1663 3130 1760 3188 cirtem
1849 3123 1850 3186 ἶ

307 3212 422 3294 quibus
450 3211 634 3276 Ministrum
659 3219 767 3277 censet
788 3215 932 3278 excusari
956 3237 1047 3297 posse
1061 3219 1079 3277 a
1092 3213 1175 3276 trina
1187 3213 1399 3290 immersione,
1416 3220 1491 3278 sunt
1503 3215 1567 3292 isti,
1585 3217 1613 3280 si
1629 3215 1762 3279 Minister

306 3303 346 3364 sit
363 3301 524 3383 irnpotcna
552 3300 582 3366 a·
604 3304 643 3366 sit
656 3323 743 3366 errius
759 3324 895 3386 rrropnus
907 3303 1053 3377 rer-stirne,
1066 3304 1122 3388 qni
1132 3303 1214 3367 debet
1231 3302 1395 3386 baptizari,
1412 3323 1505 3387 quens
1520 3325 1575 3368 erec
1586 3315 1686 3387 posset
1703 3303 1759 3365 iru-
1848 3313 1850 3384 g

267 3431 268 3436 κ
308 3411 443 3474 rumpere
466 3411 520 3453 nec
544 3393 669 3468 eleuare,
694 3411 748 3454 nee
760 3393 852 3455 etiarn
871 3403 998 3474 oportet,
1012 3392 1096 3475 quod
1110 3392 1327 3475 perlimitatar
1337 3412 1431 3477 aqna,
1444 3391 1538 3456 alibi
1552 3393 1596 3456 ite
1609 3393 1759 3457 vrriodieruu
1849 3423 1850 3455 2

307 3479 346 3543 sit
359 3479 396 3541 de
410 3499 504 3564 aqua,
520 3491 554 3543 ‘nt
570 3481 650 3562 [orte
665 3500 730 3544 non
742 3492 843 3563 posset
858 3501 912 3562 pes
923 3481 990 3563 ejas
1004 3481 1100 3555 ntlrri,
1118 3483 1168 3546 dc.

353 3564 425 3630 VH.
453 3568 575 3648 anest.
602 3569 671 3649 ero
698 3569 919 3653 citracorporis
943 3570 1127 3652 Baptisnurs
1150 3569 1370 3653 reeipiendus?
1395 3571 1483 3652 Iteep.
1507 3567 1628 3632 Nullus
1642 3567 1758 3631 situsin
1848 3569 1850 3632 ξ

306 3655 410 3737 specie
434 3655 582 3718 definitus
603 3660 660 3719 est.
683 3656 753 3720 Hoc
769 3657 801 3719 in
814 3679 929 3742 genere
945 3657 1128 3742 requiritur,
1141 3679 1180 3720 ne
1193 3659 1274 3720 situs
1287 3656 1426 3720 naturali
1437 3657 1598 3722 honestati
1611 3663 1667 3721 urit
1681 3678 1760 3720 cum·

307 3743 463 3820 meditati,
477 3747 540 3827 qua
556 3745 678 3827 corpori
691 3767 774 3827 aqna
786 3749 911 3828 aspergi
924 3745 1028 3822 debet,
1042 3747 1217 3809 autdecoro
1236 3746 1321 3809 cirili
1333 3750 1512 3828 repugnet3
1529 3749 1598 3809 tum
1613 3747 1644 3808 in
1658 3745 1760 3808 lufau-

306 3831 403 3908 tibus,
416 3837 485 3895 tum
497 3832 654 3914 imprimis
669 3833 703 3896 in
718 3834 856 3898 Adulas.
876 3835 995 3900 Nicetes
1013 3835 1175 3899 Chonietes
1186 3835 1253 3899 Lib.
1267 3837 1296 3898 5.
1319 3834 1472 3900 Tlmsanri
1483 3855 1550 3917 cap.
1564 3835 1617 3898 37.
1638 3857 1675 3897 ex
1689 3833 1759 3916 Epi-

307 3919 424 4002 pbnuio
437 3921 509 3984 ibid.
526 3923 575 3984 cit.
588 3922 687 3985 refert
700 3922 739 3984 ab
753 3921 910 3986 Eunomio
923 3923 1137 4005 rebaptizatos
1158 3922 1267 4000 fuisse,
1292 3923 1472 4008 quicunque
1485 3924 1552 3987 sive
1565 3924 1649 4006 apud
1661 3921 1760 3986 ortho-
1849 3999 1850 4002 Ἴ

308 4007 401 4070 doxos
415 4008 480 4070 sive
494 4010 578 4091 apud
593 4010 769 4074 haereticos
782 4011 935 4094 baptizati
948 4011 988 4074 ad
999 4011 1090 4074 illum
1103 4011 1293 4089 transibant,
1302 4011 1427 4076 inverso
1440 4011 1701 4095 baptizandorum
1712 4033 1760 4073 ca·
1849 4019 1850 4050 i

308 4094 383 4175 pite,
407 4097 603 4180 pedibusque
626 4099 660 4160 in
684 4099 784 4162 altum
809 4100 955 4162 sublatis.
984 4099 1080 4176 ,llum
1093 4104 1199 4163 autem
1213 4099 1553 4164 Eunomianiinlabro
1567 4099 1760 4182 baptizantes
1848 4113 1850 4156 ς

313 4187 425 4265 ,caput
437 4184 619 4266 baptizandi
632 4187 729 4250 semel
744 4189 776 4250 in
790 4211 906 4270 aquam
923 4192 1048 4270 pectore
1064 4191 1157 4251 tenus
1170 4189 1405 4272 immergerent,
1425 4189 1631 4272 &aliqnando
1644 4187 1761 4251 crenis·

311 4273 387 4349 ,set,
401 4275 436 4335 ut
447 4271 575 4356 quidam
588 4276 692 4358 capite
704 4277 743 4338 ad
755 4276 881 4339 labrum
894 4277 986 4340 alliso
999 4277 1114 4341 vulnus
1127 4277 1291 4360 acciperet,
1305 4277 1402 4341 aliam
1414 4277 1616 4361 baptismatis
1629 4276 1759 4340 formam

313 4359 564 4445 ,excogitabant
579 4361 664 4426 Nam
676 4363 805 4428 homine
818 4387 916 4448 prono
927 4365 961 4429 iu
973 4365 1058 4430 fossa
1071 4365 1221 4452 quapiam
1234 4365 1382 4446 distento,
1396 4366 1526 4451 ejusque
1539 4367 1642 4451 capite
1654 4365 1758 4432 educto

1723 4451 1850 4536 ,ἐχ
