3732 4840
266 279 425 346 Tnacr.
463 280 487 344 Ι.
523 273 582 344 D'n
615 247 841 344 Eccnuern
875 279 1139 346 lrscrrurr.
1176 283 1269 347 Car.
1309 251 1422 347 Vl..
1510 282 1553 347 89

14 463 15 548 f
95 464 199 529 sciam.
212 463 428 531 consulantur
441 468 679 532 constitutiones
690 477 825 544 nestrae,
838 466 1055 549 &quotidiana
1064 465 1410 549 praxieEcelesiastica.
1419 466 1553 533 -Pro·

14 587 16 634 g
96 553 188 617 tlcmn
213 555 253 618 V.
276 555 325 619 An
350 555 505 634 Ecclesia,
529 559 585 619 aut
605 555 766 619 Ecclesiae
778 556 811 620 in
824 555 964 619 Classem
976 557 1000 620 tr
1012 553 1174 638 Synodnrn
1185 555 1384 619 combinatae
1397 555 1478 618 finnt
1493 554 1553 619 Oa-

14 653 16 718 l
95 641 259 722 thcdrale-s,
285 645 370 708 cnm'
384 645 562 708 immittunt
586 643 747 707 ministros
771 644 810 706 ad
833 643 992 706 Ecclesiae
1017 643 1237 722 clandestinae,
1255 665 1371 727 easque
1383 643 1552 728 dirigunt?

14 727 16 736 ’
96 731 177 815 desp.
204 733 278 816 t'l'cq.
306 732 334 796 si
360 733 446 796 enim
469 733 585 816 primo·
598 733 732 796 mittunt
758 733 798 795 ad
813 732 1024 816 colligendam
1039 731 1226 807 Ecclesiam,
1239 732 1294 796 ubi
1310 732 1400 796 nulla
1412 736 1469 806 est,
1483 733 1552 816 jam

14 829 15 832 ’
94 821 293 885 autoritatis&
316 821 376 886 hoc
399 821 531 900 faciunt,
545 845 582 886 ex
595 823 695 885 Actor.
715 821 765 884 13.
780 843 805 883 n.
822 822 852 884 2.
867 821 897 882 3.
911 821 941 883 4.
959 823 1100 885 &tamen
1112 820 1256 885 Ecclesia
1267 843 1331 885 non
1342 821 1435 884 effert
1450 843 1483 884 ee
1497 844 1551 885 sn-

14 931 16 984 ς
84 929 144 988 pra
155 909 343 986 Ecclesiam,
356 911 431 992 quia
446 932 508 974 nnn
525 915 573 974 est
587 910 633 973 ibi
646 909 790 973 Ecclesia
800 909 957 987 instituta,
970 932 1027 972 nec
1043 909 1171 993 propria
1184 909 1390 975 &intrinseca
1405 913 1548 992 potestas

35 1065 40 1073 ,
94 995 323 1062 Ecclesiastica.
342 997 404 1062 Sed
416 1000 441 1062 si
454 999 587 1064 mittunt
599 998 639 1062 ad
650 998 809 1062 Ecclesiae
818 999 885 1080 jam
900 998 1107 1072 constitutam
1121 998 1275 1081 quidquid
1286 998 1339 1062 hic
1351 997 1483 1076 faciunt,
1496 997 1546 1062 fa·

14 1079 16 1154 7
91 1085 171 1235 cignt
195 1091 253 1150 aut
267 1109 306 1150 ex
323 1088 639 1239 pntgstagedelegatet
648 1089 674 1239 ttt
686 1087 753 1238 sib}3
760 1086 880 1238 galleta
888 1087 928 1239 qb
942 1086 1172 1239 illisffiratritbus
1185 1086 1248 1238 aegri
1260 1108 1351 1150 cruce
1365 1087 1455 1171 (quia
1467 1086 1546 1239 ipdeis

14 1195 16 1236 t
92 1195 151 1236 rue
213 1198 246 1239 rn
267 1198 381 1240 nones
407 1199 447 1239 au
477 1194 646 1240 rnsuncoe
663 1198 736 1239 nau
786 1198 890 1258 1capn
923 1197 989 1252 nos,
1038 1199 1099 1239 mis
1116 1197 1216 1238 rosan
1250 1197 1416 1252 rarorum
1440 1197 1480 1239 ue
1514 1199 1547 1240 e-

93 1196 360 1344 lectriduhabere);
388 1264 422 1328 in
445 1265 576 1348 reliquie
599 1264 723 1328 facitrnt
746 1263 853 1328 omnia
875 1264 1040 1328 caritative
1053 1285 1114 1327 non
1127 1198 1547 1342 ancoritanaconiulendo

14 1389 16 1408 2
92 1373 146 1414 nnn
157 1352 365 1416 decernendo.
377 1353 421 1417 Et
435 1353 480 1417 sic
493 1353 654 1418 Ecclesiae
666 1352 816 1438 Belgicae
827 1353 936 1436 procul
953 1353 1074 1416 anobis
1090 1352 1230 1430 dissitas,
1242 1353 1309 1416 sire
1321 1352 1468 1436 publicae
1482 1353 1550 1417 sive

15 1473 16 1476 ¹
91 1439 310 1518 clandestinae,
334 1445 467 1524 possunt
490 1443 544 1506 uni
568 1442 664 1506 alicui,
687 1440 845 1518 Ministro,
862 1445 918 1505 aut
934 1440 1068 1519 Seniori,
1083 1445 1139 1505 aut
1150 1441 1325 1524 cuicunque
1337 1440 1441 1518 fratri,
1458 1442 1549 1524 cujus
1648 1511 1657 1526 .

93 1527 160 1592 lldee
181 1529 264 1612 ipsis
286 1533 453 1613 perspecta
474 1531 527 1609 sit,
549 1531 713 1614 negotium
739 1530 902 1594 electionis
918 1531 1126 1607 committere,
1139 1529 1317 1612 salvaipsis
1329 1534 1478 1593 manente
1492 1534 1549 1594 sua

93 1623 253 1698 potestate,
266 1621 290 1684 e
301 1620 425 1684 seclusa
436 1620 524 1684 omni
535 1619 729 1702 subjectione
742 1641 779 1682 ac
790 1619 999 1702 dependentia
1011 1618 1195 1683 cathedrali.
1210 1616 1301 1683 Addo
1313 1623 1420 1682 tamen
1431 1617 1464 1681 in
1475 1641 1550 1682 caen

94 1706 187 1770 malae
216 1706 514 1782 administrationis,
536 1712 591 1772 aut
607 1707 839 1790 provocationis
852 1709 903 1772 tc.
916 1708 968 1790 (dc
984 1707 1099 1790 quibus
1110 1719 1193 1791 part.
1211 1707 1503 1794 sacramanta
1522 1705 1553 1771 B·

95 1795 259 1876 mestas)
288 1818 380 1878 posse
392 1795 551 1861 Ecclesiae
563 1796 647 1874 illas,
660 1818 731 1860 cunr
743 1796 859 1880 quibus
872 1796 1068 1860 classicalem
1080 1801 1136 1859 aut
1148 1795 1332 1878 synodalem
1344 1794 1553 1860 combinatio·

92 1903 158 1946 nem
180 1885 204 1949 dt
224 1885 537 1967 correspondentiam
549 1885 670 1948 habent
686 1885 845 1949 Ecclesiae
861 1885 1075 1949 clandestinae
1084 1887 1140 1948 aut
1156 1884 1264 1968 procul
1277 1884 1417 1964 dissitas,
1431 1884 1551 1948 autori·
1670 1933 1678 1948 .

94 1971 183 2034 latire
200 1973 484 2051 decernere,&eae
496 1969 644 2058 dirigere.
1462 2049 1472 2064 ι

133 2059 182 2124 lt.
211 2061 380 2128 Prottana
408 2061 464 2126 Vl.
494 2063 546 2126 An
571 2063 731 2126 Ecclesiae
759 2064 915 2147 quaedam
939 2063 971 2125 in
984 2061 1106 2146 Belgio,
1120 2084 1201 2146 quae
1214 2062 1335 2145 primae
1349 2061 1505 2126 miserunt
1516 2061 1549 2124 in

93 2145 208 2213 Indiam
230 2148 441 2214 'Orientalern
469 2153 493 2217 s
523 2150 769 2230 Occidentalem,
801 2151 973 2215 habuerint
1003 2151 1279 2219 cathedralitatem
1303 2153 1326 2217 tr
1349 2153 1551 2235 potestatem,

14 2311 16 2326 .
89 2236 153 2318 jure
179 2239 305 2321 primae
328 2240 554 2322 occupationis.
581 2243 669 2324 Hesp.
699 2242 771 2324 Nep.
797 2263 854 2304 nec
873 2239 1006 2303 memini
1021 2239 1162 2323 aliquam
1175 2240 1224 2303 vel
1237 2239 1552 2322 speciemcathedra·

14 2345 16 2364 ¹
93 2323 195 2402 litatis,
225 2333 282 2391 aut
309 2328 561 2410 metropoliticae
588 2329 755 2411 potestatis
778 2329 855 2412 ipsis
883 2329 1047 2406 tributam,
1065 2328 1204 2392 antillas
1217 2328 1279 2392 sibi
1295 2329 1353 2392 hoc
1366 2327 1552 2392 vindicasse.
1646 2383 1649 2388 .

93 2411 248 2500 Quidquid
275 2416 360 2480 enirn
386 2416 440 2480 hic
463 2421 607 2501 egerunt,
633 2419 672 2480 ad
698 2418 894 2502 postulatum
922 2440 1031 2481 eorum
1056 2417 1095 2481 ad
1118 2439 1198 2500 quos
1221 2439 1271 2480 res
1287 2416 1551 2500 Indicaespecta-

14 2505 16 2560 ᾧ
92 2501 171 2578 bant,
197 2505 279 2568 illud
304 2507 440 2590 egerunt
464 2506 592 2589 quidem
620 2506 841 2584 autoritative3
869 2508 1027 2590 quomodo
1053 2505 1197 2570 Ecclesia
1224 2505 1425 2570 Antiochena
1452 2507 1552 2570 Actor.

14 2615 16 2652 r
94 2591 139 2652 13.
160 2594 199 2656 dc
227 2616 292 2678 quo
315 2595 350 2656 in
373 2596 468 2678 Desp.
496 2596 598 2660 Curtaei
622 2597 763 2678 Papulas
787 2596 838 2660 tit.
864 2597 894 2658 2.
919 2608 986 2658 acet
1014 2597 1041 2658 1.
1066 2617 1090 2659 c.
1104 2597 1159 2659 ult.
1177 2593 1310 2659 Interim
1321 2616 1385 2660 non
1398 2593 1461 2658 sibi
1476 2595 1552 2659 solis

92 2677 165 2744 hanc
193 2685 387 2769 potestatem
414 2686 614 2768 arrogarent,
638 2685 693 2746 sed
720 2684 816 2748 etiam
845 2683 916 2748 aliis
928 2684 1089 2762 Ecclesiis,
1103 2683 1157 2767 qui
1171 2706 1227 2767 per
1239 2683 1433 2748 occasionem
1447 2682 1552 2748 simile

92 2769 161 2851 quid
183 2775 346 2854 poterant,
367 2771 420 2854 jus
447 2795 540 2835 suum
568 2771 756 2836 inviolatum
779 2773 986 2856 reliquerunt.
1015 2771 1049 2835 Si
1073 2771 1157 2836 enim
1181 2771 1339 2836 Praefecti
1357 2772 1447 2856 [pag.
1470 2771 1551 2856 lot]

14 2917 15 2926 .
93 2857 247 2924 societatis
268 2858 406 2924 Indicae.
427 2864 484 2926 aut
506 2859 635 2924 Nautae
656 2861 889 2944 expeditionem
907 2861 940 2924 in
954 2860 1060 2925 Indiae
1073 2861 1261 2944 suscepturi,
1275 2859 1430 2924 auxilium
1444 2861 1550 2943 cujus-

92 2968 208 3030 cunque
231 2947 366 3012 alterins
394 2948 555 3014 Ecclesiae
569 2954 624 3014 ant
637 2949 805 3014 ministerii
817 2951 850 3015 in
863 2950 977 3034 Belgio
992 2949 1216 3033 postulassent,
1229 2950 1340 3032 utique
1351 2971 1415 3013 non
1429 2948 1551 3032 potuis-

92 3041 154 3099 sent
179 3037 259 3120 ipsis
287 3036 347 3100 lroc
370 3037 537 3122 denegare.
561 3039 736 3104 Commune
759 3061 836 3124 ergo
855 3041 919 3124 jus,
945 3038 1029 3121 qnod
1054 3038 1174 3121 pariter
1197 3041 1220 3103 a
1247 3038 1425 3122 promiscue
1441 3058 1549 3102 omnes

93 3145 196 3204 prore
224 3129 302 3189 natet
326 3147 470 3190 exercere
492 3131 634 3210 possunt,
654 3149 718 3190 non
740 3128 854 3192 fundat
877 3127 1169 3191 cathedralitatem:
1194 3125 1280 3190 Nam
1306 3127 1446 3190 nondum
1472 3130 1549 3190 tunc

14 3237 16 3268 r
91 3219 174 3276 crant
196 3215 244 3277 ibi
270 3213 442 3292 Ecclesiae,
455 3216 510 3278 sed
521 3219 648 3279 tantum
660 3216 856 3301 colligendae
868 3238 924 3280 sen
937 3216 969 3278 in
984 3215 1144 3294 fieri,&in
1160 3237 1226 3299 spe.
1241 3255 1281 3263 -
1298 3214 1461 3280 Brutianae
1474 3213 1549 3279 Vll.
1594 3224 1599 3234 '

93 3300 137 3364 An
156 3303 234 3367 illae
259 3301 431 3382 Ecclesiae,
454 3307 510 3366 aut
531 3326 638 3368 omnes
662 3303 811 3390 Belgicae
825 3305 920 3370 simul
933 3304 1073 3368 habeant
1085 3309 1273 3388 perpetuam
1285 3307 1476 3388 potestatem
1490 3303 1547 3368 eli-

91 3391 178 3470 gendi
204 3391 373 3458 Ministros
397 3393 419 3456 t
441 3391 588 3457 mittendi
611 3393 650 3456 ad
675 3392 833 3458 Ecclesiae
855 3394 921 3459 illic
934 3416 1017 3457 nunc
1029 3393 1218 3457 constitutas
1231 3398 1327 3477 atque
1339 3393 1481 3476 integrae
1493 3415 1550 3476 per

92 3470 240 3561 Syncdria
266 3483 289 3546 dr
319 3482 609 3563 correspondentias
626 3482 784 3559 classicae,
797 3505 914 3566 easque
926 3482 1132 3546 autoritatire
1149 3482 1290 3566 regendi,
1303 3485 1458 3565 tanquam
1475 3503 1549 3565 pro·

91 3566 153 3647 pria
164 3572 326 3651 potestate
337 3567 398 3632 hac
409 3568 442 3632 in
455 3575 545 3652 parte
559 3571 738 3649 destitutas,
751 3574 774 3638 tr
787 3577 805 3634 a
817 3571 956 3656 Belgicis
971 3570 1123 3634 Ecclesiis
1136 3570 1356 3654 dependentes.
1371 3572 1460 3653 Hesp.
1475 3572 1548 3654 Nep.

94 3655 118 3718 l.
139 3656 221 3732 Quia
251 3657 340 3724 nulla
363 3656 427 3721 alia
439 3658 648 3742 dependentia
660 3659 713 3724 hic
725 3661 824 3724 statui
839 3664 955 3744 potest,
972 3682 1068 3743 qnam
1085 3661 1257 3723 secundum
1266 3661 1318 3742 jus
1331 3658 1548 3742 aequationis;

44 3785 48 3793 ·
91 3749 244 3827 qnateuus
267 3746 452 3830 synodalem
483 3749 792 3832 correspondentiam
808 3749 916 3813 colunt
939 3770 1010 3812 cum
1034 3747 1185 3812 Ecclesiis
1201 3747 1234 3810 in
1250 3747 1378 3832 Belgio:
1392 3748 1549 3830 quomodo

92 3831 106 3896 l
154 3835 248 3900 lasiae
271 3835 367 3936 huj'ns
379 3836 539 3901 antistius
552 3837 669 3902 classis
682 3842 738 3902 aut
750 3837 880 3920 Synodi,
895 3837 928 3900 in
944 3836 1118 3900 Provinciis
1136 3835 1275 3921 Belgicis
1289 3840 1308 3900 a
1323 3859 1356 3900 se
1368 3839 1481 3900 mutui)
1493 3836 1548 3899 de-

92 3943 106 4004 p
150 3924 239 3988 dent:
268 3925 307 3988 de
331 3945 394 4007 quo
413 3925 484 3988 ride
497 3926 588 3993 Part.
601 3927 631 3990 2.
644 3926 699 3990 ubi
712 3927 750 3990 de
769 3925 937 3993 Cleseitns.
962 3928 992 3988 2.
1017 3925 1118 3989 Extra
1131 3923 1216 3990 hunc
1228 3929 1407 4009 respectum
1420 3925 1548 4008 propria

92 4032 106 4092 p
150 4017 242 4078 *state
266 4011 430 4097 praeditae
451 4017 536 4092 sunt,
559 4037 659 4098 aeque
683 4037 719 4079 ac
735 4015 895 4080 Ecclesiae
909 4014 1071 4098 quaelibet
1082 4014 1302 4098 particulares,
1315 4017 1371 4078 ant
1383 4013 1500 4078 Classis
1514 4013 1547 4076 in
1567 4047 1578 4066 ·

94 4097 106 4160 l
162 4103 214 4176 io:
235 4102 296 4166 hoc
308 4101 395 4165 enirn
407 4101 506 4166 habet
518 4103 749 4189 irrefragabilis
761 4103 925 4169 &celebris
942 4103 997 4167 ille
1013 4124 1113 4166 canon
1127 4103 1244 4167 ordinis
1261 4102 1361 4166 nostri
1372 4102 1547 4167 Ecclesias-

90 4191 106 4260 t
166 4188 315 4266 διαρῤήδην
349 4190 436 4254 omni
461 4191 659 4274 hierarchiae
678 4193 860 4276 oppositus:
883 4194 979 4260 Nulla
998 4192 1132 4256 Ecclesia
1150 4193 1357 4276 septentiam
1370 4191 1546 4269 Ecclesiaste,

94 4299 106 4338 n
166 4301 192 4343 ts
218 4280 362 4344 illinicter
382 4300 481 4363 srtpra
493 4282 594 4348 atium
608 4282 800 4346 Ministrnnr.
814 4283 845 4346 3.
858 4279 948 4357 Quod
961 4285 1068 4345 autem
1081 4284 1210 4363 propter
1221 4281 1282 4344 loci
1294 4279 1479 4344 distantiam
1491 4279 1546 4342 ub-

93 4387 106 4428 n
168 4389 205 4470 ns
218 4369 240 4434 tr
252 4367 472 4451 imperfectius
483 4372 674 4454 potestatem
686 4392 776 4436 suam
789 4374 936 4436 exercent
947 4369 981 4434 in
993 4368 1154 4434 nonnullis
1168 4370 1290 4434 actibus
1303 4365 1546 4468 Ecclesiasticis,

1402 4477 1548 4520 nomma-
