3736 4860
301 305 364 378 131
385 301 389 308 ’
475 357 478 362 ψ
691 299 852 375 Pannona
867 297 1117 410 1166666666666
1140 298 1222 369 Pras
1233 297 1259 367 Ι.
1284 298 1350 367 Lvn.
1362 297 1404 367 Π.
1506 305 1514 318 ”

241 495 245 503 ’
301 517 467 563 vervecum
480 493 513 558 16
522 493 673 578 paschate
682 488 1042 570 mactandorum,&fide
1055 490 1232 570 stellarum,
1245 489 1400 553 ineodem
1412 487 1577 553 Alcmana.
1588 485 1635 551 De
1646 485 1757 570 quibus
1796 531 1800 540 -
1854 461 1856 572 J

302 585 390 650 alibi.
414 583 464 648 De
482 583 648 666 Baptismo
669 581 830 666 Papistico
849 600 1086 664 campanarum,
1099 579 1311 662 omnibusque
1322 577 1438 641 ritibus
1450 575 1693 660 baptismalibus
1705 577 1756 640 ad·

301 673 405 738 hiberi
419 665 1547 758 6611116(661(1661(1116666116666666666666661161161164666666
1561 665 1757 729 ubideuten·
1855 713 1856 752 3

303 763 416 828 silibus
428 758 646 843 Templorum.

346 849 389 915 11.
415 851 538 932 Quaen.
561 849 612 912 Aa
624 845 683 913 soli
700 847 843 913 homines
857 846 1009 924 viventes,
1022 866 1062 908 an
1079 843 1177 908 etiem
1190 843 1333 908 mortui?
1358 844 1447 928 Hesp.
1464 842 1594 907 Certum
1606 847 1655 906 est
1665 842 1758 906 tuisse

302 939 379 1004 olim
391 937 577 1003 Haereticos
589 960 651 1002 non
664 941 801 1015 tantum,
814 936 868 999 sed
880 935 903 999 a
916 933 1105 1010 catholicos,
1119 933 1175 1017 qni
1186 932 1320 998 mortuis
1330 931 1532 1016 Baptismum
1541 930 1755 996 conferebant:
1855 941 1856 1010 j

302 1028 397 1112 idque
416 1027 467 1092 vel
485 1027 669 1091 immediate
684 1025 838 1090 cadavera
850 1022 1012 1108 tingendo,
1028 1022 1079 1086 vel
1091 1021 1228 1086 mediate
1242 1022 1401 1085 viventem
1414 1020 1553 1103 aliquem
1566 1020 1635 1084 1666
1647 1019 1757 1083 martiri

302 1116 501 1202 baptizando.
526 1114 608 1199 Ipsis
622 1113 755 1178 mortuis
766 1112 906 1176 infusam
918 1110 1017 1175 fuisse
1031 1132 1157 1194 aquam,
1170 1109 1377 1193 conqueritur
1391 1109 1633 1194 Chrysostomua
1649 1108 1756 1174 Hamil.
1851 1147 1856 1162 ·

307 1208 334 1269 1.
355 1207 390 1270 in
409 1206 491 1270 Acta.
517 1203 585 1268 Nec
604 1204 723 1267 frustra
741 1203 898 1265 statutum
915 1200 947 1263 in
971 1198 1086 1266 Conui.
1110 1201 1292 1283 Curthupiu.
1309 1220 1339 1261 6.
1357 1198 1431 1260 419.
1449 1203 1591 1281 tempore
1608 1195 1759 1260 Bouilaeii

300 1293 407 1379 Epist.
432 1291 524 1357 Rom.
549 1293 610 1378 (uti
634 1296 810 1372 pavonius
828 1288 985 1352 Justellus
1008 1288 1042 1350 in
1066 1287 1206 1366 Praefat.
1223 1289 1263 1351 ad
1275 1285 1422 1351 codicem
1435 1308 1591 1350 canonum
1603 1285 1758 1349 Ecclesiae

187 1439 192 1450 .
299 1381 470 1447 Africanae
491 1403 567 1467 pag.
589 1382 643 1444 35.
664 1379 731 1462 39.)
745 1377 888 1442 66618.
914 1377 991 1440 lteut
1000 1377 1128 1460 placuit,
1141 1389 1177 1440 ut
1188 1375 1371 1459 corporibus
1383 1375 1603 1458 destitutorum
1616 1375 1757 1439 caeliani-

300 1472 360 1536 stiu
378 1491 445 1536 nou
460 1470 561 1550 detur,
577 1467 799 1551 1161166166
816 1477 955 1530 mortuos
968 1465 1109 1529 16161666
1125 1465 1280 1548 baptizali.
1295 1465 1390 1547 lneiut
1404 1463 1666 1548 Presbyterontm
1678 1465 1758 1547 1666

300 1561 407 1626 runtiu
428 1562 489 1645 (gr.
505 1559 634 1637 ἄγνοια).
658 1553 795 1620 Photius
806 1555 839 1618 in
852 1553 1076 1618 Nomocancne
1089 1553 1141 1617 tit.
1158 1554 1188 1617 4.
1202 1577 1270 1637 cap.
1284 1555 1315 1616 6.
1343 1553 1385 1618 tte
1396 1552 1537 1637 (16166611
1548 1552 1759 1636 baptizentur:

302 1649 357 1713 abi
369 1649 447 1712 citat
462 1647 538 1716 Cau.
555 1646 605 1709 18.
621 1645 734 1712 Cernit.
751 1643 933 1728 Curtlurpin.
946 1642 1128 1727 Alphonaus
1140 1643 1160 1706 ὰ
1174 1643 1282 1707 Castro
1293 1643 1325 1706 C.
1335 1642 1453 1706 laceres.
1464 1635 1760 1724 inuoceduptiaiuua,

302 1739 325 1803 16
338 1759 376 1802 ex
393 1759 429 1800 6ο
447 1740 497 1822 (ut
509 1735 575 1799 fere
587 1734 707 1817 omnia)
720 1733 921 1800 Sebastianus
936 1731 1064 1796 Medicus
1076 1732 1111 1795 in
1127 1731 1261 1796 Summa
1276 1731 1393 1795 haeres
1407 1731 1488 1795 citat.
1503 1732 1617 1794 Conril.
1638 1731 1759 1795 116116-

301 1828 366 1912 9in.
389 1827 419 1890 3.
437 1845 504 1908 cup.
519 1825 548 1888 6.
569 1825 653 1907 quod
665 1827 728 1907 666
740 1820 965 1905 supputatione
977 1820 1001 1884 lt
1012 1824 1076 1902 qua
1093 1820 1153 1882 fide
1165 1818 1274 1896 faciat,
1292 1820 1414 1902 ignoro.
1439 1819 1530 1881 Alios
1544 1819 1687 1882 viventes
1698 1819 1761 1881 loco

302 1919 499 1980 mortuorum
513 1916 531 1976 ir
543 1911 750 1989 Marcionitis,
763 1911 786 1975 6
799 1908 1013 1974 Cerinthianis
1027 1908 1213 1991 baptizatos,
1225 1908 1263 1970 de
1275 1907 1341 1970 illis
1356 1910 1494 1970 testatur
1507 1908 1761 1991 Hurmenopulua

301 2005 339 2068 de
358 2003 451 2068 Sectis
471 2023 537 2086 cap.
569 2002 620 2066 11.
642 1999 877 2085 Τ16661116666
889 1999 924 2062 in
939 1998 968 2060 l.
984 1997 1123 2061 Corinth.
1140 1998 1190 2060 15.
1208 1999 1317 2061 &ante
1333 1996 1379 2059 eis
1394 1994 1633 2080 Chrpaoatomru
1650 1995 1759 2061 116611.

303 2093 356 2155 40.
374 2093 409 2156 in
431 2092 458 2155 1.
482 2090 621 2156 Corinth.
642 2091 694 2154 15.
714 2090 752 2151 de
765 2088 836 2151 istis
852 2086 1054 2170 Epiphaniam
1069 2084 1194 2152 Haeret.
1210 2085 1262 2148 28.
1277 2085 1367 2169 [pag.
1383 2083 1464 2168 646]
1481 2083 1762 2168 6666666661-

303 2192 368 2246 etro
381 2182 436 2246 166.
453 2181 501 2244 611.
519 2179 688 2242 admodum
706 2177 851 2254 miratur,
868 2175 950 2238 unde
963 2174 1023 2238 hoc
1039 2172 1157 2238 habeat
1170 2172 1440 2256 Theophylaotus,
1458 2193 1528 2235 cum
1545 2195 1638 2236 nemo
1656 2173 1763 2236 haere-

303 2269 497 2353 siologcrum
517 2266 672 2330 Marcioni
692 2265 751 2330 hoc
772 2263 937 2328 attribuat.
962 2261 1025 2326 Sed
1044 2261 1153 2326 mirari
1167 2261 1321 2340 desiisset,
1335 2260 1362 2325 si
1374 2260 1568 2345 principium
1584 2263 1701 2326 Hamil.
1715 2261 1765 2322 tu.

306 2357 461 2444 01666661.
483 2355 661 2439 1611ρὶ6161.
675 2355 717 2418 ud
737 2352 914 2420 Corinthios
926 2349 1133 2433 inspexisset3
1147 2351 1278 2434 insuper
1290 2348 1463 2433 cogitasset
1475 2348 1766 2433 Chrysostomuma

304 2445 546 2530 'Pheopbyleoto
567 2444 601 2507 in
617 2442 837 2526 compendium
850 2440 942 2524 quasi
953 2439 1126 2502 redactum.
1150 2436 1201 2503 Ne
1217 2439 1330 2514 dicam,
1345 2441 1363 2500 6
1380 2437 1571 2503 Tertulliano
1583 2437 1649 2502 tit.
1663 2439 1703 2503 de
1715 2439 1767 2502 lle·

174 2583 177 2588 ,
304 2534 493 2600 surrectione
515 2532 674 2616 baptisma
693 2531 758 2595 tale
777 2528 882 2594 vocari
904 2528 1076 2603 vicendium
1097 2529 1120 2593 1
1139 2527 1191 2592 tit.
1205 2527 1233 2591 5.
1247 2548 1272 2591 6.
1285 2527 1485 2605 Marciorum,
1499 2527 1603 2590 notari
1616 2527 1701 2604 illos,
1717 2525 1767 2610 qui

305 2627 385 2688 vane
406 2643 464 2706 pro
482 2621 616 2684 mortuis
632 2619 854 2704 baptizantur;
869 2617 953 2700 quod
971 2617 1210 2702 Chrysoatomua
1223 2617 1327 2680 166611.
1340 2619 1453 2679 natum
1465 2619 1558 2698 putat
1570 2637 1608 2678 ex
1620 2617 1707 2679 male
1722 2615 1768 2678 in·

304 2712 433 2776 tellecta
449 2711 518 2776 1666
533 2712 560 2773 1.
578 2709 647 2774 Cor.
663 2709 713 2771 15.
730 2729 758 2771 u.
773 2707 824 2769 29.
850 2705 1083 2770 Foedissimum
1098 2704 1183 2768 hunc
1196 2726 1334 2770 errorem
1346 2726 1385 2768 ex
1398 2703 1617 2787 simplicitate,
1629 2707 1653 2768 a
1667 2724 1769 2768 euure

309 2800 456 2884 populari
468 2803 573 2864 crtum
590 2797 668 2862 velit
681 2797 888 2880 Albuapineus
899 2794 964 2859 116.
981 2795 1009 2856 1.
1026 2793 1182 2858 Obseruut.
1197 2793 1227 2856 9.
1242 2794 1336 2875 idque
1347 2793 1521 2856 canonibus
1540 2791 1607 2855 fere
1623 2791 1769 2856 omnibns

311 2888 475 2953 affirmari.
500 2885 562 2952 Sed
577 2886 605 2951 si
620 2886 692 2969 6616
707 2887 853 2950 accurate
874 2885 961 2967 legat
982 2883 1140 2946 66666616
1162 2883 1277 2948 Concil.
1294 2881 1476 2965 Carthagili.
1496 2903 1592 2964 supra
1613 2880 1664 2945 cit.
1679 2881 1769 2944 facile

310 2977 542 3041 animadvertet
553 2975 760 3059 presbyteros
773 2976 795 3038 6
807 2973 943 3037 Clericus
956 2971 996 3034 ab
1009 2971 1069 3034 haic
1081 2971 1306 3054 superstitione
1318 2991 1381 3034 non
1393 2969 1492 3034 161666
1504 2969 1675 3033 immunes.
1691 2969 1768 3034 llum
1845 2991 1851 3008 ·

311 3071 419 3130 autem
430 3065 559 3144 referre,
572 3068 620 3128 est
636 3063 787 3128 refutare.

355 3153 414 3219 111.
439 3154 562 3235 Quneat.
590 3151 639 3216 An
656 3151 805 3216 monstris
818 3149 1003 3233 Baptismus
1019 3147 1251 3212 conferendus?
1270 3149 1358 3232 Hesp.
1373 3145 1517 3210 Monstra
1531 3169 1571 3210 ex
1587 3145 1770 3211 hominibus

310 3247 396 3322 nata,
416 3243 556 3328 triplicia
575 3246 665 3304 sunt:
684 3263 766 3324 quae
779 3239 881 3303 sonna
893 3239 916 3302 ir
928 3237 1032 3322 ligura
1047 3241 1177 3301 externe
1188 3237 1313 3300 nullum
1327 3236 1485 3298 humanae
1500 3235 1770 3300 6666661166-

309 3337 401 3396 turae
420 3331 571 3395 indicium
590 3328 730 3394 faciunt:
751 3349 833 3412 quae
853 3331 975 3392 certum
995 3326 1124 3408 aliquod
1146 3325 1298 3388 iudicium
1317 3324 1457 3388 faciunt:
1475 3345 1556 3407 quae
1572 3323 1673 3388 dubia
1689 3327 1770 3388 6661.

310 3419 411 3484 Primi
426 3420 553 3504 generis
565 3422 640 3482 sunt
652 3417 741 3498 16166,
754 3439 857 3494 canes,
870 3409 1010 3500 porcelli,
1023 3415 1096 3498 equi
1108 3436 1147 3477 ex
1159 3413 1343 3477 hominibus
1354 3413 1439 3486 nati;
1456 3413 1573 3495 quibus
1586 3411 1770 3496 Baptismus

309 3531 373 3573 non
396 3508 500 3593 magis
522 3506 729 3572 conferendus
754 3509 811 3583 est,
835 3526 932 3588 quam
954 3503 1116 3568 vermibus
1135 3501 1381 3576 intestinalibus‚
1394 3505 1450 3565 aut
1460 3501 1583 3584 villosis
1598 3501 1769 3576 vermibus,

310 3619 389 3681 quos
412 3596 560 3662 monialis
583 3593 798 3659 Gandavensis
818 3597 912 3677 partu
934 3593 1027 3655 enixa
1047 3595 1115 3655 erat
1133 3593 1215 3654 teste
1230 3591 1336 3658 Detrio
1354 3591 1389 3653 in
1399 3590 1541 3674 Diuquia
1556 3590 1696 3674 Magicis
1720 3590 1771 3654 Se-

302 3685 407 3753 eundi
425 3684 551 3770 generis
572 3688 656 3764 sunt,
677 3683 822 3748 homines
839 3677 906 3744 sine
930 3679 1080 3757 brachiis,
1101 3679 1663 3762 6616661666661666116,6616616
1676 3677 1771 3742 ternis

309 3773 511 3859 quaternisve
521 3773 652 3856 pedibus
665 3772 745 3846 nati;
760 3774 816 3834 aut
827 3769 931 3853 capite
944 3771 967 3835 a
979 3773 1105 3852 pectore
1117 3767 1279 3831 hominem
1292 3767 1477 3846 referentes,
1486 3767 1540 3830 sed
1549 3766 1707 3846 cruribus,
1717 3771 1771 3830 aut

309 3864 412 3927 infimi
432 3862 550 3926 ventris
570 3861 714 3945 partibus
733 3860 861 3943 aliquod
882 3859 1021 3922 brutum.
1050 3857 1143 3921 Tertii
1162 3856 1287 3940 generis
1307 3860 1381 3920 sunt
1393 3859 1535 3918 monstra
1547 3855 1690 3930 humana
1706 3855 1772 3919 sine

309 3953 423 4036 capite,
443 3957 499 4015 aut
518 3950 601 4013 binis
621 3951 779 4033 capitibus
803 3947 963 4030 praedita:
985 3947 1088 4028 iisque
1112 3949 1170 4008 661
1192 3944 1445 4018 collateralibus3
1463 3947 1520 4006 aut
1537 3943 1771 4018 subordinatis;

310 4047 366 4104 aut
386 4061 521 4123 quorum
539 4039 675 4102 alterum
695 4038 764 4102 loco
784 4035 924 4100 naturali
941 4034 1038 4098 situm
1058 4036 1117 4111 est,
1138 4033 1274 4097 alterum
1294 4055 1333 4097 ex
1346 4031 1472 4106 infirmo
1486 4035 1598 4096 ventre
1610 4032 1773 4115 prospicit.

310 4127 454 4192 Monstra
468 4127 610 4211 siguram
630 4128 805 4191 humanam
824 4124 1003 4203 refereniia,
1017 4123 1072 4187 sed
1093 4121 1255 4205 acephala,
1269 4143 1332 4185 non
1350 4125 1459 4204 putem
1475 4120 1683 4203 baptizanda:
1696 4121 1773 4204 quia

309 4239 366 4281 arx
382 4218 405 4282 a
419 4214 547 4280 officina
563 4238 712 4280 sensuum
724 4217 821 4279 deest.
846 4213 929 4277 Bina
941 4212 1046 4296 capita
1058 4212 1080 4275 lt
1094 4215 1222 4294 pectora
1234 4209 1440 4288 collateralia,
1453 4213 1509 4273 aut
1521 4209 1584 4272 sibi
1598 4214 1711 4273 mutui>
1724 4209 1773 4272 in·

309 4309 485 4388 corporata,
506 4303 673 4387 sigillatim
694 4301 884 4387 baptizanda
896 4301 1090 4384 judicarem
1103 4299 1180 4382 quia
1191 4299 1224 4362 in
1237 4298 1438 4382 quibusdam,
1452 4319 1534 4380 quae
1547 4297 1588 4361 ad
1601 4319 1700 4362 annos
1713 4297 1773 4360 ali·

310 4397 388 4476 6661
408 4393 565 4469 vixerunt,
585 4393 817 4473 deprehensum
838 4393 896 4467 est,
912 4412 952 4454 ex
970 4389 1136 4453 contrariis
1158 4387 1331 4451 ratiociniis
1352 4387 1570 4464 dedentibus,
1583 4386 1663 4450 duos
1675 4385 1774 4450 fuisse

1629 4474 1774 4538 honnnes
