3768 4842
283 307 440 372 Tuaen.
476 305 502 371 Ι.
540 304 853 370 DnEconusra
886 302 1142 368 lusuruurl.
1179 303 1273 370 Cre.
1310 303 1368 370 IV.
1515 305 1557 372 55

102 517 259 579 superesse
284 497 306 561 d
329 493 492 578 superflua
519 493 688 578 pertinent.
724 489 966 557 Ooufoederatio
989 495 1013 558 tu
1034 493 1162 576 quidem
1194 491 1344 576 explicita
1372 493 1476 579 magis
1501 498 1557 560 aut

21 623 22 626 κ
102 584 210 663 minus,
224 583 437 650 essentialiter
449 586 471 650 to
483 588 520 647 ut
532 582 576 648 sic
589 581 795 659 considerata,
810 581 850 645 ab
862 581 1013 646 Ecclesiis
1025 584 1109 646 recte
1121 581 1302 646 constitutis
1309 585 1364 646 aut
1376 581 1557 648 reformatis

105 675 206 738 abesse
230 695 295 738 non
318 672 421 736 debet.
447 669 482 736 Si
506 671 622 736 alicubi
641 672 763 745 ἥττημα
776 671 818 735 sit
830 674 886 734 aut
901 670 1055 735 hacteuus
1069 670 1177 750 fuerit,
1189 670 1269 734 illud
1280 671 1503 755 supplendum,
1520 673 1560 738 ad

105 765 260 846 exemplar
273 763 313 826 ad
325 761 494 827 minimum
506 760 722 826 Ecclesiarum
734 759 927 825 Gallicarum
940 763 963 826 b
975 759 1190 846 Belgicarum.
1204 757 1367 835 Quomodo
1379 758 1475 840 Galli,
1485 761 1560 826 Bel·

105 875 163 938 gae,
179 852 304 936 aliique
317 849 484 916 reformati
494 850 654 914 Ecclesiae
666 849 734 914 siue
747 848 914 932 disciplina
926 852 948 916 tu
960 854 1092 914 censura
1103 849 1326 914 Ecclesiastico
1342 849 1460 914 alicubi
1482 851 1560 918 sub-

105 943 243 1006 u'stentes
263 943 394 1026 (norunt
418 939 473 1024 qui
489 940 589 1005 Besae
601 941 623 1005 tu
635 940 741 1004 Erosli
752 939 884 1004 aduersa
895 939 1010 1020 scripto
1023 939 1060 1002 de
1071 939 1399 1004 Mamurraunicoliooe
1410 941 1558 1025 legerunt,

105 1054 171 1114 quas
183 1029 348 1095 Ecclesiae
360 1029 535 1115 designem)
548 1051 586 1092 ex
599 1028 672 1092 albo
684 1027 929 1092 reformatorum
938 1027 1153 1092 Ecclesiamm
1161 1050 1222 1092 non
1234 1033 1430 1113 expungunt,
1438 1029 1561 1106 ἥττημα

16 1171 17 1206 ,
105 1128 203 1184 umen
226 1142 339 1184 earum
359 1118 421 1182 hac
439 1119 473 1182 in
484 1122 577 1203 parte
589 1139 647 1182 neo
658 1117 808 1201 probant,
820 1138 878 1180 nec
890 1138 946 1201 pro
960 1139 996 1181 eo
1009 1121 1117 1180 contra
1129 1117 1261 1182 meliora
1273 1121 1438 1184 monentes
1449 1117 1560 1182 multis

16 1209 17 1216 '
105 1209 177 1294 logis
189 1209 396 1274 contendunt.
420 1205 455 1270 si
479 1229 612 1290 quaeras
636 1229 793 1290 quaenam
806 1206 871 1271 sint
887 1205 1094 1270 accidentalia
1110 1209 1133 1272 du
1148 1205 1340 1290 peristatica,
1359 1211 1416 1271 aut
1427 1229 1508 1291 qnae
1520 1206 1561 1272 ad

104 1298 176 1362 bene
188 1321 258 1362 esse
270 1296 433 1382 pertinent
443 1295 496 1360 hic
504 1296 643 1360 breviter
652 1296 792 1382 designo.
805 1297 832 1360 l.
845 1298 881 1361 Ut
890 1295 952 1379 ipsi
963 1294 1152 1361 admittendi
1160 1317 1265 1359 coram
1273 1298 1341 1359 toto
1350 1299 1442 1360 coetu
1450 1295 1562 1360 Eccle-

16 1420 17 1472 ᾗ
105 1387 227 1452 siastico
257 1386 331 1452 fidei
355 1385 584 1468 professionem
599 1385 704 1463 edant,
720 1384 1063 1452 &confoederationem
1081 1384 1172 1449 illam
1187 1385 1305 1449 ineant.
1329 1383 1562 1470 Dequosupra

15 1473 17 1556 j
104 1498 162 1559 cup.
189 1479 219 1540 3.
245 1475 394 1540 diximus.
419 1475 449 1538 2.
478 1477 515 1540 tu
527 1473 600 1538 fidei
611 1497 687 1538 suae
699 1477 722 1540 dr
736 1475 822 1540 illius
835 1473 1117 1538 confoederationis
1133 1473 1362 1558 professionem
1376 1475 1471 1538 edant
1482 1496 1558 1559 pro·

15 1611 16 1616 κ
104 1565 166 1649 pria
194 1567 217 1632 b
241 1564 392 1630 contiuua
416 1565 568 1643 oratione,
592 1563 723 1647 insuper
741 1563 1020 1647 scriptobmanus
1033 1561 1282 1648 subsignatione,
1295 1564 1556 1636 utbiuramento

103 1677 167 1718 eam
179 1655 377 1718 confirment.
401 1653 450 1718 De
467 1653 582 1738 quibus
594 1675 700 1737 supra.
726 1656 756 1717 3.
786 1655 822 1720 Ut
834 1655 1048 1736 competentes
1063 1652 1214 1736 privatim
1225 1651 1315 1736 prius
1328 1651 1557 1730 examinentur,

104 1747 271 1828 antequam
301 1743 342 1807 ad
365 1742 438 1807 fidei
459 1742 689 1827 professionem
712 1765 818 1808 coram
842 1741 986 1806 Ecclesia
998 1741 1218 1806 admittantur.
1243 1739 1333 1817 Quod
1346 1740 1474 1825 quidem
1489 1740 1559 1805 fieri

104 1838 241 1915 praestat
255 1835 279 1898 t
291 1833 393 1896 tutius
407 1837 464 1910 est,
477 1854 516 1896 ne
529 1833 710 1896 accedentes
723 1832 892 1916 aliquando
902 1830 1065 1915 repulsam
1076 1830 1182 1896 ferant
1193 1835 1324 1915 propter
1333 1829 1558 1916 ignorantiam.

103 1920 142 1985 Et
163 1923 223 1987 hoo
249 1921 284 1986 in
312 1921 431 2005 optime
452 1921 632 1986 constitutis
645 1920 795 1986 Ecclesiis
808 1922 891 2006 apud
904 1943 960 1984 nos
972 1919 1017 1983 sic
1029 1920 1161 1986 obtinet.
1184 1920 1305 1985 Tamen
1317 1941 1380 1986 uon
1393 1924 1440 1984 est
1453 1941 1559 1984 essen-

15 2009 17 2043 *
104 2012 176 2076 liele
198 2015 255 2076 aut
267 2010 500 2088 necessarium
518 2009 624 2074 omitti
637 2009 721 2074 enim
738 2013 851 2094 potest,
865 2032 936 2074 oum
949 2009 1082 2092 alicujus
1094 2011 1234 2096 cognitio
1246 2009 1341 2074 alicui
1353 2032 1391 2073 ex
1402 2008 1559 2074 Ministris

16 2137 17 2143 κ
104 2107 156 2166 aut
178 2099 365 2166 Senioribus
389 2100 468 2164 satis
491 2121 647 2182 superque
673 2100 837 2183 explorata
864 2103 923 2164 est.
946 2099 976 2162 4.
999 2101 1035 2164 Ut
1048 2099 1236 2164 admittendi
1249 2099 1289 2163 ad
1306 2098 1559 2163 communionem

105 2189 272 2268 Ecclesiae,
285 2188 375 2274 prius
387 2211 445 2274 per
458 2188 617 2272 privatam
628 2191 651 2254 b
663 2187 854 2254 familiarem
866 2187 1134 2253 conversationem
1147 2189 1218 2253 aliis
1231 2189 1320 2274 [pag.
1331 2187 1390 2274 62]
1399 2187 1560 2253 Ecclesiae

106 2280 252 2344 membris
263 2279 412 2363 proprius
425 2278 641 2342 innotescant:
655 2278 710 2362 qui
721 2279 833 2342 testari
844 2282 985 2361 possent,
998 2300 1050 2342 eos
1061 2300 1124 2343 non
1137 2301 1205 2343 esse
1221 2277 1382 2356 absurdos,
1399 2273 1557 2357 φορτικοὺς,

15 2434 17 2444 1
107 2367 239 2436 bendere
265 2370 298 2442 (l.
310 2365 474 2440 αὖθαδεῖς),
487 2365 645 2446 factiosos,
659 2367 859 2432 simulatores
872 2371 894 2451 tu
906 2366 1155 2433 dissimulatores
1167 2366 1310 2432 omnium
1319 2389 1327 2440 ;
1337 2364 1479 2450 aquibus
1488 2386 1560 2428 con·

107 2457 269 2535 tentiones,
293 2455 416 2532 turbae,
441 2455 600 2536 scismata,
624 2457 772 2521 scandala
794 2457 940 2522 ridentur
956 2458 1134 2521 metuenda.
1159 2455 1247 2532 Quae
1260 2455 1424 2520 abundans
1436 2453 1560 2519 cautela

107 2546 218 2630 ubique
233 2550 271 2610 ut
284 2545 476 2609 adhibeatur
488 2543 613 2610 facilius
629 2546 733 2629 optari
745 2569 841 2629 quam
853 2545 975 2631 sperari
986 2550 1104 2630 potest.
1127 2544 1261 2610 Interim
1272 2545 1409 2610 nolimus
1423 2566 1493 2608 eam
1505 2543 1561 2606 ad-

16 2663 17 2670 *
107 2636 226 2700 mittere
244 2639 282 2699 nt
303 2634 516 2698 conditionem
531 2638 754 2718 perpetuam&
766 2635 909 2699 absolute
921 2636 1141 2712 necessariam,
1154 2635 1297 2718 sineque
1313 2633 1432 2699 exclusi
1444 2632 1508 2697 sint
1520 2632 1559 2697 ab

105 2723 261 2790 Ecclesiae
275 2722 508 2802 communione,
522 2727 678 2808 quotquot
690 2729 815 2789 caetera
823 2723 1105 2790 doctrinaeduvitae
1114 2725 1267 2809 probatae
1276 2746 1347 2788 eam
1355 2725 1518 2808 expetunt.
1528 2723 1558 2786 5.

15 2827 17 2857 l
110 2816 143 2880 ll
149 2814 216 2897 ipse
222 2813 426 2878 admitendus
438 2812 593 2877 desideret
599 2818 694 2897 atque
710 2813 1127 2898 expetatoommunionemdt
1137 2809 1559 2879 confoederationemEocle·

16 2939 17 2943 =
106 2902 273 2980 siasticam,
295 2905 393 2986 atque
404 2900 465 2965 hoc
481 2925 574 2966 suum
587 2901 776 2970 desiderium
792 2902 889 2967 alicui
900 2925 938 2966 ex
951 2899 1133 2968 Senioribus
1146 2905 1293 2987 exponat.
1320 2899 1411 2977 Quod
1426 2900 1454 2964 si
1465 2899 1558 2963 intel-

16 3031 17 3070 5
107 2993 203 3078 ligant
224 2992 364 3076 priorem
377 2993 523 3075 &sponte
536 3013 572 3056 ac
584 2995 672 3055 motu
684 2992 814 3076 proprio
830 2992 943 3056 debere
960 3013 993 3056 se
1005 2992 1117 3057 offerre
1129 2991 1392 3057 catechumenum
1403 3012 1459 3054 seu
1474 3011 1559 3054 com·

15 3085 17 3150 l
105 3085 278 3165 petentem
300 3080 411 3164 ntique
430 3081 513 3144 hanc
529 3080 716 3164 requisitam
737 3081 949 3145 conditionem
967 3081 1007 3144 ad
1026 3081 1186 3166 superflua
1205 3077 1279 3147 &ab
1292 3080 1427 3144 nimium
1439 3077 1557 3163 rejicio.

16 3195 17 3200 ¹
107 3169 207 3246 Quid?
231 3193 273 3233 an
299 3191 363 3234 non
390 3169 562 3249 tardantes
583 3169 666 3234 nihil
677 3169 741 3235 tale
758 3173 942 3254 appetentes
955 3170 1123 3250 excitandi,
1136 3169 1305 3245 alliciendi,
1318 3166 1561 3253 compellendi&

105 3258 314 3343 spiritualiter
337 3259 601 3323 circumveniendi
624 3281 660 3323 ao
683 3264 836 3343 tanquam
859 3259 961 3344 pisces
973 3265 1067 3323 nassa
1079 3259 1260 3324 attrahendi
1273 3257 1396 3332 ἀκαίρως
1410 3254 1560 3332 decisae?

16 3345 17 3358 ¹
106 3348 203 3412 Docet
226 3347 288 3412 hoc
311 3349 476 3432 Apostolus
499 3349 533 3412 io
552 3349 753 3433 Epistolisod
774 3349 967 3414 Tiuuothcnm
979 3349 1009 3414 a·
1026 3349 1358 3432 TicaaaaaSaripurea
1370 3347 1407 3412 de
1418 3346 1563 3410 Ministro

106 3438 281 3521 Euangelii,
309 3441 404 3520 atque
428 3436 561 3512 eximius
574 3438 629 3501 ille
642 3437 726 3502 inter
736 3437 854 3523 Belgas
870 3438 1027 3522 practicus
1049 3439 1168 3504 Willuet.
1186 3437 1359 3522 Tcelbupins
1372 3435 1407 3499 ia
1420 3436 1562 3501 Necessa-

109 3528 153 3590 rid
180 3527 463 3604 mutuaenutuae,
487 3529 510 3592 dr
531 3526 639 3611 praxis
663 3527 805 3592 omnium
828 3531 912 3592 recte
933 3527 1181 3592 constitutarum
1196 3526 1422 3592 Ecclesiamm.
1446 3521 1564 3590 Sunt&

107 3615 184 3680 aliae
208 3614 403 3680 conditiones
426 3637 482 3680 seu
502 3616 732 3710 praerequisita
744 3616 878 3681 foederis
895 3640 956 3681 non
973 3621 1040 3681 tam
1052 3616 1268 3696 accidentalia,
1282 3636 1379 3698 quam
1391 3611 1562 3697 superflua,

16 3745 17 3750 κ
108 3705 132 3768 si
155 3726 217 3768 non
246 3705 401 3788 opposita.
427 3705 457 3768 1.
486 3707 523 3770 ru
549 3706 678 3770 modum
701 3706 912 3778 conversionis
924 3729 999 3770 suae
1011 3705 1138 3770 referat.
1163 3703 1252 3780 Quod
1268 3701 1564 3787 supraperstn'uxi-

109 3816 187 3856 urus.
211 3794 243 3858 2.
272 3795 308 3858 tl
323 3794 430 3858 omnia
441 3795 586 3858 membra
596 3793 769 3873 Ecclesiae,
786 3799 895 3859 contra
906 3795 989 3860 hanc
1000 3794 1197 3870 relationem,
1214 3793 1321 3859 &fidei
1333 3790 1564 3875 professionem

171 3883 202 3946 ia
226 3883 249 3948 t
269 3881 467 3966 exceptiones
480 3906 553 3948 suas
565 3887 761 3968 proponant:
775 3884 890 3968 quibus
903 3885 930 3949 si
943 3907 981 3949 ex
993 3887 1065 3948 voto
1078 3887 1133 3948 aut
1142 3883 1261 3968 judicio
1274 3904 1383 3946 eorum
1395 3902 1459 3945 uon
1470 3879 1564 3944 satis·

171 3977 212 4049 nt,
239 3972 379 4056 receptio
402 3972 468 4055 ejus
491 3973 525 4036 in
537 3973 647 4038 foedus
660 3976 683 4039 du
698 3973 951 4038 communionem
962 3973 1122 4038 Ecclesiae
1139 3972 1312 4037 differatur.
1337 3970 1427 4046 Quod
1438 3973 1565 4033 tantum

171 4063 198 4137 lt,
225 4066 260 4124 nt
282 4065 474 4144 perpetuum
496 4063 520 4128 du
536 4062 713 4128 universale
726 4085 793 4127 esse
806 4063 929 4142 debeat,
943 4067 978 4128 ut
991 4062 1087 4127 etiam
1099 4084 1161 4126 non
1173 4083 1287 4145 parum
1299 4059 1521 4146 periculosum,
1535 4058 1563 4122 si

191 4149 362 4216 absurdum
387 4149 541 4216 videatur.
565 4150 600 4216 Si
623 4151 740 4217 alicubi
763 4151 882 4217 Doctor
904 4152 1096 4236 theologiae,
1109 4155 1164 4216 aut
1176 4149 1325 4215 Minister
1337 4147 1565 4213 examinandus

175 4243 198 4316 t,
223 4239 316 4304 facile
339 4239 449 4319 talem,
472 4241 536 4304 imo
560 4240 663 4306 adhuc
685 4242 870 4327 rigidiorem
896 4241 1050 4306 examinis
1070 4240 1200 4305 modum
1213 4239 1424 4304 concederem.
1449 4233 1565 4302 Confer

175 4351 292 4414 usupra
303 4328 453 4394 diximus.
479 4330 508 4393 3.
538 4332 575 4396 Ut
586 4329 696 4396 foedus
708 4331 790 4396 illud
801 4353 863 4394 uon
876 4330 1076 4411 dissolvatur,
1090 4331 1209 4413 absque
1222 4351 1377 4394 consensu
1393 4325 1485 4392 istius
1502 4324 1565 4389 Ec·

183 4440 226 4484 ee.
250 4417 425 4503 Distingue
448 4418 501 4484 hic
513 4419 751 4486 dissolutionem
763 4420 926 4502 directam,
940 4422 979 4486 ab
992 4419 1155 4502 indirecta,
1167 4441 1223 4484 seu
1239 4441 1321 4503 quae
1337 4418 1568 4567 consequeptep

1480 4525 1499 4566 a
1513 4525 1546 4567 ru
