3722 4850
296 281 337 344 86
674 275 833 342 Pomrrexa
860 275 1108 340 Ecoxssmsrrcaa
1133 274 1213 339 Pms
1238 273 1262 338 I.
1287 274 1352 338 Lm.
1376 273 1418 339 Il.

296 470 329 533 in
352 467 445 532 viridi
465 467 565 550 ligno,
583 465 658 548 qnid
679 465 734 528 fiet
754 465 785 528 in
803 464 916 528 arido?
940 461 974 527 Si
988 463 1047 527 hoc
1060 467 1213 546 tempore,
1232 462 1308 548 quid
1327 467 1398 546 post
1410 464 1577 527 decursum
1590 483 1752 537 annorum,

297 558 353 622 ubi
371 555 527 640 paulatim
547 554 681 618 creverit
697 554 800 617 cultus
817 553 995 636 organicus,
1017 552 1190 616 decreverit
1206 551 1345 632 cognitio
1358 552 1534 634 spiritualis
1551 553 1573 615 tr
1590 551 1695 634 prima
1707 573 1753 614 ca·

298 648 386 710 ritas.
404 644 445 709 H.
465 646 574 718 dulim
595 643 676 718 Quia
692 642 751 706 boc
775 640 969 724 ipsissimum
984 646 1041 719 est,
1055 643 1139 723 (quod
1153 639 1309 704 Pontificii
1322 639 1458 723 Organis
1473 639 1538 704 suis
1551 645 1753 723 praetexunt:

297 740 334 799 nt
346 734 491 798 homiues
505 737 594 796 tanto
608 732 721 795 melius
734 731 911 794 excitentur
924 733 946 794 tr
959 729 1182 813 disponantur:
1197 731 1235 792 ad
1248 729 1453 812 hymnodiam
1463 751 1601 793 sacram:
1616 727 1753 812 quamvis

298 825 352 888 ille
370 821 575 886 verecundius
595 823 618 886 tr
638 820 781 884 timidius
799 821 837 882 ad
855 820 948 883 rudes
968 819 1121 901 quosdam
1135 819 1158 882 tr
1172 819 1312 882 infirmos
1329 819 1501 903 restringat
1511 849 1518 892 ;
1534 817 1585 882 hic
1598 823 1704 881 autem
1718 816 1754 880 ri-

299 914 410 978 deatur
431 911 528 975 etiam
547 910 684 973 maxime
705 909 774 991 pios
790 911 813 974 dr
830 909 936 970 lirinus
954 907 1134 971 obtendere.
1160 907 1222 970 Sed
1241 907 1463 970 excitationem
1482 907 1565 970 hauc
1578 906 1753 991 organicam

299 1024 395 1084 supra
412 999 674 1064 exrmrinarimns.
692 997 750 1062 lll.
765 999 864 1075 ltalia,
877 997 968 1071 Quod
980 995 1141 1081 aliquibus
1154 997 1176 1060 tr
1190 995 1424 1074 nuululationiS,
1438 999 1461 1061 lc
1475 997 1643 1059 rerlmrum
1655 995 1755 1080 gnaris

299 1091 383 1154 hunc
395 1112 489 1153 usum
503 1087 646 1164 subinde,
660 1089 682 1152 tc
695 1087 821 1170 quidem
836 1085 913 1150 satis
927 1089 1047 1148 remoto
1060 1109 1095 1148 ac
1109 1085 1247 1148 tenuiter
1260 1084 1287 1147 si
1300 1107 1361 1148 nrm
1371 1108 1427 1168 per
1436 1086 1592 1162 accidens,
1605 1089 1755 1167 praestare

300 1183 421 1262 potest:
443 1178 523 1240 illud
535 1181 624 1240 truita
637 1199 707 1240 curn
721 1176 788 1239 zelo
802 1178 925 1238 nonest
938 1175 1154 1252 retinendum,
1165 1175 1280 1236 nedum
1295 1177 1384 1237 tauto
1397 1197 1469 1237 cum
1484 1174 1621 1257 strepitu
1634 1175 1672 1237 de
1684 1195 1756 1236 noro

299 1267 561 1332 introducendum
582 1266 614 1327 in
628 1265 749 1328 cultum
763 1263 935 1347 publicum.
961 1262 1030 1326 Hoc
1042 1263 1184 1346 alioquin
1198 1266 1364 1345 praetextu
1379 1286 1439 1327 non
1453 1263 1585 1326 retineri
1598 1267 1655 1326 runt
1664 1263 1755 1326 iutro-

299 1357 371 1421 duei
383 1360 499 1439 posset,
513 1358 535 1420 b
547 1357 625 1437 quem
637 1357 711 1416 sunt
722 1353 889 1417 bominum
903 1355 975 1414 rota
988 1352 1082 1434 (velle
1095 1351 1179 1415 enim
1193 1375 1285 1414 snum
1300 1352 1412 1436 cuique
1426 1355 1483 1426 est,
1494 1373 1550 1414 nec
1561 1356 1633 1416 voto
1644 1351 1753 1414 vivitur

300 1453 376 1522 uno)
397 1468 433 1508 ac
455 1444 695 1516 e'teoroyapzoize,
717 1447 765 1506 tot
788 1442 892 1504 cultus
905 1440 1109 1503 ecelesiastici
1131 1445 1249 1523 partes,
1262 1439 1463 1516 adminicula,
1482 1441 1753 1518 incitamentatn..

300 1534 450 1598 constitui
467 1533 628 1596 deberent.
653 1530 702 1594 lta
718 1531 860 1594 ridemus
876 1531 1071 1593 Osiurulrruu
1084 1530 1127 1593 cul
1144 1530 1155 1590 l
1175 1529 1313 1593 Corbulo.
1331 1529 1380 1592 ll.
1397 1553 1469 1593 cum
1484 1529 1756 1613 jonivillaeus

301 1623 463 1688 liettardo
482 1643 579 1704 supra
590 1621 636 1684 cit.
651 1620 817 1684 defemlere
829 1619 946 1682 latinas
960 1619 1122 1681 cantiones
1136 1617 1166 1681 iu
1181 1618 1278 1682 sacris
1291 1619 1330 1682 ad
1343 1616 1506 1701 (lrganmn
1521 1623 1677 1696 cerataulas,
1689 1619 1766 1701 qnia,

301 1712 368 1776 scil.
389 1711 518 1794 quidam
541 1709 663 1773 suntin
684 1707 828 1791 Templo,
849 1707 904 1792 qui
922 1706 1118 1788 intelligunt.
1144 1705 1199 1770 IV.
1220 1709 1328 1780 llulio;
1342 1708 1423 1781 (bria
1436 1709 1563 1771 darmua
1576 1709 1599 1771 la
1612 1706 1757 1790 pericula,

302 1823 383 1884 cquae
402 1800 442 1863 ab
458 1800 559 1862 altera
580 1802 670 1881 parte
691 1797 854 1860 minantur
877 1799 934 1859 aut
953 1795 1131 1874 irnrniuent,
1153 1798 1252 1859 multo
1272 1796 1363 1878 plura
1384 1820 1419 1860 ac
1432 1797 1553 1878 urajora
1566 1801 1654 1869 suut;
1667 1818 1759 1879 quam

302 1889 435 1966 utilitas,
461 1911 541 1970 qcrrm
567 1887 771 1970 praetexitur.
798 1885 880 1949 Sunt
903 1888 1008 1948 autem
1033 1907 1071 1948 ea
1094 1884 1215 1966 speeies
1239 1885 1317 1948 mali
1339 1886 1362 1948 dr
1386 1885 1570 1949 collusionis
1594 1908 1665 1948 cum
1689 1886 1755 1947 offi-

303 1978 351 2042 eio
363 1977 533 2059 Papistico,
546 1974 741 2052 scamtalum,
754 1974 922 2057 multiplex
935 1973 1057 2036 occasio
1069 1973 1156 2051 mali,
1171 1973 1354 2056 prostitutio
1368 1973 1604 2038 reformationis
1617 1978 1639 2039 d
1653 1973 1758 2037 llelor-

303 2071 473 2144 matorum,
486 2065 600 2128 derisio
617 2065 686 2142 aeli,
700 2062 850 2138 ἁκριβεὶκς
866 2087 901 2127 ac
917 2061 1103 2145 prudentiae
1119 2063 1273 2144 majmmn
1287 2066 1478 2127 nostrorum:
1491 2064 1547 2146 qui
1562 2067 1597 2126 ut
1609 2062 1759 2142 'l'lreologi

304 2179 340 2218 ac
365 2155 534 2218 Auditores
554 2152 655 2217 crucis
676 2156 776 2229 eraut,
797 2154 841 2215 sic
861 2152 891 2214 in
907 2151 1059 2235 ejusurodi
1081 2151 1299 2232 dijrulicarnlis,
1316 2151 1490 2236 'l'lreologis
1510 2155 1534 2218 tr
1556 2151 1760 2216 Arulitoribus

303 2244 394 2318 lucis,
410 2243 521 2325 (parles
542 2242 696 2318 hodierni,
715 2241 793 2305 barat
814 2263 926 2323 parum
948 2239 1144 2321 praestitisse
1161 2241 1317 2305 ridentur.
1343 2240 1383 2304 V.
1405 2243 1514 2308 Retio:
1530 2239 1760 2324 Sequeretur&

304 2332 368 2395 alia
389 2331 601 2394 instrnnumta
617 2329 749 2408 Musica,
767 2330 887 2413 (qualia
900 2331 953 2392 I's.
968 2330 1020 2390 33.
1038 2331 1061 2392 dr
1078 2329 1148 2390 lan.
1178 2329 1191 2390 l
1210 2331 1403 2413 Paralipoua
1422 2331 1489 2412 25.)
1502 2330 1653 2394 utensilia
1666 2351 1760 2404 saera,

304 2422 326 2484 tu
343 2419 448 2484 nescio
462 2443 543 2502 qnae
556 2419 680 2482 aurium
693 2423 789 2502 atque
805 2418 968 2482 oculorum
985 2417 1190 2481 delinimenta
1207 2419 1274 2500 pari
1283 2420 1355 2502 jure
1370 2419 1614 2492 introducemla;
1632 2423 1667 2482 ut
1682 2417 1760 2480 firmi

305 2509 457 2592 pariter&
473 2509 600 2585 infirmi,
614 2506 763 2571 Musici&
777 2507 907 2578 Ξμενσσι,
923 2510 1012 2568 tauto
1026 2505 1129 2589 arrigis
1143 2507 1335 2571 excitentur:
1351 2511 1476 2573 llorrrua
1490 2507 1760 2572 erriratoaouddi·

305 2611 382 2675 luna
404 2599 476 2680 fucit
499 2598 601 2679 rrrujus
617 2596 744 2660 toccula.
770 2593 826 2657 Vl.
853 2596 958 2660 llario:
973 2594 1048 2676 quia
1059 2595 1155 2676 louge
1172 2596 1236 2659 alia
1252 2601 1300 2659 est
1314 2597 1395 2660 ratio
1410 2597 1662 2680 praeparationis
1675 2597 1760 2681 [pag.

306 2687 387 2769 588]
405 2684 582 2768 spiritualis
596 2685 635 2748 ad
648 2683 798 2746 exercitia
818 2683 946 2765 pictatis
959 2687 1027 2745 tum
1043 2683 1170 2765 publica
1184 2689 1251 2747 tum
1262 2685 1387 2767 privata
1396 2684 1596 2769 Spiritualia,
1606 2709 1686 2768 quae
1695 2707 1760 2748 oum

305 2774 525 2856 spiritualibus
545 2772 745 2836 conveniunt.
771 2771 852 2835 Vide
875 2771 939 2836 ba.
965 2772 995 2834 l.
1016 2792 1043 2834 e.
1062 2773 1114 2835 24.
1139 2773 1200 2835 Sed
1222 2777 1328 2855 posset
1344 2775 1415 2857 quis
1428 2775 1584 2858 excipere.
1599 2777 1718 2858 Except.
1735 2777 1760 2835 l.

304 2863 512 2945 Experientia
533 2866 651 2939 tamen,
669 2861 695 2924 si
708 2883 770 2924 nou
783 2861 935 2938 omnium,
949 2859 1063 2922 saltem
1077 2861 1142 2922 fere
1155 2861 1308 2938 omnium,
1322 2869 1378 2926 aut
1391 2863 1617 2946 plerorumque
1630 2867 1762 2928 testatur

305 2975 358 3015 eos
379 2951 474 3026 allici,
495 2953 517 3016 a
534 2955 763 3033 consequenter
782 2949 907 3032 disponi
926 2971 982 3031 per
998 2952 1126 3011 cantum
1144 2951 1341 3032 (armonicam.
1356 2954 1444 3035 Hesp.
1461 2953 1582 3028 Princo,
1596 2957 1699 3017 motus
1711 2952 1761 3014 ille

305 3063 359 3104 sen
373 3041 516 3117 affectus,
530 3043 578 3102 est
593 3040 621 3102 l.
636 3043 691 3102 aut
704 3061 781 3121 pure
794 3038 959 3114 sensualis,
972 3037 1134 3116 eorrt'usuS,
1148 3041 1169 3104 a
1185 3040 1335 3114 brutalis;
1350 3041 1454 3123 qualis
1470 3041 1568 3105 etiam
1582 3041 1667 3104 cadit
1679 3041 1760 3103 iuiu-

304 3129 409 3192 l'antcs
429 3129 452 3192 tr
466 3128 696 3210 quodammodo
709 3125 742 3189 in
755 3127 865 3202 bruta3
880 3128 968 3210 atqui
982 3125 1057 3189 talis
1074 3148 1131 3189 nec
1143 3151 1231 3191 sacer
1243 3134 1301 3207 est,
1314 3153 1371 3194 nec
1385 3131 1510 3213 proprie
1524 3129 1604 3193 facit
1616 3131 1655 3194 ad
1668 3151 1760 3203 sacra,

305 3239 362 3281 nec
382 3217 415 3280 in
433 3217 529 3280 saeris
550 3219 605 3280 aut
626 3238 682 3298 per
700 3237 789 3278 saera
808 3216 1007 3299 quaerendus
1025 3217 1048 3279 et
1065 3217 1277 3294 affectandus;
1299 3219 1353 3282 ubi
1370 3219 1547 3301 spiritualis
1560 3219 1760 3283 affectandus.

305 3307 393 3380 (lirare
413 3306 450 3368 ad
472 3305 555 3369 vitae
577 3304 732 3367 naturalis
753 3303 900 3368 animalis
917 3304 1021 3368 esse&
1039 3304 1117 3366 bene
1134 3327 1201 3369 esse
1214 3312 1369 3391 spectant,
1383 3308 1461 3372 alibi
1473 3309 1668 3391 quaerenda.
1690 3306 1760 3382 ttuis

306 3395 388 3456 enim
407 3394 570 3472 alimenta,
590 3398 646 3457 aut
662 3393 813 3461 fomenta.
831 3397 887 3456 aut
898 3393 1139 3471 medicamenta,
1153 3399 1209 3460 erut
1221 3398 1430 3480 gymnastica,
1445 3398 1544 3478 lusus,
1558 3398 1759 3461 recreationes

305 3486 462 3561 externas,
480 3486 613 3564 quaerat
629 3481 660 3543 in
678 3482 800 3545 sacris?
818 3483 848 3545 2.
862 3481 929 3545 rtut
941 3487 990 3546 est
1006 3481 1168 3562 mysticus,
1184 3475 1239 3566 per
1252 3485 1380 3550 modum
1393 3487 1477 3569 sigui
1494 3487 1576 3550 sacri
1596 3485 1760 3569 sprnbolice

306 3570 530 3654 significantis:
552 3570 642 3652 atqui
662 3571 759 3632 talem
780 3570 847 3633 sine
860 3572 1009 3634 mamiato
1023 3567 1082 3631 bei
1096 3573 1277 3652 quaesitum
1289 3578 1345 3638 rrrrt
1358 3565 1533 3656 captatum,
1547 3575 1712 3639 referimus
1723 3572 1759 3636 ad

305 3659 562 3742 superstitionem
577 3661 599 3723 tr
612 3655 867 3732 ἕθελοὲτρησκείκν,
892 3659 1008 3723 llorrl'er
1021 3659 1191 3742 Scriptores
1204 3664 1241 3726 dc
1257 3663 1456 3742 Cercmoaiis,
1470 3667 1492 3730 ct
1507 3667 1536 3728 3.
1553 3663 1645 3730 l‘url.
1658 3665 1759 3747 Dispp·

304 3759 498 3824 nostrarum,
520 3748 562 3811 lit.
584 3748 621 3810 de
637 3747 931 3826 Sucrumcaurlitus,
948 3751 986 3812 de
999 3749 1234 3830 Supersrr'u'cae,
1247 3753 1285 3815 de
1299 3753 1491 3830 Idololatria,
1505 3757 1556 3819 ne.
1584 3759 1613 3816 3.
1642 3755 1704 3817 xm.
1718 3758 1761 3814 est

305 3839 383 3918 [rnre
399 3840 422 3901 dr
435 3837 561 3919 proprie
574 3835 767 3919 spiritualis;
781 3837 874 3900 sicuti
890 3838 971 3900 vocis
986 3838 1016 3900 in
1030 3839 1125 3900 cantu
1138 3862 1226 3902 sacro
1240 3847 1296 3904 aut
1308 3842 1340 3904 in
1353 3842 1546 3924 precatione.
1563 3842 1663 3926 Atqui
1677 3841 1756 3903 illum

306 3927 428 3989 molum
440 3924 689 4006 intelligibilem,
704 3947 740 3987 ex
754 3926 906 3989 relatione
920 3929 941 3990 lc
956 3923 1136 3990 reductione
1150 3931 1374 3994 modulationis
1383 3932 1554 4015 organicae
1564 3933 1604 3995 ad
1614 3929 1759 3999 tonum&

306 4011 373 4074 toni
397 4013 436 4075 ad
456 4013 552 4076 verba
577 4036 675 4092 sacra,
695 4015 717 4077 a
739 4014 906 4078 verborum
923 4016 962 4078 ad
976 4021 1146 4094 conceptus
1162 4020 1277 4082 mentis
1291 4021 1313 4084 a
1327 4021 1439 4097 adres,
1454 4043 1611 4102 negamus
1625 4042 1698 4088 esse,
1711 4017 1758 4080 aul

308 4098 404 4162 etiam
428 4102 588 4164 commode
613 4124 680 4165 esse
699 4125 789 4184 posse
804 4102 835 4165 in
850 4103 1008 4186 plerisque
1022 4105 1187 4169 autetiam
1202 4107 1234 4171 in
1247 4109 1357 4172 multis
1371 4111 1561 4192 praesertim
1573 4107 1757 4178 unctioribus,

307 4187 498 4265 carnalibus,
518 4187 666 4262 damae,
682 4192 797 4254 nedum
811 4195 846 4254 ut
859 4193 900 4254 sit
916 4193 948 4255 iu
962 4195 1055 4276 plane
1068 4196 1268 4268 avaresque,
1285 4199 1395 4280 qrudes
1408 4221 1471 4262 non
1484 4199 1588 4282 pauci.
1615 4197 1675 4262 Ubi
1687 4194 1757 4257 lactes

307 4275 467 4374 incondito
480 4299 556 4340 sono
570 4277 691 4363 Organi
703 4281 909 4360 assueverint,
924 4283 978 4365 qui
988 4283 1091 4366 primo
1104 4286 1244 4350 novitate
1258 4294 1314 4350 sua
1328 4287 1497 4370 aliquoties
1511 4310 1566 4352 eos
1579 4287 1699 4352 allicere
1707 4303 1756 4365 po-

309 4367 387 4439 tu1t3
407 4368 517 4446 postea
536 4367 765 4452 susquedeque
779 4369 909 4451 habent,
921 4371 1018 4436 immo
1035 4374 1214 4452 fastidiunt,
1228 4375 1373 4440 nonrmlli
1386 4377 1559 4442 turbantur
1572 4379 1594 4443 t·
1607 4373 1756 4442 offendun-

1700 4463 1754 4522 tur.
