3722 4850
303 265 344 328 58
681 263 842 327 Pamisus
858 263 1110 328 Eocnesmsrrcsn
1133 261 1215 326 Pus
1227 261 1253 326 Ι.
1277 260 1342 325 Ins.
1356 261 1400 328 Il.

306 451 436 535 ,plebis
461 449 552 526 Quod
567 451 595 515 si
616 451 725 534 aliqua
745 450 895 536 figuralia
916 453 1007 515 erant
1021 471 1084 514 non
1096 450 1226 534 quidem
1237 448 1357 515 Christi
1370 449 1509 528 venturi,
1522 449 1571 513 vel
1584 449 1721 532 alicujus
1733 451 1774 514 ed

306 540 356 618 ,id
368 539 577 623 pertinentis;
594 539 677 604 unde
690 563 753 604 non
766 539 925 618 continuo,
939 543 1035 624 atque
1048 538 1224 604 Christiani
1239 537 1291 604 his
1303 542 1451 616 utuntur,
1466 537 1487 602 J
1489 538 1636 602 udaiaare
1648 537 1773 604 dicendi

307 632 410 706 ,sient
433 629 562 710 Quartd,
575 651 615 693 ex
630 629 792 692 hodiernis
804 625 995 693 Lutheranis
1008 628 1172 692 cantiones
1188 627 1316 706 latinas,
1329 631 1500 718 concentus
1512 625 1734 705 Harmonicos,
1749 629 1774 693 1

300 717 431 802 Organa
446 715 570 781 Musica
587 717 621 782 in
633 716 776 802 Templis
788 739 828 782 ex
841 716 984 800 professo
996 716 1195 802 argumentis
1211 716 1380 780 defendere
1393 721 1529 780 conatur
1539 715 1727 781 Eektnrdns
1738 717 1772 780 in

306 806 422 872 Fascio.
439 807 582 871 Controv.
598 807 672 890 Cap.
686 807 739 871 21.
753 805 838 871 Ante
850 806 956 889 ipsum
969 805 1052 870 idem
1070 805 1185 884 conati,
1197 804 1299 870 11111.
1316 804 1461 870 Andreas
1473 806 1508 870 in
1523 807 1652 890 collaqu.
1670 806 1773 869 Mern-

302 895 501 980 petqardensi
521 907 606 972 part.
625 897 656 958 2.
672 893 823 960 Brentius
836 895 869 958 in
882 893 1002 960 Homil.
1015 895 1054 958 de
1066 893 1269 959 Paenitentia
1281 892 1402 958 Homil.
1418 893 1774 959 instituentem

290 984 373 1067 'ipsa
397 982 530 1048 homilia
552 987 674 1048 statum
700 983 932 1048 controversiae
956 983 1043 1060 lacit,
1067 984 1105 1047 de
1129 995 1223 1048 cantu
1236 983 1442 1061 111111111εεί11,
1461 981 1651 1067 1101911111
1668 982 1776 1047 ratio-

302 1094 359 1136 nes
378 1075 487 1137 tamen
507 1071 590 1136 nihil
607 1076 735 1156 prestes
752 1075 881 1136 cantum
894 1071 1144 1136 ecclesiasticum
1160 1071 1361 1136 concludunt.
1388 1073 1516 1154 Quinto,
1528 1075 1603 1135 sunt
1615 1071 1775 1148 nonnulli,

303 1161 358 1244 qui
370 1165 407 1225 ut
418 1160 570 1245 reliquias
582 1160 834 1226 ceremoniarum
846 1160 880 1224 in
895 1158 1024 1246 anglia,
1038 1161 1083 1224 sie
1097 1162 1120 1226 dt
1133 1159 1291 1224 Musicam
1303 1159 1496 1245 Organioam
1508 1159 1541 1223 in
1556 1159 1645 1244 regio
1654 1160 1775 1224 sacello

303 1250 327 1314 1
350 1249 588 1314 cathedralibus
604 1249 757 1314 Ecclesiis
778 1248 962 1326 defendunt,
976 1252 1032 1313 aut
1043 1253 1204 1314 excusant.
1229 1247 1318 1312 lnter
1330 1271 1410 1334 quos
1432 1249 1617 1333 Wbitpistus
1630 1249 1666 1312 in
1679 1249 1774 1333 llesp.

303 1339 350 1403 ad
361 1339 615 1404 Admonitionem
625 1360 659 1424 p.
673 1339 749 1402 206.
761 1336 855 1402 Nihil
868 1342 976 1402 temen
988 1337 1026 1402 de
1039 1336 1104 1402 illis
1116 1338 1152 1402 in
1166 1337 1446 1404 constitutionibus
1464 1337 1685 1428 Emhsmsticis
1696 1339 1774 1422 Epi-

303 1448 471 1512 scopomm
494 1429 575 1492 anni
600 1429 695 1492 1663.
712 1449 769 1492 nec
780 1427 816 1491 in
827 1427 1018 1512 Litnrpinnd
1028 1425 1222 1512 Anyticnnd:
1234 1426 1341 1492 nullus
1355 1427 1453 1492 etiam
1466 1449 1544 1491 usus
1557 1447 1668 1491 eorum
1678 1431 1730 1490 est
1741 1427 1776 1490 in

304 1515 457 1580 Ecclesiis
478 1515 715 1598 parochialibus
731 1516 798 1580 sive
815 1519 906 1579 extra
919 1515 985 1592 sive
998 1515 1082 1578 inter
1094 1514 1245 1580 exercitia
1257 1513 1437 1600 Religionis
1447 1539 1456 1592 ς
1468 1516 1547 1580 adeo
1555 1517 1593 1579 ut
1604 1536 1776 1599 perperam

304 1603 436 1669 Eelesiis
456 1603 646 1690 Anglioanis
666 1627 721 1669 seu
744 1603 905 1668 Ecclesiae
931 1603 1130 1689 Anglicanae
1154 1603 1327 1668 universim
1350 1604 1520 1689 organicus
1547 1603 1600 1667 hic
1622 1603 1733 1668 cultus
1757 1593 1777 1668 is

303 1693 465 1757 nonnullis
476 1694 647 1758 tribuatur.
663 1691 859 1758 Oxonienses
871 1692 904 1756 in
918 1691 1082 1775 Responso
1095 1715 1163 1772 suo,
1176 1692 1292 1757 humili
1302 1693 1451 1777 petitioni
1459 1691 1683 1757 Ministrorum
1692 1715 1778 1757 anno

306 1781 402 1845 1663.
422 1786 486 1866 qua
504 1785 621 1866 petunt
639 1793 675 1847 nt
699 1794 812 1848 cantas
823 1781 1015 1847 monsiestici
1031 1782 1152 1848 Marion
1166 1782 1210 1847 nd
1221 1783 1379 1846 arctiorem
1391 1781 1637 1870 aedificationum
1651 1781 1776 1866 [enne

304 1881 415 1942 retur:
437 1869 519 1934 nihil
542 1875 717 1954 opponunt,
742 1893 800 1935 nec
821 1870 947 1954 praxim
970 1872 1046 1934 tunc
1065 1874 1226 1953 receptam
1239 1869 1430 1946 defendunt;
1444 1871 1500 1936 sed
1514 1869 1612 1934 tacite
1625 1869 1778 1934 ridentur

303 1959 471 2024 concedere
491 1959 739 2024 moderationem
760 1959 783 2024 tt
803 1958 1063 2024 reformationem
1086 1958 1139 2023 hic
1162 1958 1308 2024 adhiberi
1330 1980 1442 2042 posse:
1463 1957 1578 2024 saltem
1591 1956 1728 2044 Organa
1739 1981 1778 2023 ne

207 2047 402 2112 -semel
425 2047 555 2131 quidem
571 2047 749 2113 nominant.
774 2046 934 2132 Quidquid
955 2046 999 2111 sit
1010 2047 1048 2111 de
1060 2045 1219 2113 Musica&
1235 2045 1373 2132 Organis
1384 2046 1504 2112 alicubi
1515 2045 1550 2110 in
1564 2045 1688 2130 Anglia
1700 2047 1777 2112 reli-

303 2136 374 2214 otis,
387 2157 450 2200 non
463 2136 595 2200 memini
607 2141 715 2202 tamen
729 2139 748 2201 a
760 2135 1051 2221 Theologiseorum
1062 2136 1172 2215 statui,
1184 2135 1778 2220 esseadminicnlum,immodtpa1tem

304 2225 410 2289 cultus
426 2224 525 2289 divini
541 2224 652 2290 itidem
664 2229 701 2290 nt
716 2225 750 2290 in
762 2223 802 2290 V.
816 2223 853 2289 Τ.
865 2249 872 2298 ;
886 2224 970 2308 quod
985 2223 1109 2289 faciunt
1119 2225 1248 2290 Antores
1265 2225 1433 2312 pontificii,
1446 2226 1469 2291 dt
1480 2224 1668 2290 Eskbnrdns
1681 2225 1777 2290 modo

304 2312 369 2391 cit,
392 2317 428 2377 ut
447 2335 486 2376 ex
504 2314 703 2398 argumentis
723 2336 833 2379 eorum
849 2313 933 2379 infra
953 2312 1132 2377 refutandis
1154 2313 1316 2378 evidenter
1328 2313 1604 2398 deprehendimus.
1629 2313 1780 2398 Attingit

304 2401 388 2466 hanc
403 2423 532 2466 causam
554 2404 736 2468 Mancellus
757 2403 927 2487 theologus
946 2400 1059 2466 Scotus
1072 2402 1107 2467 in
1123 2414 1209 2468 tract.
1225 2401 1404 2481 vernaculo,
1418 2401 1509 2488 [pag.
1524 2401 1588 2465 553
1619 2401 1661 2466 de
1674 2402 1780 2468 Prae·

305 2491 431 2558 stantid'
445 2491 596 2556 Ecchsiac
619 2491 813 2576 dnplicanae
833 2513 935 2576 snpra
963 2492 1179 2558 Genenensem.
1204 2489 1271 2555 Nos
1291 2490 1464 2556 statuimus
1483 2513 1555 2555 cum
1627 2489 1780 2555 formatis

303 2577 476 2664 Theologis
489 2579 574 2643 infra
586 2579 732 2660 citandis,
744 2578 901 2644 Musicam
913 2580 1099 2665 organicam
1110 2602 1168 2644 nee
1179 2579 1409 2644 adminiculum
1421 2578 1623 2657 conveniens,
1635 2600 1782 2663 neopat-

303 2672 380 2745 tem,
397 2689 456 2731 nec
475 2668 681 2752 appendicem
700 2691 769 2733 esse
782 2665 895 2734 'cultus
916 2668 1025 2747 divini,
1041 2690 1097 2732 seu
1110 2667 1346 2745 Ecclesiastici3
1360 2667 1515 2754 quidquid
1525 2667 1568 2732 sit
1580 2667 1619 2732 de
1632 2668 1784 2751 ejusdem

304 2778 364 2820 usu
377 2760 433 2819 aut
450 2755 632 2836 tolerantia,
649 2757 746 2822 variis
758 2756 792 2820 in
805 2756 894 2836 loeis,
910 2778 992 2840 quae
1005 2756 1118 2821 adhuc
1133 2756 1289 2822 obtinent.

348 2843 406 2910 IV.
427 2843 628 2929 Argumenta
648 2849 756 2910 nostra
780 2849 855 2909 sunt
875 2845 993 2929 partim
1010 2845 1140 2922 directa,
1160 2845 1278 2929 partim
1290 2844 1455 2909 indirecta.
1468 2843 1600 2909 Directa
1610 2849 1690 2910 sunt
1703 2849 1783 2910 ista

261 2957 265 2964 ·
307 2933 335 2997 1.
357 2933 435 3017 Arp.
460 2932 543 3008 Quia
568 2933 715 2999 Christus
726 2935 750 3000 tt
763 2933 922 3018 Apostoli,
935 2937 991 2998 aut
1002 2934 1177 3018 apostolica
1189 2933 1332 3000 Ecclesia
1343 2933 1402 2998 tali
1416 2932 1539 2998 Musica
1552 2955 1614 2998 nou
1628 2935 1786 3012 suntusi,

305 3043 364 3086 nec
388 3021 563 3087 docuerunt
587 3027 625 3087 ed
646 3023 705 3102 uti,
730 3023 770 3087 ad
793 3023 946 3106 majorem
970 3021 1171 3087 devotionem
1195 3026 1251 3087 aut
1274 3022 1501 3106 perfectionem
1518 3021 1662 3104 aliquam
1674 3023 1787 3088 cultui

305 3110 518 3175 ecclesiastico
548 3111 762 3176 adferendam.
795 3110 858 3188 Qui
870 3132 947 3197 ergo
982 3133 1053 3175 eam
1077 3111 1241 3189 adhibent,
1265 3111 1362 3176 tacite
1385 3111 1524 3175 innuunt
1545 3132 1580 3175 se
1602 3111 1787 3194 sapientise,

306 3203 364 3263 ant
375 3199 452 3276 uelo,
465 3203 522 3263 aut
534 3200 732 3265 abundantia
743 3201 767 3266 dt
779 3200 932 3264 Felicitate
944 3199 1083 3283 quadam
1096 3203 1258 3283 praestare
1270 3199 1422 3265 Ecclesiis
1434 3199 1618 3284 apostolicis
1633 3200 1688 3264 11.
1699 3201 1788 3287 Arg.

306 3285 389 3364 Quia
410 3310 474 3352 non
497 3291 625 3353 tanturn
648 3311 712 3353 non
736 3287 865 3368 excitat,
888 3293 987 3373 auget
1006 3289 1029 3353 1
1041 3289 1209 3353 confirmat
1220 3287 1420 3372 spiritualem
1432 3290 1455 3354 1
1468 3287 1661 3353 rationalem
1674 3290 1789 3356 animi

304 3376 504 3441 devotionem
527 3399 564 3442 ae
579 3377 719 3455 cultum;
732 3378 787 3442 sed
802 3381 913 3442 contra
923 3399 962 3442 en
973 3377 1116 3461 impedit,
1129 3376 1263 3463 frangit,
1276 3376 1444 3462 dispargit,
1457 3376 1592 3454 emollit,
1606 3377 1791 3444 &inferio-

304 3487 355 3529 res
378 3464 604 3531 delectationes
616 3465 755 3545 ebdueit,
770 3468 793 3532 s
805 3466 846 3530 ab
858 3466 1003 3530 interiori
1014 3470 1113 3551 gustu
1124 3466 1269 3531 coelestis
1282 3487 1319 3530 ac
1330 3466 1456 3530 divinae
1467 3464 1712 3550 ineffabilisque
1727 3491 1791 3532 vo-

305 3553 439 3637 luptatis
452 3555 475 3619 1
487 3555 596 3638 gandii
610 3555 655 3640 (1.
670 3557 752 3620 Petr.
768 3555 797 3620 l.
810 3555 841 3619 8.
854 3577 927 3619 cum
938 3576 964 3620 c.
978 3555 1008 3618 2.
1022 3555 1067 3638 3.)
1080 3553 1249 3619 abstrahit.
1259 3553 1352 3619 Hanc
1358 3555 1516 3619 rationem
1525 3554 1659 3639 egregie
1667 3557 1793 3640 expri-

305 3641 365 3707 mit
386 3643 522 3708 Thomas
533 3645 557 3710 dt
568 3665 640 3708 cnm
652 3665 690 3707 co
702 3642 874 3728 (lajetanus
887 3645 938 3706 22.
954 3665 1008 3728 qu.
1021 3645 1074 3706 61.
1087 3647 1148 3708 art.
1162 3643 1191 3707 2.
1205 3643 1290 3710 Sient
1304 3643 1516 3728 Philosophus
1527 3643 1601 3708 dicit
1613 3644 1650 3707 in
1662 3643 1698 3708 8.
1716 3645 1794 3713 Ρο-

306 3731 379 3796 titio.
404 3751 503 3817 nrqite
524 3733 648 3820 fistulas
671 3733 715 3798 nd
737 3733 938 3816 disciplinam
961 3743 1005 3797 est
1016 3731 1248 3812 adducendam,
1261 3753 1360 3817 rquoe
1370 3732 1499 3818 11111οά
1511 3732 1602 3797 alind
1613 3733 1796 3820 erdfieinle

308 3821 486 3905 01911111,
499 3833 578 3906 puto
589 3821 763 3908 cytheram,
775 3821 807 3888 dc
821 3820 938 3907 siquid
949 3823 1008 3886 tale*
1018 3822 1153 3886 aberam
1164 3832 1227 3887 est:
1239 3822 1293 3886 sed
1303 3841 1506 3907 qnoecnnqnc
1516 3820 1640 3905 [ocinnt
1650 3825 1795 3890 sanna

305 3929 357 3975 res
380 3908 487 3975 tonos.
510 3909 799 3994 Hnjrts'nrodienim
813 3911 934 3976 nnana
946 3911 1166 3988 instrumenta,
1178 3911 1281 3996 napis
1291 3911 1439 3976 antinum
1450 3913 1631 3974 movastnd
1637 3909 1795 3981 'deleam-

304 3998 430 4078 tionem,
455 4019 553 4084 qnam
573 4019 632 4086 per
652 4020 689 4064 ee
704 4001 860 4084 serentur
875 3999 1008 4065 interins
1020 3999 1102 4064 terta
1116 3999 1288 4083 dispositio.
1302 3997 1362 4063 III.
1378 4001 1452 4084 Are.
1466 3997 1628 4081 Quidquid
1639 3998 1677 4061 in
1693 4005 1796 4069 cuttu

305 4085 433 4170 publico
442 4109 502 4152 nec
513 4087 670 4168 aedificat,
683 4111 741 4153 nec
753 4093 865 4173 aptum
877 4091 926 4152 111
939 4087 1105 4153 aedificare
1117 4087 1304 4167 Ecclesiam,
1317 4087 1398 4152 illud
1409 4109 1472 4152 non
1484 4089 1533 4151 est
1545 4086 1795 4158 adhibendum:

305 4174 451 4259 quamvis
474 4173 508 4240 in
520 4199 554 4241 se
569 4178 653 4241 esset
665 4176 975 4260 praestantissimum
985 4199 993 4241 :
1005 4177 1060 4241 sed
1076 4177 1151 4241 talis
1163 4181 1213 4241 est
1224 4175 1348 4242 Musica
1359 4175 1527 4262 organica:
1540 4175 1640 4260 Engo.
1652 4173 1798 4247 Proba.

305 4268 358 4328 tur
370 4264 472 4348 major
484 4286 522 4329 ex
537 4267 566 4328 1.
581 4267 651 4330 Cor.
667 4267 718 4329 14.
735 4267 785 4330 12.
801 4266 851 4330 16.
868 4265 919 4329 17.
936 4266 986 4330 19.
1001 4266 1053 4330 26.
1066 4255 1226 4330 Probatur
1236 4265 1350 4344 minor,
1363 4265 1440 4349 quia
1450 4265 1527 4329 dnm
1538 4262 1716 4349 &ganum
1733 4277 1799 4338 ant

306 4351 420 4432 solnm,
430 4355 487 4415 aut
498 4373 555 4436 per
566 4352 757 4437 antiphonas
770 4355 865 4432 canit,
878 4376 942 4420 aon
954 4353 1109 4440 intelligit
1119 4347 1264 4420 Ecclesia
1271 4357 1328 4420 aut
1334 4353 1583 4432 modulationem
1592 4353 1796 4440 πολέμων,

1733 4457 1800 4517 aut
