3712 4850
276 335 391 403 Tucca.
416 337 457 404 ll.
482 337 529 402 Da
556 337 690 418 Pernen,
715 338 786 404 Pon.
810 363 847 402 av
871 337 982 404 Oinoa.
1006 335 1133 412 auus.
1159 336 1241 404 One.
1256 336 1313 403 IV.
1374 391 1378 398 .
1471 337 1533 403 175

94 527 139 586 ant
153 523 355 606 particularia,
370 524 539 603 ordinaria,
553 527 575 589 dr
589 525 782 610 quotidiana.
798 526 925 606 Quinto,
939 525 1012 589 hinc
1028 529 1086 603 est,
1100 525 1183 611 quod
1200 529 1343 589 exsertus
1358 526 1381 590 dv
1394 525 1534 610 particu-

93 611 156 674 laris
176 635 338 676 consensus
354 611 576 697 Magistratus,
588 614 627 676 ad
640 614 786 699 qnodque
798 613 984 692 Concilium,
998 615 1094 678 etiam
1106 615 1302 678 ordinarium
1314 615 1470 697 postulari
1482 637 1534 682 so—

5 727 7 736 ’
93 701 143 772 let;
158 723 212 764 non
225 705 329 766 tamen
346 701 392 764 ita
404 702 443 765 ad
458 702 546 786 [pag.
561 703 640 784 208]
654 702 835 766 habendum
847 701 1086 767 Consistorium.
1103 741 1141 750 -
1156 701 1213 767 Vl.
1229 703 1294 786 otj.
1309 702 1438 768 Habent
1452 703 1535 768 forte

45 837 53 856 .
91 789 190 852 alicubi
216 789 594 872 particulares-rationes,
608 814 662 856 cur
674 790 757 855 hane
768 792 940 856 sessionem
954 814 1028 875 prae
1044 791 1115 856 aliis
1128 790 1372 876 Magistratibus
1385 797 1533 876 urgeant.

91 878 167 962 ficsp.
192 879 217 942 1.
245 877 313 942 tuni
340 900 404 942 non
420 879 555 943 debebat
571 901 609 943 ex
622 879 767 944 absoluto
776 881 847 964 jare
863 878 1073 964 Magistratus
1086 880 1211 944 defendi
1222 904 1229 957 ;
1239 881 1534 964 uec'adiaphornm,
1624 923 1627 930 ·

5 989 6 992 ¹
90 971 137 1029 aul
147 967 208 1048 jure
221 967 427 1050 praemissivo
439 967 545 1032 divino
558 967 681 1032 licitum
694 972 846 1054 tanquam
859 969 1004 1033 absolute
1016 968 1228 1033 necessarium
1233 970 1360 1054 ,urgeri
1379 969 1408 1033 2.
1423 968 1535 1033 Ratio·

89 1077 135 1118 nes
155 1055 255 1119 nullae
267 1059 401 1139 possunt
413 1077 481 1120 csse
493 1057 555 1121 nisi
570 1057 778 1140 particulares
791 1056 945 1122 factiones
958 1062 1013 1122 aut
1025 1057 1257 1143 negotiationes
1269 1057 1341 1142 paci
1352 1057 1500 1142 publicae
1513 1060 1535 1124 d

90 1145 221 1226 regimini
234 1145 364 1228 politico
376 1145 639 1228 praejudicantes,
653 1168 732 1231 quas
745 1143 954 1230 Magistratus
967 1148 1049 1230 juste
1063 1152 1118 1211 ant
1130 1147 1246 1229 injuste
1260 1150 1406 1211 metuunt
1418 1151 1475 1210 aut
1484 1145 1537 1211 s'u·

5 1257 6 1260 ¹
89 1233 243 1315 spioantnr.
257 1232 422 1308 Quomodo
440 1233 580 1298 fervente
593 1235 794 1298 contentione
807 1233 1030 1314 Leicestriand,
1043 1233 1196 1300 Hollandi
1205 1236 1228 1299 a
1237 1235 1392 1319 imprimis
1402 1233 1535 1300 Leiden-

88 1344 129 1383 scs
141 1325 204 1385 tur'n
216 1323 271 1385 illo
282 1327 372 1386 metit
388 1322 518 1407 (qnippe
531 1323 763 1387 incommodum
776 1323 905 1409 aliquod
918 1324 1062 1408 experti),
1079 1327 1148 1388 tum
1160 1324 1316 1407 imprimis
1329 1347 1387 1389 sna
1397 1316 1535 1410 quadam
1640 1399 1644 1404 ,
1715 1315 1721 1325 ¹

88 1415 183 1474 contra
209 1411 400 1474 reformatae
427 1410 587 1476 Ecclesiae
604 1411 836 1492 orthodoxiam,
858 1410 1000 1490 stratisue,
1023 1412 1223 1496 disciplinam
1245 1412 1434 1496 antipathit,
1452 1411 1534 1476 Con-

5 1573 6 1580 ,
88 1497 217 1576 sistoriis,
231 1499 368 1586 aliisque.
380 1499 594 1565 Conventibus
607 1500 848 1579 Ecclesiastieis,
858 1521 1030 1585 eorumque
1040 1501 1170 1586 agendis
1178 1524 1211 1565 se
1220 1501 1300 1566 haut
1308 1505 1421 1585 parunt
1429 1502 1535 1566 favere

89 1587 367 1672 multismodisjam
379 1589 617 1654 abannol579.
630 1589 1108 1674 usqueadltfidostenderant.
1122 1589 1418 1675 NonmirumergO,
1431 1591 1458 1655 si
1471 1590 1536 1670 illis
1605 1612 1609 1618 ·
1651 1585 1654 1592 ⁴
1698 1663 1709 1686 .
1815 1599 1823 1614 “

88 1676 269 1755 deliniendis,
282 1679 306 1742 tc
326 1677 553 1760 impedimento
566 1677 651 1764 quod
664 1678 714 1742 vel
727 1678 767 1742 ab
780 1678 844 1742 illis
857 1677 932 1742 solis
945 1678 1064 1742 ordinis
1076 1677 1292 1744 Ecclesiastici
1304 1679 1536 1744 confirmationi

89 1766 151 1846 poni
163 1770 295 1850 poterat,
305 1767 494 1830 removendo
503 1764 647 1850 Synodus
656 1766 838 1831 Nationalis
851 1789 879 1830 a.
894 1766 989 1831 1586.
1000 1767 1167 1832 consilium
1179 1767 1240 1833 hoc
1248 1768 1443 1833 necessariae
1456 1767 1536 1831 tole-

88 1855 194 1918 rantiae
203 1855 236 1919 in
248 1861 345 1919 arent
354 1855 502 1938 coeperit,
511 1855 700 1938 praesertim
711 1859 838 1938 sperato
850 1855 984 1919 firmiter
996 1878 1160 1921 concessae
1168 1855 1326 1931 παρεδρίκς
1335 1855 1536 1921 non-exerci-

5 1975 6 2026 3
35 1987 40 2000 .
68 1942 134 2018 ,fia
142 1948 232 2026 prout
241 1943 438 2026 experientia
446 1944 552 2008 docuit
564 1944 596 2008 in
605 1943 788 2008 civitatibus
798 1943 904 2028 Belgii
913 1947 1058 2029 (exeeptt
1068 1950 1130 2008 unt
1138 1949 1233 2030 atque
1243 1944 1345 2008 altera
1353 1943 1537 2020 &aalpuehic
1592 1992 1596 2000 .

89 2034 251 2116 satagente)
275 2032 336 2096 hoc
351 2053 514 2117 nunquam
526 2036 684 2097 tentatum
697 2031 806 2097 fuisse.
820 2030 965 2116 Synodus
980 2037 1087 2097 tamen
1104 2033 1182 2098 satis
1194 2033 1316 2117 trepide
1332 2035 1463 2117 &aegre
1475 2032 1535 2097 hoc

90 2123 105 2181 “a
124 2144 152 2184 sc
173 2120 300 2185 concedi
323 2120 429 2184 verbis
453 2121 518 2185 suis
534 2121 595 2185 hoo
610 2122 703 2186 modo
715 2121 900 2204 temperatis
913 2122 1052 2186 ostendit
1064 2123 1152 2188 artie.
1169 2123 1223 2188 34.
1237 2123 1304 2208 (37.
1320 2122 1353 2186 in
1366 2128 1447 2186 nove
1463 2122 1537 2186 edit.

5 2271 6 2278 ,
90 2213 148 2290 poc
165 2232 282 2273 arcuum
297 2209 408 2292 1619.)
422 2210 459 2273 lu
471 2212 559 2274 acutri
573 2210 703 2276 Ecclesia
718 2212 774 2276 crit
786 2211 919 2275 Senatus
931 2212 1160 2278 Ecclesiasticus
1172 2223 1318 2276 constans
1333 2233 1370 2275 ec
1381 2209 1465 2275 verbi
1478 2211 1536 2274 Mi-

89 2299 183 2362 uistris
196 2297 228 2363 fi·
239 2297 439 2364 Scuiorihccs:
452 2299 595 2363 Minister
606 2299 690 2363 certi
703 2299 773 2382 (eat
789 2299 938 2376 cuiuistri,
952 2301 980 2364 si
992 2302 1192 2386 pluressiut)
1203 2300 1399 2385 praesidebit,
1416 2297 1447 2364 a
1463 2301 1538 2364 acti·

5 2397 7 2458 ἷ
89 2407 164 2450 oriem
190 2388 314 2472 cleripct.
343 2388 382 2452 Et
405 2389 518 2470 poterit
541 2409 661 2474 piraque
685 2389 887 2472 Magistratus
905 2389 971 2467 loci,
984 2390 1137 2474 siquiden
1151 2391 1212 2474 ipsi
1222 2391 1351 2474 placeat,
1369 2409 1470 2454 cenaui
1483 2400 1539 2452 aut

5 2473 15 2548 ζ
88 2475 156 2540 dicos
175 2498 212 2540 cc
233 2477 312 2550 suis,
325 2477 485 2541 cristestes
498 2477 637 2541 nuncbra
651 2477 808 2557 Ecclesiae,
820 2477 909 2561 apisci
928 2476 1155 2546 Consistoriavu
1167 2479 1277 2544 tatere
1288 2478 1331 2543 ad
1342 2477 1538 2542 audiendam

5 2587 8 2608 »
87 2575 166 2650 atquc
189 2566 282 2630 etiarn
306 2566 345 2630 de
367 2565 496 2649 negotiis
516 2567 686 2652 prepositis
713 2566 960 2632 deliberandum.
986 2565 1180 2631 Oonsistoria
1196 2567 1312 2632 debent
1327 2565 1386 2629 sibi
1399 2565 1439 2630 ab
1452 2565 1538 2630 omni

87 2649 358 2739 &turrecremata-p
385 2653 508 2718 solicite
531 2676 651 2732 cavere,
679 2676 743 2720 non
765 2655 870 2719 minus
897 2678 933 2720 ac
957 2653 1182 2740 Magistratus:
1201 2656 1345 2740 utrisque
1358 2653 1539 2718 enimintra
1618 2707 1620 2712 .

87 2739 192 2806 limites
208 2742 383 2807 vocationis
399 2765 475 2808 snae
487 2743 734 2826 permanendum
747 2747 805 2808 est.
823 2742 912 2819 Quod
925 2744 952 2808 si
965 2743 1194 2809 Consistorium
1206 2744 1344 2830 aliquod,
1362 2747 1418 2806 aut
1430 2742 1540 2835 aliqua

87 2831 217 2896 membra
240 2830 430 2896 Consistorii
455 2831 501 2894 ita
528 2831 717 2909 exorbitent,
741 2835 777 2895 ut
788 2837 892 2896 noetus
908 2833 950 2897 sit
965 2833 1200 2916 perturbandae
1212 2833 1298 2918 pacis
1311 2831 1466 2916 publicae,
1484 2834 1539 2894 aut

5 2947 7 3014 ξ
87 2919 226 2984 moliendi
253 2920 330 3006 qnid
361 2924 470 2984 contra
491 2921 634 3006 regimen
650 2921 825 3005 politicum,
837 2923 904 3004 jam
918 2919 1124 3007 Magistratui
1137 2921 1278 3000 cuilibet,
1292 2921 1389 2986 etiam
1402 2919 1539 2989 Ethnico

5 3019 7 3046 ⁵
86 3011 133 3072 aot
143 3009 312 3090 haeretico,
322 3009 375 3093 jus
388 3011 411 3074 tc
423 3008 472 3073 fas
485 3013 600 3075 estant
612 3009 800 3093 prohibendi
813 3032 870 3093 pro
881 3014 1023 3094 tempore
1036 3009 1215 3076 Conventus
1227 3009 1470 3087 consistoriale's,
1484 3012 1540 3072 aut

5 3143 8 3182 ,
86 3097 187 3162 saltem
207 3097 295 3180 juste
319 3103 481 3181 suspectos
507 3098 580 3162 inde
603 3098 740 3177 arcendi,
765 3102 820 3162 aut
831 3099 987 3184 siquidem
999 3100 1169 3164 necessitas
1186 3099 1347 3163 Ecclesiae
1360 3097 1540 3162 Conventus

85 3187 224 3270 aspendi
239 3208 304 3252 non
316 3185 409 3264 ferat,
423 3207 495 3250 suos
508 3186 661 3272 quosdam
673 3187 891 3252 observatores
904 3190 1071 3272 &epoptas
1084 3188 1291 3254 admittendi.
1304 3185 1350 3252 Ut
1362 3189 1468 3252 autem
1480 3185 1540 3249 hoc

85 3280 264 3358 perpetuum
288 3275 341 3353 sit,
363 3278 420 3338 aut
438 3279 629 3358 perpetuum
641 3297 736 3360 super
748 3279 805 3340 hoc
817 3280 974 3340 statutum
989 3277 1155 3360 politicum
1166 3278 1330 3354 condatur,
1346 3275 1434 3342 nulla
1447 3273 1540 3338 Chri-

84 3363 177 3427 stiano
190 3363 348 3449 aequitas,
362 3364 541 3447 prudentia,
558 3364 779 3448 philadelphia
790 3366 921 3430 suadere
938 3365 1066 3448 poterit.
1080 3364 1244 3441 Quomodo
1253 3366 1321 3449 jam
1333 3368 1405 3449 post
1422 3384 1540 3427 annum

87 3452 171 3516 1586.
183 3453 305 3516 -nullus
328 3450 537 3537 Magistratus
557 3453 589 3517 in
602 3453 764 3518 foederato
776 3454 890 3539 Belgio
902 3453 939 3518 de
952 3475 1032 3518 novo
1043 3456 1142 3518 talem
1155 3455 1327 3519 sessionem
1340 3452 1476 3517 tentavit
1487 3474 1541 3515 ex·

84 3545 166 3624 cepto
182 3539 407 3623 Ultrajectino
418 3563 444 3605 a.
461 3542 556 3606 1588.
573 3541 757 3625 impellente
769 3565 842 3607 eum
854 3547 941 3607 merci
953 3543 1153 3607 contentione
1167 3543 1312 3627 politica:
1330 3541 1383 3607 sed
1395 3539 1541 3626 sequenti

84 3651 157 3694 omo
182 3630 283 3695 1589.
305 3630 403 3694 sessio
422 3630 479 3694 illa
491 3631 671 3694 intermissa
683 3631 755 3708 fuit,
768 3653 868 3717 usque
881 3630 920 3695 ad
936 3654 1007 3696 ann.
1024 3632 1118 3696 1660.
1133 3630 1209 3696 Post
1221 3631 1365 3696 habitam
1378 3628 1540 3714 Synodum

83 3715 313 3783 Dordracenam
329 3741 357 3782 a.
373 3719 468 3783 1619.
485 3718 599 3784 nullibi
611 3720 675 3784 tale
689 3719 765 3805 quid
777 3723 952 3784 tentatum:
966 3719 1027 3784 nisi
1039 3721 1133 3784 unica
1144 3721 1178 3785 in
1191 3719 1327 3786 Civitate
1340 3717 1540 3794 Hellandiae,

82 3806 303 3872 obstetricante
327 3807 488 3872 occasione
504 3808 651 3890 politicae
663 3808 747 3872 inter
759 3807 986 3894 Magistratum
998 3810 1021 3873 fi
1033 3809 1116 3874 cives
1128 3808 1335 3873 diffidentiae.
1347 3806 1459 3872 Dicam
1472 3827 1539 3870 am·

81 3917 97 3978 p
149 3921 169 3974 r,
182 3902 259 3960 ante
272 3886 390 3960 antium
404 3897 511 3974 1660,
524 3919 563 3960 ue
576 3897 703 3982 quidem
716 3897 749 3961 in
762 3897 853 3984 [pag.
867 3898 948 3983 209]
961 3897 1137 3962 Provinciis
1150 3897 1224 3976 illis,
1235 3896 1374 3962 ubiordo
1383 3892 1539 3966 Ecclesia·

82 3995 97 4044 a
153 4009 171 4050 s
184 3985 385 4070 episagmate
398 3985 454 4049 illo
466 3985 504 4050 de
516 3987 655 4050 sessione
667 3987 886 4072 delegatorum
894 3981 1109 4071 ¹Magistratus
1122 3987 1154 4050 in
1167 3985 1368 4050 consistoriis
1381 3987 1540 4060 oneratus,

82 4093 97 4153 p
145 4075 239 4138 ,icam
267 4073 538 4138 confirmationem
565 4075 704 4139 obtinuit
720 4075 800 4160 (scil.
818 4075 851 4138 in
865 4074 1020 4153 Geldrioa,
1037 4073 1260 4159 Ultrajectinia,
1273 4073 1542 4154 Transisalanica)

81 4183 95 4223 a
145 4163 194 4228 no
207 4161 403 4248 Magistratu
415 4163 479 4227 tale
492 4163 568 4250 qnid
580 4167 748 4228 tentatum.
762 4161 813 4228 Ill.
827 4162 922 4228 Ordd.
936 4161 1105 4228 Zelandiae
1118 4163 1331 4247 adstipulante
1345 4184 1380 4227 ao
1389 4161 1541 4226 suadente

80 4249 97 4313 C
145 4253 200 4318 iss.
225 4251 374 4336 Principe
394 4245 621 4318 Arbusoniensi
639 4251 815 4317 Wilhelmo
826 4251 868 4318 ll.
882 4256 991 4317 contra
1003 4253 1137 4336 alicujus
1149 4252 1322 4318 munerarii
1333 4249 1456 4336 politici
1471 4253 1542 4314 ten·

46 4336 52 4350 ⁸
79 4344 97 4403 h
141 4365 178 4408 cu
196 4363 282 4405 anno
302 4341 397 4404 tote.
415 4341 593 4405 confirmati
606 4341 741 4406 antehac
754 4363 835 4406 anno
850 4341 1065 4406 1590ordinis
1078 4339 1292 4406 Ecclesiastioi
1307 4337 1542 4404 observantiam

81 4427 97 4492 d
145 4437 172 4496 o
199 4432 419 4511 decreverunt,
448 4429 578 4502 &simrvl
594 4429 689 4516 hujus
702 4430 919 4517 episagmatis,
933 4430 1016 4516 quod
1028 4431 1062 4494 in
1074 4430 1182 4496 ordine
1195 4430 1250 4495 illo
1262 4429 1375 4494 iisdem
1386 4426 1542 4579 termiqis,

1427 4537 1543 4601 quius
