3668 4856
248 285 364 354 Tercr.
387 287 444 353 ΠΙ.
469 288 517 352 Dc
541 287 745 354 Couvrnrrnus
769 312 804 354 nr
829 288 974 354 Occursu.
997 291 1122 354 Euenus·
1148 271 1334 358 crn'vttl.
1459 293 1523 357 327

111 473 163 540 ΙΙΙ.
189 477 310 559 eroest.
334 477 385 542 An
399 475 543 542 omniunt
559 478 614 563 qui
624 477 760 564 synodos
772 478 906 562 majores
921 489 977 544 out
992 478 1129 544 minores
1141 477 1344 560 constituunt,
1360 479 1524 567 itiqoeyua

73 567 208 652 aymus
230 564 351 645 tatem,
361 566 474 650 parsit
486 567 711 643 cutoritu33uc
722 587 792 632 vero
804 567 1006 653 qamrundurn
1018 568 1114 632 cunis
1129 569 1297 634 ministerii
1307 580 1363 635 cat
1375 569 1524 654 dignitate

6 683 8 732 t
73 655 192 720 munst
202 655 269 735 loci,
284 654 337 719 uti
348 655 541 734 ociubtruut,
553 668 608 721 uut
619 655 802 736 eruditione,
815 667 869 720 narrt
879 656 1060 740 prndemid,
1073 669 1129 722 out
1141 659 1325 744 abqucutict,
1338 671 1393 725 cut
1404 657 1524 725 moritis

6 735 9 868 l

6 1007 9 1054 Ι

6 1059 9 1106 l

6 1107 9 1246 Ι

73 745 257 826 amamur-m
284 744 347 809 aiae
357 745 425 810 solo
440 745 502 809 siue
517 745 620 830 trojor
635 746 674 809 sit
685 746 863 811 autoritas?
878 746 971 830 Hesp.
983 743 1049 810 Aff.
1061 769 1108 828 pr.
1122 769 1194 832 neg.
1209 751 1325 832 poster.
1342 746 1386 812 Et
1397 746 1457 812 hoc
1470 747 1523 812 do·

6 873 8 894 .
72 837 114 896 cet
137 832 271 916 primum
298 833 463 917 regiminis
486 822 576 918 [pag.
598 833 690 920 221]
714 833 953 919 presbyterialis
972 832 1522 922 fundamentumjactuminsynodo

6 895 8 934 Ι

6 939 23 1006 Ι.

72 919 224 986 llmbduna
236 943 319 986 anno
335 922 428 986 1571.
441 923 528 987 artic.
543 922 572 987 l.
586 923 682 989 Nulla
696 923 827 990 Eechsio
839 944 938 1007 cupre
949 925 1057 1002 otium,
1069 926 1179 991 cultus
1191 925 1276 990 uerti
1283 926 1437 1006 minister,
1445 929 1519 993 aul-

71 1011 114 1074 lar
128 1013 238 1088 uerior,
255 1012 365 1076 niellus
385 1011 536 1076 diacorum
555 1032 655 1097 supro
671 1013 771 1078 ctiam
794 1012 972 1078 dominium
993 1014 1147 1087 exercebit,
1168 1016 1221 1081 sect
1240 1015 1371 1102 quisquc
1382 1014 1420 1080 ut
1434 1018 1523 1081 omni

70 1101 233 1184 capitione
251 1097 284 1166 a
301 1101 402 1166 allino
421 1099 645 1166 dominationis
662 1100 721 1166 siti
737 1102 859 1167 constit.
880 1099 1076 1168 Confirmant
1101 1103 1199 1168 etiam
1220 1127 1329 1170 omnes
1353 1108 1521 1189 sequentes

70 1189 247 1271 synodorum
267 1189 509 1254 constitutiones
527 1211 627 1274 usque
647 1190 686 1256 ad
698 1188 889 1255 Dordracen.
905 1189 1001 1256 1619.
1014 1191 1101 1258 artic.
1122 1192 1173 1258 31.
1200 1192 1254 1258 ubi
1266 1193 1443 1279 potioribus
1454 1194 1522 1260 suf·

68 1277 285 1433 tetaldi
295 1277 1519 1454 lttztttttttltttltttttttlttlttttltttttltttt

67 1454 225 1540 imprimis,
245 1456 272 1522 si
295 1455 351 1540 qui
366 1455 555 1541 interpretes
575 1458 598 1522 b
616 1459 736 1523 zelotae
752 1479 918 1536 canonum,
939 1481 975 1523 ac
986 1459 1176 1544 pragmatici
1192 1460 1408 1526 Ecclesiastici
1420 1483 1518 1545 supra

67 1544 139 1610 alios
151 1545 259 1610 audire
272 1544 380 1610 velint.
399 1544 688 1612 Accedunttuistae
701 1547 859 1611 rationes:
1498 1613 1502 1620 .

108 1635 133 1698 l.
159 1633 239 1718 Quin
262 1633 384 1720 singuli
407 1634 440 1698 in
462 1635 588 1719 synodis
613 1639 669 1700 aut
692 1635 846 1701 classibus
861 1636 1005 1702 sedentes
1027 1637 1068 1702 ab
1085 1636 1234 1704 Ecclesiis
1247 1639 1385 1725 delegati
1398 1641 1472 1704 sunt
1496 1639 1520 1705 lt

68 1724 183 1788 nomine
194 1746 231 1788 ac
242 1747 315 1788 cum
328 1724 485 1788 mandatis
498 1725 668 1790 earundem
680 1725 746 1788 illic
759 1730 953 1809 comparent,
966 1728 989 1792 b
1001 1726 1223 1792 admittuntur.

106 1815 133 1876 2.
152 1813 235 1896 Ort-ic
258 1813 434 1878 maximum
445 1813 511 1878 illis
523 1837 579 1898 per
592 1814 770 1900 legitimam
786 1815 982 1880 vocationem
995 1816 1193 1900 approbante
1205 1817 1305 1882 classe
1317 1817 1520 1882 commissum

68 1905 117 1978 est,
129 1901 306 1967 animarum
317 1902 384 1967 scil.
398 1924 473 1967 cura
484 1925 541 1987 per
552 1903 695 1983 uerbum,
708 1908 915 1984 sacramenta,
928 1903 1089 1970 Ecclesiae
1104 1905 1247 1992 regimen
1263 1908 1286 1973 b
1301 1906 1518 1992 disciplinam:

67 2011 169 2072 parurn
185 2013 261 2077 ergo
273 1994 332 2069 est,
345 1991 372 2056 si
385 1992 418 2056 in
431 2014 467 2056 eo
479 1992 562 2076 quod
578 1993 786 2058 accessorium
798 1998 856 2074 est,
870 2016 906 2058 ac
917 1994 1157 2075 cumulativum,
1170 1996 1193 2062 b
1206 1995 1245 2060 ad
1257 1995 1520 2062 abundantiorem

68 2080 224 2156 cautelam,
237 2081 344 2165 portio
360 2081 383 2145 b
395 2081 583 2166 suffragium
595 2081 674 2165 ipsis
690 2083 888 2147 concedatur.

104 2170 132 2232 3.
165 2171 247 2253 Quia
271 2170 299 2233 si
323 2169 383 2234 hac
405 2170 439 2234 in
458 2175 548 2254 parte
560 2170 772 2254 inaequalitas
788 2171 952 2252 ἀύπεροχὴ
965 2171 1197 2254 admitteretur,
1211 2173 1421 2259 &junioribus
1437 2172 1519 2238 nihil

66 2257 124 2322 lere
144 2259 377 2344 relinqueretur
399 2281 496 2343 quam
524 2260 606 2344 quod
629 2259 730 2340 κὼφοτς
740 2261 905 2335 προσώποις
917 2259 950 2324 in
963 2265 1073 2340 scena3
1086 2263 1180 2346 idque
1193 2263 1233 2328 ob
1246 2263 1338 2348 plura
1353 2265 1519 2329 numerata

66 2345 222 2430 stipendia,
246 2350 304 2412 aut
327 2348 367 2412 ob
390 2349 542 2433 majorem
566 2371 721 2420 canonum
737 2351 760 2416 tr
776 2349 973 2415 decretorum
989 2353 1255 2435 pragmaticam&
1272 2352 1540 2437 experientiamz.

67 2435 214 2501 rideretur
225 2437 334 2522 imago
347 2437 455 2521 aliqua
467 2437 670 2523 aligarchiae,
683 2439 781 2503 immo
794 2441 816 2505 b
829 2439 949 2522 species
964 2439 1090 2526 Papalis
1100 2439 1298 2508 hierarchiae
1312 2441 1519 2508 treformatis

66 2526 171 2590 uostris
195 2529 262 2590 tam
285 2526 420 2591 sollicite
437 2531 631 2613 expurgatae
647 2527 770 2593 reduci:
783 2527 914 2612 insuper
927 2529 1087 2594 distinctio
1098 2529 1228 2615 Papalis
1240 2532 1324 2596 inter
1339 2531 1518 2597 canonistas

66 2614 85 2678 t
107 2614 287 2700 theologos3
316 2619 352 2680 ut
375 2615 544 2692 &ridicula
556 2639 592 2681 ac
607 2613 758 2682 historica
771 2617 894 2702 apertio
909 2619 983 2696 oris,
1001 2639 1097 2703 quam
1114 2621 1213 2685 creati
1225 2623 1247 2688 b
1260 2625 1333 2686 actu
1345 2621 1518 2686 existentes

67 2701 238 2768 cardinales
267 2709 450 2788 exspectare
466 2705 581 2770 debent
597 2707 648 2791 (de
661 2711 724 2790 qut
740 2706 948 2772 ceremoniale
964 2707 1159 2794 Romanum)
1172 2710 1279 2795 aliquo
1296 2711 1388 2776 modo
1400 2709 1516 2775 reduci.

67 2789 143 2866 Quae
157 2793 266 2858 omnia
276 2816 431 2878 perquam
443 2795 579 2859 absurda
591 2799 674 2859 sunt.

103 2879 157 2946 lV.
181 2883 306 2965 Qrtccst.
326 2884 377 2948 Aa
388 2883 469 2948 nihil
479 2883 660 2968 semustum
671 2895 726 2950 cut
738 2885 945 2950 omittendam
957 2887 1113 2952 ministris
1128 2885 1413 2972 spartiatarum
1426 2909 1518 2976 syne-

66 2969 144 3048 driis,
158 2983 215 3037 cut
226 2973 321 3036 otram
332 2973 492 3052 obesitas,
505 2973 548 3038 orl
559 2974 710 3057 mojorem
725 2974 979 3062 aedificationem,
992 2976 1057 3042 cisi
1068 2977 1152 3065 quod
1166 2976 1198 3042 a
1211 2978 1364 3064 quoccodo
1377 2978 1411 3042 ia
1424 2998 1519 3064 sprec

66 3057 178 3126 datius
201 3061 420 3127 construere-itus
442 3063 567 3127 demotis
590 3064 789 3129 continetur?
815 3064 905 3148 Resp.
930 3063 1072 3130 Oenones
1095 3069 1152 3131 aut
1176 3066 1300 3132 decreta
1319 3071 1394 3132 sunt
1417 3066 1517 3133 valde

66 3149 259 3232 generalibus
286 3152 309 3216 a
325 3150 589 3216 substantialibus
602 3152 767 3237 regiminis
779 3152 1009 3230 Ecclesiastici3
1022 3155 1073 3219 vel
1086 3155 1123 3220 de
1135 3156 1327 3239 peristaticis
1339 3156 1362 3222 b
1375 3155 1518 3222 acciden-

66 3237 171 3304 talibus
184 3239 207 3302 te
220 3239 440 3304 ambulatoriis
457 3240 597 3324 ejusdem
609 3241 784 3324 regiminis,
798 3241 933 3326 aliisque
946 3242 1137 3327 adiaphoris.
1152 3243 1202 3309 Sit
1215 3267 1308 3330 ergo:

104 3327 130 3391 l.
161 3330 264 3394 Concl.
287 3327 325 3392 ln
349 3329 585 3408 doctrinalibus,
605 3330 694 3393 nulla
705 3330 906 3414 particularis
922 3330 1064 3396 Ecclesia
1076 3355 1132 3398 seu
1145 3335 1212 3417 ejus
1223 3334 1416 3419 synedrium,
1429 3335 1519 3400 nulla

66 3413 174 3494 classic,
198 3418 307 3482 nullus
332 3418 477 3484 minister
492 3418 685 3483 contrarium
697 3419 824 3503 publice
836 3421 987 3504 profiteri,
1002 3423 1024 3487 b
1037 3423 1162 3488 tradere
1175 3422 1269 3488 debet
1280 3423 1345 3488 sive
1357 3423 1430 3488 viva
1441 3446 1516 3490 voce

66 3502 121 3568 sire
135 3507 263 3591 scripto.
276 3506 320 3570 Et
332 3507 360 3570 si
371 3511 464 3590 putet
475 3510 584 3572 contra
596 3505 657 3572 Dei
669 3509 800 3573 verbum
812 3509 846 3572 in
859 3509 996 3593 publicis
1009 3511 1169 3577 doctrinae
1182 3510 1328 3578 formulis
1343 3512 1517 3598 quidquam

66 3597 210 3660 aarum
235 3619 315 3674 esse,
332 3599 388 3660 aut
402 3596 537 3681 synodos
548 3596 701 3662 hactenus
715 3619 846 3676 errasse,
867 3620 929 3662 non
941 3599 1034 3664 debet
1046 3597 1184 3670 ἀτάκτως
1195 3601 1381 3686 anticipare,
1398 3603 1453 3668 sed
1465 3625 1516 3667 or·

66 3679 157 3748 tinem
170 3685 262 3769 sequi
275 3707 370 3768 quem
383 3689 612 3750 commonstrat
623 3687 798 3751 eommunis
812 3687 949 3752 formula
962 3687 1203 3772 subscriptionis
1217 3691 1448 3771 ministrorum,
1466 3713 1516 3757 se-

66 3770 188 3852 riorum,
202 3775 295 3861 [pag.
309 3774 401 3860 222]
419 3774 599 3858 theologiae
617 3775 839 3859 protessorum,
854 3775 904 3840 cui
915 3799 972 3842 nos
988 3799 1098 3842 omnes
1110 3775 1348 3845 obstrinnimus.
1361 3778 1517 3847 Videatur

66 3856 93 3922 lo
158 3863 193 3927 'a
203 3861 236 3927 in
251 3861 434 3928 Post-Actis
446 3863 557 3948 synodi
569 3863 788 3930 Dordracenae
801 3887 877 3930 sess.
890 3865 962 3930 164.
974 3866 1049 3931 175.
1062 3903 1103 3916 -
1117 3865 1299 3934 Gatcchesis
1310 3869 1343 3933 in
1356 3869 1467 3953 explic.
1485 3870 1516 3937 8.

65 3969 94 4030 pr
132 3953 223 4036 ..pti,
236 3975 301 4016 una
312 3975 383 4018 cum
396 3953 530 4038 liturgia
541 3957 724 4039 nostracap.
734 3955 771 4019 de
782 3975 887 4034 coena,
901 3954 1114 4021 determinant
1120 3961 1229 4023 contra
1237 3957 1364 4036 foenus3
1373 3958 1515 4043 illudque

66 4057 94 4121 sy
130 4041 162 4105 di
188 4045 316 4106 nostrae
339 4040 528 4107 Nationales
555 4044 578 4109 b
604 4043 818 4108 Provinciales
831 4044 993 4129 applicant
1005 4045 1044 4110 ad
1060 4045 1171 4112 foenus
1183 4048 1411 4132 trapeziticum.
1421 4046 1514 4131 ,Non-

66 4147 94 4190 nc
126 4130 133 4194 i
145 4131 341 4196 contendunt
355 4130 479 4196 nullum
492 4153 559 4196 esse
570 4131 683 4197 foenus
695 4132 864 4197 intrinsece
875 4133 898 4210 le
910 4155 967 4217 per
978 4157 1011 4199 se
1027 4135 1148 4200 malum
1160 4136 1194 4201 in
1208 4137 1278 4203 toro
1294 4137 1514 4219 conscientiae,

65 4236 94 4278 aa
126 4223 246 4285 lantum
258 4241 315 4303 per
327 4220 480 4299 accidens,
497 4221 661 4306 &propter
673 4221 926 4287 circumstantias
939 4222 1009 4288 fieri
1024 4225 1106 4289 tale:
1119 4229 1175 4290 aut
1186 4231 1316 4312 propter
1334 4227 1514 4312 neglectam

66 4325 94 4386 pc
142 4308 296 4375 isaionem
320 4331 356 4375 ac
378 4309 646 4394 dispensationem
657 4311 828 4396 politicam,
841 4312 972 4396 ejusque
984 4312 1277 4381 determinationem
1291 4319 1307 4380 a
1321 4314 1515 4402 Magistratu

66 4391 94 4457 la
130 4419 188 4448 un·
207 4397 349 4464 hreviter
360 4399 462 4464 solum
476 4398 610 4465 abusum
627 4399 694 4485 ejus
706 4421 774 4466 esse
786 4400 917 4482 malum,
930 4401 1025 4467 sicuti
1037 4403 1060 4469 b
1072 4402 1240 4489 cujuslibet
1252 4405 1298 4470 rei
1310 4404 1513 4490 adiaphorae,

1410 4494 1433 4560 b
1444 4517 1512 4560 mo-
