3722 4850
299 318 414 383 Tmen.
430 317 472 385 H.
495 317 544 383 De
556 315 692 396 Peren,
707 315 880 396 Bensmcr,
894 316 1048 382 Doroeac.
1062 315 1154 383 Ecce.
1179 315 1249 382 (lte.
1263 314 1323 382 III.
1502 316 1542 378 61

83 504 289 584 Athanasius,
303 504 453 570 laudante
465 505 641 590 Anserem
656 507 712 572 loc.
723 505 771 570 ait.
780 503 916 588 jubebat
924 503 1074 568 lectorem
1083 507 1150 568 tam
1161 503 1281 569 madiae
1291 525 1396 568 vocem
1406 502 1544 580 flectere,
1632 505 1642 522 '

82 601 115 660 ut
125 593 231 679 magis
242 593 430 658 recitantem
442 616 539 680 quam
551 599 734 662 cantantem
746 591 890 657 referret.
903 591 992 657 Idem
1006 593 1062 658 lib.
1078 595 1129 658 10.
1141 615 1169 658 c.
1183 592 1236 657 33.
1252 592 1417 659 flammini
1425 592 1544 670 accidi,

81 696 112 750 at
123 705 174 749 nte
188 683 329 767 amplias
341 695 463 761 cannes,
475 704 573 769 qnam
584 707 634 751 res
645 703 726 771 qnae
737 682 871 760 canitur,
884 693 1012 756 maneat,
1022 682 1194 767 paenaliter
1205 684 1545 770 anepcceareconfitear,

84 771 112 838 a
133 785 211 838 tnnc
233 773 359 839 malem
374 793 441 838 non
456 773 568 839 andire
579 784 764 840 cantantem.
782 769 871 835 ldem
882 771 961 835 facit
974 771 1161 837 Bernardns
1173 771 1209 835 in
1222 771 1360 838 Meditat.
1371 793 1396 836 a.
1409 769 1451 835 ll.
1465 769 1545 835 Hie-

82 883 230 946 ronymus
255 861 289 925 in
305 859 424 945 Ephes.
442 861 473 927 5.
489 862 539 927 19.
553 863 609 928 ubi
624 861 711 942 dicit,
725 860 959 946 trapaecliaanm
971 860 1006 925 in
1022 881 1142 925 monna
1156 869 1267 942 pnttnr
1281 858 1313 926 2
1327 862 1433 945 fauces
1446 860 1546 925 rnedi-

82 952 200 1017 nmine
221 970 288 1015 nan
310 951 481 1029 mendas,
504 964 540 1017 nt
566 953 601 1018 in
612 950 734 1017 eccesia
746 950 909 1015 theatrales
920 949 1043 1015 modali
1054 949 1231 1014 carlianter
1244 947 1414 1016 &cantica
1427 947 1546 1014 Videte

82 1039 187 1104 confer
203 1037 318 1106 Ceam.
332 1038 388 1103 VI.
410 1038 644 1126 Constantinop.
662 1041 697 1104 ia
717 1039 825 1105 Ttnllo
837 1059 904 1104 can.
920 1039 972 1103 75.
985 1037 1029 1102 Et
1040 1036 1172 1122 Dionys
1186 1037 1389 1103 Caribusian.
1401 1041 1494 1102 tract.
1507 1037 1546 1102 de

90 1129 149 1194 Vita
174 1128 372 1193 sacerdotnm
384 1132 444 1194 art.
458 1129 510 1194 20.
523 1130 579 1194 ubi
591 1130 625 1194 in
636 1127 741 1194 officia
754 1127 860 1192 divino
871 1125 1021 1211 prohibet
1032 1149 1141 1191 vocem
1153 1126 1299 1206 fractam,
1312 1127 1336 1191 2
1348 1126 1545 1191 discentum:

82 1219 235 1304 anamais,
251 1217 366 1299 inquit,
378 1217 539 1283 discentes
548 1229 690 1304 provoca
705 1217 875 1302 specialiter
886 1216 1040 1301 quasdam
1052 1216 1095 1281 ad
1106 1216 1294 1282 devotiorann
1313 1213 1545 1300 &cacempha-

83 1307 193 1372 tianem
208 1307 392 1385 vaetertium,
409 1309 545 1372 matam
560 1319 665 1373 tannen
676 1325 816 1372 reamare
830 1306 954 1370 videtne
968 1325 1005 1370 oc
1019 1305 1170 1390 impedire
1180 1304 1219 1369 at
1231 1305 1423 1370 adementia
1434 1325 1545 1370 sensns

83 1395 170 1461 anm
179 1395 331 1480 propriae
341 1395 492 1460 orationis
503 1397 570 1480 ejus
582 1398 638 1484 qni
649 1396 748 1475 andit,
762 1393 794 1459 a
804 1406 882 1459 arnt.
896 1393 1058 1477 Anonymi
1066 1415 1190 1458 summa
1199 1393 1354 1458 virtutum
1364 1393 1546 1459 &vitiorum

84 1484 144 1570 (cit.
170 1484 290 1549 ibidem
315 1487 334 1548 a
359 1484 581 1569 Cartbnnana)
606 1486 668 1549 ait:
693 1485 892 1549 sicutaentns
907 1484 1089 1567 facessant
1104 1483 1325 1567 crispatianeni
1342 1483 1375 1548 in
1391 1483 1486 1568 aqut,
1503 1482 1548 1547 sic

85 1585 190 1639 snmus
210 1573 360 1638 vanitatis
374 1573 457 1638 tane
467 1575 686 1659 crispatianern
699 1574 943 1658 sanctionemque
958 1573 1040 1638 vacis
1051 1572 1152 1655 (omre
1163 1575 1244 1637 solet.
1257 1570 1278 1635 J
1280 1571 1421 1635 ohannes
1438 1569 1542 1636 XXII.

84 1661 303 1747 inExtrsvag.
317 1683 430 1727 comm.
444 1662 500 1726 lib.
514 1664 544 1727 3.
558 1664 599 1728 tit
610 1662 637 1727 I.
648 1661 839 1747 perstringit
851 1655 995 1726 cantores
1007 1683 1122 1737 sacros,
1132 1660 1188 1745 qui
1196 1659 1348 1725 melodias
1358 1660 1487 1746 naseas
1495 1661 1546 1724 in-

84 1761 238 1830 terseaant,
257 1750 450 1817 discentibus
466 1751 630 1831 lababant,
648 1752 750 1835 triplis
765 1748 925 1815 &inentis
937 1749 1121 1834 conatibus
1132 1769 1368 1836 nonnunquam
1379 1750 1547 1828 incubant,

87 1837 138 1905 dc.
159 1839 250 1916 Quae
262 1839 369 1904 omnia
381 1843 489 1905 severe
503 1841 661 1924 prohibet,
674 1841 735 1904 luto
750 1839 948 1903 solummodo
960 1839 1104 1904 clausula
1120 1838 1314 1923 exceptionis
1326 1839 1439 1904 cedens
1453 1838 1546 1922 quasi

84 1928 214 1994 torrenti
237 1951 314 1994 usus
338 1933 395 1993 aut
417 1929 549 1994 abusus:
570 1933 631 1996 Per
645 1929 701 1995 boc
713 1941 817 1994 tamen
829 1949 893 1994 non
906 1927 1099 1992 intendimus
1109 1927 1281 2012 probibere,
1294 1928 1373 2013 quin
1385 1927 1546 1993 interatum

84 2017 189 2083 dictas
199 2018 288 2102 [estis
297 2018 404 2102 praeci
413 2021 477 2102 niti
490 2016 547 2084 ac.
556 2020 682 2104 aliquae
688 2018 919 2096 consonantiae,
928 2037 1009 2103 qnae
1014 2016 1322 2100 naeladiamsapiant,
1328 2028 1407 2101 puta
1415 2029 1546 2095 catanae,

85 2107 218 2191 atrimae,
242 2118 384 2192 quartae,
398 2104 430 2172 d:
446 2106 631 2192 ltnjasmadi
642 2128 744 2192 seipsa
755 2118 884 2172 aantnan
895 2106 1130 2172 cecesiastiennt
1142 2106 1313 2190 simplicem
1324 2108 1547 2191 proferantur:

84 2195 126 2259 ric
141 2207 247 2260 tamen
265 2206 300 2261 nt
315 2195 418 2281 ipsias
437 2207 547 2262 cantus
560 2197 720 2282 intepaitns
732 2195 850 2260 illibata
859 2206 1051 2278 permaneat,
1067 2193 1122 2260 dc.
1136 2194 1278 2260 Attentos
1292 2195 1371 2260 Pius
1383 2198 1435 2261 loa
1451 2217 1547 2278 supra

11 2345 12 2350 ,
84 2285 128 2348 eit.
142 2283 246 2369 rejicit
257 2305 386 2349 amnem
397 2288 527 2349 cantum
538 2286 716 2366 πολύφωνον,
731 2307 787 2348 seu
800 2283 997 2348 Musiealem.
1011 2285 1168 2350 Fitcsaens
1184 2283 1548 2360 crescentianae

84 2384 176 2439 cama
186 2375 287 2438 eccles.
303 2373 332 2458 d.
343 2373 394 2436 12.
407 2373 456 2437 13.
469 2376 560 2438 notat
568 2373 717 2452 flexuras,
730 2375 753 2439 2
765 2395 857 2438 voces
881 2372 1038 2451 tinnulas,
1051 2373 1214 2452 secabiles,
1224 2371 1419 2453 collisibiles,
1429 2375 1479 2439 2ο.
1488 2371 1546 2438 lv.

84 2463 155 2547 Ara.
172 2461 256 2538 Quia
274 2460 340 2525 alia
355 2460 568 2526 instrumenta
580 2460 703 2526 Musica
715 2484 778 2526 non
790 2465 865 2525 sunt
880 2462 1062 2544 usurpanda
1074 2462 1108 2524 in
1124 2461 1281 2538 Ecclesia;
1294 2465 1330 2526 ut
1343 2463 1445 2527 sancit
1459 2465 1546 2528 Cere-

84 2553 217 2617 rnaniole
227 2551 409 2636 episcopa
423 2550 473 2616 lib.
487 2549 513 2615 1.
526 2571 550 2616 c.
564 2551 617 2616 23.
631 2553 653 2616 2
666 2555 755 2616 cavet
769 2551 985 2617 Beltaraninns
997 2571 1021 2615 c.
1038 2550 1087 2614 17.
1099 2551 1147 2615 cit.
1157 2571 1190 2634 p.
1205 2549 1300 2614 2686.
1315 2553 1337 2616 2
1352 2553 1480 2617 Zwarez
1493 2553 1546 2616 loc.

83 2640 130 2703 cit.
152 2640 314 2734 (quamvis
333 2639 367 2702 in
390 2638 533 2705 discursu
552 2638 694 2718 fluctuet,
712 2640 736 2704 2
756 2639 819 2703 sibi
830 2661 918 2703 more
930 2639 1025 2703 solito
1038 2639 1261 2716 contradicat):
1275 2639 1363 2724 Ergo
1375 2643 1394 2704 a
1407 2640 1477 2722 pari
1488 2661 1547 2703 nec

84 2725 222 2812 Organa,
245 2728 363 2793 nedum
375 2728 563 2813 confragosa
575 2727 699 2792 Musica
711 2728 870 2812 organica.
883 2726 986 2792 immo
998 2727 1025 2792 si
1037 2727 1114 2813 quid
1125 2727 1336 2807 tolerandum,
1353 2727 1548 2813 simpliciora

82 2815 418 2901 iustrumentamajori
423 2817 494 2900 jure
504 2817 634 2881 tolerari
643 2821 782 2900 possent,
790 2821 933 2881 utaenua
942 2839 1070 2895 cornua,
1081 2815 1188 2892 tubae,
1198 2815 1546 2900 testudines,oytharoe,
1675 2815 1677 2820 ’

82 2901 131 2969 lte.
161 2907 184 2972 2
208 2909 400 2990 argnrmenta
423 2904 662 2971 Pontificiorum
686 2906 727 2969 ab
745 2909 890 2989 exemplo
907 2904 948 2971 V.
965 2904 1003 2970 Τ.
1017 2906 1040 2971 2
1056 2905 1097 2969 ab
1113 2905 1304 2969 excitatione
1320 2904 1506 2984 devotionis,
1524 2905 1547 2969 2

84 2992 177 3058 laude
193 2994 303 3060 divina
314 2993 457 3074 deducta,
472 2997 572 3080 aeque
585 2993 706 3078 probis
719 2993 893 3080 stringunt,
906 3017 942 3059 ac
955 3015 1012 3078 pro
1024 2992 1162 3079 Organis
1186 2991 1227 3058 V.
1240 2993 1314 3077 Arp.
1328 2992 1411 3069 Quia
1422 3015 1485 3057 non
1497 2993 1547 3057 in-

81 3080 218 3148 haerent
233 3082 326 3166 praxi
342 3084 538 3148 venerandae
555 3083 783 3168 Antiquitatis:
797 3083 881 3168 quod
893 3082 985 3147 unice
997 3086 1105 3146 tamen
1118 3081 1266 3146 affectare
1279 3105 1312 3146 se
1325 3081 1444 3168 ubique
1457 3105 1546 3166 prae-

82 3175 215 3250 texunt;
227 3172 284 3237 sed
299 3171 469 3239 manifeste
481 3172 638 3236 novitates
652 3170 846 3236 Graecarum
858 3171 1008 3257 antiquae
1022 3170 1147 3256 &gravi
1161 3170 1320 3235 devotioni
1336 3169 1396 3236 hta
1412 3171 1445 3234 in
1456 3175 1548 3256 parte

81 3259 279 3342 praeferunt.
293 3257 379 3325 Nam
386 3260 499 3327 Primo
510 3261 633 3346 Orpani
639 3260 856 3325 inventionem
864 3281 980 3326 novam
988 3283 1056 3324 esse
1066 3259 1196 3324 diffiteri
1204 3281 1268 3324 nan
1275 3264 1418 3343 possunt.
1434 3259 1549 3327 Caesar

81 3349 296 3436 Batenperins
308 3348 373 3415 lib.
392 3349 422 3412 2.
435 3349 473 3415 de
489 3349 621 3415 Theatra
634 3371 659 3414 c.
673 3350 725 3412 31.
740 3349 839 3413 refert
854 3351 894 3414 ad
909 3353 1055 3433 tempora
1069 3348 1090 3413 J
1092 3348 1194 3412 uliani
1211 3347 1396 3432 Apostatae.
1410 3349 1548 3414 Larinas

79 3437 115 3502 in
138 3437 313 3506 Commeat.
331 3438 374 3503 ad
389 3437 506 3504 tibrum
523 3439 700 3522 Sapientiae
714 3459 739 3502 a.
755 3438 806 3503 19.
818 3457 848 3503 υ.
863 3438 913 3502 17.
928 3440 951 3504 2
965 3437 1079 3523 Palyd.
1104 3437 1210 3522 Vispil.
1222 3437 1287 3502 tit.
1302 3438 1332 3502 3.
1346 3459 1371 3503 c.
1386 3438 1415 3501 7.
1428 3441 1549 3523 negant

78 3526 117 3590 de
132 3526 306 3592 inventore
318 3526 410 3612 [pag.
423 3525 505 3613 557]
518 3527 674 3592 constare.
688 3525 772 3592 Sunt
784 3526 838 3612 qui
853 3525 1026 3591 Gereberto
1038 3549 1093 3591 seu
1103 3524 1266 3610 Sylvestro
1275 3525 1478 3605 II.tribuant;
1493 3526 1549 3591 alii

78 3613 225 3700 Georgia
236 3613 363 3679 Veneto
374 3615 539 3695 sacerdoti,
553 3616 609 3680 alii
622 3615 857 3701 antiquioribus
870 3618 920 3701 (ut
932 3614 1031 3679 refert
1042 3615 1126 3680 idem
1139 3615 1320 3702 Polydorus
1332 3618 1385 3681 lac.
1394 3617 1475 3681 tit&
1489 3616 1548 3682 Ge·

76 3703 232 3770 nebrard.
247 3704 282 3769 in
298 3702 459 3788 carmel.)
476 3705 531 3769 sed
541 3726 648 3770 merae
661 3705 860 3788 conjecturae
872 3706 956 3768 sunt.
970 3701 1132 3789 Quidquid
1140 3703 1193 3783 sit,
1203 3703 1331 3769 Graecis
1337 3726 1393 3769 seu
1401 3703 1550 3769 Orienta-

75 3793 167 3858 libus
181 3793 350 3862 inventum
367 3791 428 3857 boc
443 3792 657 3868 tribuendum,
675 3793 765 3857 docet
781 3804 848 3858 tum
860 3792 974 3877 genius
990 3815 1110 3871 eorum,
1122 3805 1190 3858 tum
1202 3794 1339 3860 Annene
1351 3795 1549 3860 stanconam

75 3881 103 3948 dt
127 3881 229 3970 pettit
244 3882 362 3966 Pipini,
375 3881 552 3948 &Aventia
566 3881 631 3948 Lib.
645 3883 675 3946 3.
689 3882 796 3947 histor.
811 3882 985 3966 Bojorntn5
996 3883 1020 3947 2
1033 3881 1314 3948 ManannsSootns
1321 3905 1334 3960 ;
1343 3882 1398 3968 qui
1407 3881 1551 3947 referunt

11 4045 12 4050 η
74 3974 94 4036 i
117 3971 337 4037 Constantino
361 3969 560 4054 Capronyma
575 3992 633 4055 per
645 3970 781 4056 Legatos
794 3968 959 4056 Organum
972 3970 1053 4040 dana
1065 3969 1208 4048 missum,
1225 3974 1379 4056 tanquam
1391 3971 1550 4036 admiran-

11 4085 13 4140 ξ
74 4060 153 4126 dim
181 4059 332 4124 &rarum
347 4059 441 4144 quid:
458 4059 482 4125 2
497 4063 674 4144 agnoscunt
684 4059 768 4123 bane
780 4057 957 4123 Historiam
971 4059 1132 4124 Baronins
1141 4079 1228 4124 anno
1242 4059 1315 4124 766.
1329 4059 1358 4144 d.
1371 4061 1460 4126 aas
1476 4065 1551 4126 ante

73 4172 151 4216 erm
178 4146 405 4212 Genebrardus
429 4148 462 4212 in
485 4147 749 4232 Ghranographia
772 4148 812 4211 ad
836 4169 908 4211 ann.
927 4147 1001 4212 715.
1018 4147 1074 4232 qui
1091 4146 1179 4212 addit
1193 4148 1341 4213 hactenus
1357 4169 1477 4234 organa
1493 4149 1551 4215 illa

11 4281 13 4288 ·
75 4239 184 4306 antis
212 4235 425 4304 &Germanis
437 4237 537 4322 [nisse
547 4237 716 4322 incapnita.
729 4235 841 4300 Refert
854 4241 1017 4320 praeterea
1028 4237 1196 4301 Aimainns
1208 4237 1259 4302 lib.
1274 4238 1305 4302 4.
1319 4236 1437 4304 Ilistaa.
1447 4240 1551 4304 Fran-

11 4303 13 4396 l
71 4349 193 4396 tantm
217 4347 240 4391 c.
268 4326 340 4390 113.
366 4325 587 4410 presbyterum
609 4326 767 4410 quendam
788 4321 943 4390 Graecum
954 4325 1083 4390 nomine
1096 4323 1271 4412 Georgium
1286 4325 1451 4408 Organum
1463 4349 1551 4392 more

11 4415 13 4496 l
72 4417 103 4484 li:
111 4437 280 4484 asnorum
292 4412 481 4499 Imperatori
493 4413 650 4480 liudovico
663 4413 885 4499 composuisse,
898 4413 1032 4480 barinus
1044 4416 1113 4480 loco
1125 4414 1178 4480 cit.
1187 4415 1308 4481 fatetur
1315 4435 1474 4501 asponam
1482 4438 1552 4566 app.
