3722 4850
301 291 414 360 Tmcr.
427 291 469 358 ll.
494 291 541 356 Du
556 291 688 372 Parcis,
704 291 877 372 Brassica,
891 291 1042 358 Doxonos.
1056 291 1147 356 Ecca.
1172 292 1242 357 Gne.
1256 291 1315 357 Ill.
1495 292 1535 357 91

87 483 224 549 Ttersitis
248 480 330 546 Sect.
355 483 386 544 3.
411 503 479 564 cap.
505 481 534 542 3.
556 480 674 544 allusion
690 483 839 566 oipnnica
852 503 905 546 ecee
919 494 1063 566 pareest,
1077 482 1537 565 rieccppcndincntncsdiuini.

83 572 220 644 Absurde,
233 571 348 656 inquit,
362 571 507 656 quuncois
518 571 602 632 enim
618 590 673 634 nec
686 573 816 655 percssit
828 572 1008 638 esserniulis.
1023 593 1076 635 nec
1086 571 1248 654 appendic
1259 572 1442 648 necessaria,
1455 571 1485 636 a·
1497 572 1539 636 ud

82 685 140 726 esse
166 663 267 726 cecitas
291 661 402 737 (licini,
427 672 531 723 triticea
557 678 616 742 pro
631 661 800 744 appendice
816 660 898 724 deba
911 660 1018 724 liubai
1029 660 1072 724 ud
1087 660 1201 724 melius
1215 662 1237 724 tc
1249 660 1443 724 commodius
1459 683 1538 736 esse,

82 751 256 836 abiectaque,
288 761 319 814 ut
344 749 503 834 specimina
521 747 554 810 in
570 747 628 813 bric
646 751 788 828 Ecclesid,
803 751 999 834 interipsum
1016 751 1135 814 cerellum
1151 762 1334 833 usurpetur,
1350 771 1388 813 en
1402 751 1540 832 periercdi

82 851 234 924 praecepto
247 839 343 903 Pauli
360 841 387 900 l.
403 841 471 903 Cor.
490 837 539 920 a,
556 837 609 899 26.
622 859 684 921 qim
699 841 924 923 prereninnnu’
937 839 1133 903 iricorninodo
1149 839 1255 922 ipsura
1269 839 1350 901 inter
1363 839 1539 914 turbatura,

82 930 174 1014 qrrolis
185 939 260 992 esset
277 927 472 1004 dissonantia
485 926 676 992 crescentinus.
689 928 760 1011 Ego
774 933 882 991 contra
895 929 954 1004 nio,
970 929 1104 992 absurde
1118 950 1222 992 nterim
1235 927 1442 990 assertionem
1452 931 1538 991 taxa·

82 1018 121 1092 ri;
143 1017 236 1102 qnasi
264 1017 410 1100 opposita
434 1015 558 1092 fuisset,
584 1017 653 1080 usui
678 1017 799 1100 Orgaui
817 1017 850 1079 iu
862 1022 956 1081 assita
972 1017 1180 1095 l'salmoruur,
1195 1038 1289 1100 quem
1303 1016 1374 1079 istic
1387 1020 1463 1080 tunc
1474 1024 1538 1100 (an.

81 1108 140 1170 scil.
157 1106 266 1186 loto.)
280 1105 454 1169 obtinuisse
471 1103 623 1170 affirmat.
641 1106 735 1170 Arnim
754 1106 849 1169 lost.
862 1129 934 1170 cum
947 1106 1205 1189 Disputationem
1218 1105 1307 1168 illam
1321 1127 1539 1188 proponerem,

82 1197 101 1260 b
123 1195 336 1259 defensionem
361 1196 428 1277 ejus
441 1196 551 1257 contra
564 1191 1039 1259 ltenrunstranto-Sociniamnn
1057 1195 1285 1278 Aggressorem
1299 1195 1539 1272 conscriberem,

80 1286 159 1368 cirjus
172 1284 270 1347 editio
282 1283 427 1366 sequenti
440 1304 522 1346 asino
537 1282 664 1348 demum
679 1285 912 1362 absolvebatur,
927 1309 964 1348 uo
978 1307 1034 1367 per
1046 1283 1204 1347 sorunium
1218 1283 1345 1366 qiude'm
1359 1283 1539 1367 cogitabam

81 1395 130 1437 nec
153 1373 249 1436 lando
273 1395 413 1454 uniquam
427 1370 611 1435 audiveram
625 1374 662 1437 de
675 1378 770 1438 cerritu
782 1372 903 1456 Organi
917 1397 988 1436 cum
1001 1377 1095 1436 crrutu
1113 1373 1318 1448 l'salmorum,
1333 1395 1389 1434 uec
1403 1372 1494 1435 ullibi
1507 1373 1539 1434 in

80 1461 223 1526 Ecclesiis
238 1461 376 1546 Belgicis
389 1461 463 1524 talis
475 1465 589 1524 cantus
602 1463 766 1536 exstabat;
780 1462 897 1545 qnippe
910 1463 1049 1546 primum
1058 1463 1090 1525 in
1101 1461 1243 1526 Ecclesia
1254 1461 1362 1543 aliquis
1371 1459 1538 1524 Hollaudi-

79 1555 111 1612 et
131 1550 171 1615 N.
198 1550 319 1614 Aedilis
337 1549 477 1632 alicujus
490 1553 547 1613 alit
561 1549 722 1615 Aedilium
736 1551 828 1614 istius
843 1552 901 1614 loci
917 1551 1041 1634 privato
1050 1551 1168 1633 judicio
1181 1573 1216 1614 ac
1228 1551 1332 1614 studio
1345 1572 1428 1613 atillo
1444 1549 1539 1614 lost.

78 1639 279 1704 introductus,
305 1637 447 1714 Quorum
471 1641 654 1722 exeinplum
679 1640 710 1702 iu
735 1640 807 1704 aliis
833 1639 937 1723 Belgii
963 1639 1153 1705 Civitatibus
1171 1638 1361 1722 quilmsdam
1376 1638 1539 1702 visumest

80 1728 189 1792 inuitari
198 1751 204 1791 :
231 1727 349 1791 alicubi
374 1731 465 1790 tantis
489 1750 560 1791 cnm
580 1727 697 1806 benign,
722 1733 757 1793 ut
772 1752 811 1792 ne
824 1729 948 1792 cariseio
961 1729 1089 1810 quidem
1102 1732 1157 1792 aut
1171 1728 1315 1792 czoiisulto
1329 1727 1543 1792 ecclesiastico

78 1815 224 1900 Syuelrio
249 1817 411 1880 innovatio
437 1816 493 1880 illa
506 1821 563 1880 nsit
577 1821 698 1880 tentata
712 1822 768 1881 aut
782 1821 910 1901 peracta
925 1818 1031 1883 luerit.
1045 1819 1134 1892 ltuml
1149 1817 1304 1902 quomodo
1318 1816 1402 1879 viam
1416 1816 1540 1880 ruiiuirc

80 1911 178 1988 posset
202 1906 242 1970 ad
267 1905 370 1969 multa
393 1905 467 1982 alies,
493 1909 515 1971 b
529 1906 658 1989 quidem
671 1907 800 1989 minoris
815 1907 966 1971 momenti
983 1907 1101 1970 sensim
1115 1908 1205 1990 [pag.
1221 1906 1301 1990 sol]
1315 1905 1383 1968 sine
1402 1928 1495 1969 sensu
1508 1907 1541 1968 in

77 1995 157 2058 cultu
187 1995 314 2078 publico
327 1995 395 2058 siue
409 1996 615 2059 antecedente
628 1999 651 2061 ct
664 1995 808 2079 legitimo
824 1995 985 2060 Ecclesiae
994 1996 1112 2078 judicio
1126 1995 1314 2072 innovanda,
1328 1994 1540 2077 prudentiori-

78 2083 132 2148 bus
155 2084 376 2148 arbitrandum
402 2082 558 2168 relinquo.
583 2083 632 2147 Dc
656 2085 715 2148 hoc
740 2108 799 2148 usn
813 2085 1013 2168 (lipsanorum
1029 2085 1059 2148 in
1082 2083 1446 2168 dirigendapsalmodia,
1460 2105 1542 2146 arrno

81 2173 168 2238 lost.
184 2173 314 2236 minime
328 2171 527 2256 cogitabam
542 2195 612 2237 crim
627 2175 765 2237 noudum
778 2178 855 2237 tunc
868 2174 900 2236 in
914 2174 1027 2258 Belgio
1036 2178 1155 2252 nostro,
1165 2175 1249 2258 qircnl
1258 2172 1381 2250 scirem,
1391 2176 1541 2244 exstaret;

78 2263 127 2325 sed
150 2262 273 2346 aliquot
296 2262 423 2324 deinum
447 2262 538 2325 artinis
562 2267 643 2344 post,
669 2269 763 2326 icirno'
776 2263 842 2328 scil.
872 2263 965 2325 llill.
984 2263 1166 2345 epimonem
1180 2285 1282 2326 inierim
1297 2263 1335 2326 de
1348 2261 1541 2344 lacapeno,

78 2373 168 2434 (qnam
193 2373 265 2414 mox
289 2349 373 2414 iufra
389 2355 541 2433 repetam.
559 2349 609 2414 Sit
625 2374 701 2434 ergo
714 2351 791 2415 haec
804 2353 1035 2435 parruloxorum
1047 2375 1190 2415 meorum
1207 2350 1429 2415 Numeratoris
1443 2373 1542 2436 quae-

77 2440 135 2502 sita
157 2439 392 2514 schiouraclrin3
407 2442 429 2504 tt
442 2444 505 2503 stet
518 2440 644 2503 innoxia
657 2464 737 2520 aresi,
751 2440 896 2523 cpiamvis
911 2441 991 2504 forte
1002 2441 1120 2522 ,jiulicio
1130 2441 1275 2504 Censoris
1288 2439 1452 2503 alnnnlaus
1465 2462 1539 2502 cain

78 2529 139 2591 tela
162 2549 258 2611 super
282 2527 483 2611 Organorum
510 2529 699 2612 pulsatione,
725 2553 805 2612 (lirae
829 2534 903 2592 ardo
918 2529 1111 2608 inclinatum,
1125 2533 1181 2592 aid
1193 2534 1265 2612 post
1278 2529 1402 2592 finitum
1416 2551 1541 2592 ornnem

76 2618 194 2680 cultum
223 2617 472 2681 ‹ecclesiasticum
491 2617 611 2700 passim
624 2619 767 2682 obtulere
781 2620 872 2682 solet.
889 2617 937 2682 De
950 2618 1151 2682 distinctione
1166 2619 1221 2682 illa
1237 2617 1419 2701 eqqiernlic-is
1435 2639 1542 2680 neces·

76 2705 176 2769 suriae
188 2706 293 2770 cultus
305 2705 427 2788 publici
439 2707 482 2770 cd
498 2706 572 2770 benc
582 2729 646 2771 esse
658 2707 779 2791 aliquid
792 2708 853 2770 dici
868 2711 989 2790 pomet:
1004 2708 1059 2771 sed
1071 2707 1146 2790 quia
1158 2730 1267 2770 ‹inrnes
1282 2714 1344 2769 tere
1358 2705 1543 2769 traditiones

75 2797 95 2858 s
118 2795 316 2858 ceremoniae
345 2794 531 2878 l’apisticae,
554 2819 634 2877 qum
648 2800 721 2859 sinte
734 2796 892 2878 l‘apatiuu
909 2798 992 2879 apud
1005 2797 1164 2878 aidiquus,
1178 2804 1213 2859 nt
1228 2795 1251 2858 b
1264 2798 1335 2878 post
1347 2795 1544 2857 relinmatio-

75 2905 145 2947 nem
171 2883 286 2948 alicubi
309 2883 490 2966 viguerunt,
504 2888 560 2948 siut
573 2884 749 2947 etiaunnnu
763 2885 882 2969 vigent,
897 2885 955 2948 tali
968 2885 1154 2968 purpurisso
1168 2888 1186 2947 a
1199 2884 1307 2947 zelotis
1321 2905 1429 2946 earum
1442 2883 1544 2946 fucari

73 2972 194 3048 solent;
208 2971 401 3036 remittimus
413 2971 576 3036 hectorem
591 2974 629 3036 ad
643 2997 680 3036 ea
693 2997 773 3058 quim
787 2974 937 3056 saprade
950 2973 1069 3040 ditibus
1082 2972 1331 3037 dissertavinms.
1343 2971 1454 3052 Pergit
1463 2971 1543 3034 lien-

74 3083 141 3124 sor:
172 3059 304 3144 ,Neque
317 3061 411 3124 debet
421 3061 473 3124 hic
485 3061 580 3124 boum
594 3065 734 3126 ruetuere
751 3086 787 3126 ue
801 3062 974 3146 (lrganista
987 3067 1024 3126 ea
1037 3062 1158 3126 ratione
1171 3061 1384 3125 constitimtur
1399 3059 1545 3124 Minister

77 3149 339 3224 ,ecclesiasticus
364 3149 452 3213 Licet
477 3151 561 3213 enim
588 3173 648 3214 uon
673 3156 839 3215 censeatur
865 3151 1010 3216 Minister
1028 3174 1064 3213 ex
1088 3175 1123 3214 eo
1136 3173 1251 3234 genere
1270 3148 1449 3228 ministerii,
1462 3151 1545 3232 quod

75 3239 241 3302 ‘Uluistus
253 3239 296 3302 nd
307 3259 370 3302 csse
383 3238 532 3317 institnit,
545 3241 568 3304 b
581 3241 675 3323 (pericle
688 3245 837 3303 exercent
853 3239 1010 3318 Pastores,
1024 3239 1181 3318 SenioreS,
1196 3238 1341 3315 Diaconi,
1355 3238 1416 3300 erit
1432 3241 1539 3301 tamen

77 3339 131 3390 ‘ex
160 3350 197 3388 eo
220 3349 337 3410 genere
362 3325 582 3392 Ministrorum
606 3352 685 3412 quos
707 3329 849 3393 Ecclesia
869 3331 911 3393 nd
931 3330 1003 3393 lanu
1023 3351 1086 3393 essc
1107 3328 1257 3406 instituit,
1280 3326 1454 3410 cujusuuuli
1470 3330 1544 3390 siud
1597 3367 1599 3372 ,

74 3416 275 3494 *tlanicidae
294 3415 436 3494 Ostiarii,
453 3419 476 3481 b
492 3417 746 3482 l‘raecentores’'.
765 3421 853 3501 ltesp.
870 3418 1098 3482 l‘lmntasmata
1111 3417 1327 3489 tetrasemos.
1343 3413 1543 3498 Organorum

72 3505 214 3588 pulsatio
241 3509 289 3568 est
312 3505 466 3587 appendix
480 3506 584 3570 cultus
599 3507 718 3589 publici
733 3507 910 3570 irecessaria
923 3508 965 3571 cd
977 3507 1050 3571 broie
1061 3528 1141 3570 esse:
1158 3509 1180 3570 tc
1196 3507 1427 3587 consequenter
1440 3503 1543 3586 Orga-

70 3594 176 3658 nistas
201 3617 270 3658 esse
296 3593 457 3658 illinisbos
481 3595 720 3673 ecclesiasticos,
735 3619 812 3678 qum
826 3595 970 3660 Ecclesia
987 3597 1026 3658 ad
1039 3596 1112 3660 bein
1126 3616 1189 3659 csse
1202 3593 1353 3670 instituit,
1373 3592 1467 3657 sicuti
1484 3593 1544 3657 Ca-

69 3683 207 3762 nicidae,
232 3681 376 3760 Ostiarii,
401 3681 634 3747 l'raecentores.
650 3683 735 3766 Lego
753 3684 869 3766 passim
884 3686 967 3767 capud
982 3684 1174 3768 Theologos,
1189 3687 1385 3770 sacramenta
1400 3705 1467 3745 esse
1486 3702 1544 3765 up-

65 3773 216 3855 pendiccs
238 3771 330 3849 crerbi,
347 3793 402 3834 seu
421 3771 602 3852 Euangelii,
620 3774 737 3856 &equid
761 3776 947 3848 'lbsscuucnu
961 3775 995 3837 in
1008 3777 1177 3838 Ferrinrent.
1190 3772 1232 3834 nd
1249 3773 1276 3834 l.
1291 3771 1430 3836 Corirdt.
1448 3771 1497 3833 ll.
1512 3770 1545 3832 in

68 3861 142 3938 line,
171 3859 368 3943 baptismum
385 3885 452 3924 csse
465 3863 666 3945 crpipcrnliceni
682 3864 863 3926 iiciiiisterii:
878 3863 939 3926 Sed
956 3863 1109 3926 hactenus
1123 3883 1184 3924 nem
1197 3859 1328 3923 ineiuini
1342 3882 1392 3922 ine
1405 3861 1512 3940 legere
1528 3862 1545 3921 a

64 3950 194 4014 uostris
217 3947 393 4032 'l'lreologis
418 3947 625 4028 Osiriciclinm,
643 3951 803 4014 Ostiorum
816 3953 1023 4033 apertionem,
1041 3954 1255 4033 praecantum,
1269 3948 1387 4012 (lictum
1405 3971 1472 4010 csse
1485 3969 1543 4030 ap·

63 4039 234 4122 pisentiana
257 4039 358 4102 cultris
382 4039 499 4120 publici
522 4040 561 4102 ad
586 4041 726 4121 ejusdem
749 4041 821 4103 tnnc
843 4062 916 4117 csse,
937 4038 1172 4122 &Organistas
1186 4037 1362 4116 Caniculae
1376 4036 1543 4114 (latiarios,

65 4127 313 4204 Praesentores,
338 4125 413 4209 qnia
437 4127 493 4191 illa
517 4129 752 4206 acliniuistraut,
770 4129 889 4213 pariter
903 4129 1001 4192 (lictus
1016 4151 1082 4192 esse
1099 4129 1260 4192 illini-siros
1273 4127 1485 4190 ecclesiasticos
1503 4127 1545 4190 od

65 4219 143 4282 bein
156 4237 225 4280 csse
236 4215 341 4280 cultus
354 4216 473 4298 publici
487 4217 526 4281 alr
542 4217 683 4281 Ecclesia
696 4219 869 4281 institutos.
885 4216 929 4280 Ut
941 4217 1090 4300 incipiam
1105 4220 1144 4278 ab
1155 4215 1354 4298 (lipsanorum
1367 4215 1546 4297 pulsatione

64 4329 150 4390 quae
181 4304 272 4368 finito
297 4325 353 4387 per
376 4305 627 4370 benedictionem
651 4307 813 4371 solennem
837 4306 922 4370 urrini
943 4307 1031 4370 cultu
1045 4305 1267 4382 ecclesiastice,
1282 4307 1303 4369 b
1317 4305 1485 4386 coetujum
1499 4303 1545 4365 di-

63 4397 170 4462 misso
200 4397 255 4460 aut
271 4396 405 4458 excunte
419 4394 562 4460 inchoari
577 4395 808 4480 &aliquamdiu
822 4395 999 4462 continuari
1013 4395 1109 4471 solet3
1125 4417 1161 4458 ea
1174 4393 1279 4459 cultus
1292 4393 1420 4478 quidem
1435 4413 1544 4456 conse-

1448 4501 1548 4566 quein
