3766 4866
309 290 373 365 336
532 319 536 327 ·
682 288 1239 400 PonrrrcarElccnrsnsrrolaPrnsl.
1263 293 1384 366 lnass.

277 511 281 518 ·
308 483 471 550 flammam
488 505 651 552 accurrere
671 488 801 554 debent:
818 509 858 553 ne
870 487 1020 554 devorata
1031 492 1095 553 und
1106 491 1179 573 post
1190 488 1337 567 alteram,
1351 486 1416 572 ipsi
1428 485 1488 588 hoc
1503 481 1676 569 privilegio
1688 503 1774 569 gau·

309 575 854 732 ‘¹⁰²³l’1tbllllimvrlilttelll'
869 575 1773 732 lullnldllbl{ln-tutunus:

226 803 233 825 .
307 685 541 830 ῗὶζῗἪξέἣοίἰοιιι
549 757 606 818 aut
617 715 728 842 magni
740 687 893 820 nldbmellti
905 777 1014 820 casum
1025 759 1200 840 proponat;
1213 776 1277 818 non
1292 687 1417 838 sdmper
1426 687 1453 828 d
1464 685 1639 836 Tglreologis
1654 753 1680 817 dr
1692 748 1773 835 Syn-

309 841 377 906 odis
399 862 587 925 responsum
609 847 734 928 promte
758 845 907 924 dandum,
923 866 981 909 nec
1003 848 1112 910 tamen
1136 865 1262 927 semper
1273 841 1467 925 negandum,
1479 845 1536 906 aut
1551 838 1772 906 differendum.
1860 821 1862 888 l

308 921 495 997 Ponderatis
514 931 663 997 omnibus
675 933 932 1011 circumstantiis,
946 932 1115 999 videndum
1126 955 1166 998 ne
1178 932 1347 997 consilium
1359 935 1505 996 nostrum
1516 929 1599 995 desit
1615 929 1655 994 iis
1667 928 1726 1012 qui
1739 949 1772 992 eo
1861 929 1862 964 ι

308 1019 447 1083 maximo
462 1019 611 1105 indigent
625 1022 650 1087 dr
662 1020 753 1108 digni
769 1026 862 1086 sunt:
878 1043 937 1086 nec
949 1022 1142 1107 margaritae
1158 1022 1367 1106 projiciantur
1378 1019 1528 1105 indignis,
1543 1017 1599 1102 qni
1613 1039 1672 1081 nec
1685 1017 1772 1082 doci·-

310 1108 356 1172 les
369 1111 485 1188 essent,
497 1129 555 1176 nec
567 1108 695 1192 publico
708 1111 791 1175 bono
802 1110 864 1175 boc
875 1114 1026 1196 agerent3
1041 1110 1096 1176 ssd
1107 1114 1245 1189 tantum,
1257 1114 1294 1175 ut
1306 1109 1466 1174 Ecclesiae
1478 1111 1576 1192 atque
1589 1109 1654 1172 una
1665 1105 1772 1184 nos,si

309 1195 442 1280 possint,
465 1197 659 1281 proculcent.
681 1198 731 1264 De
752 1199 872 1264 talibus
895 1198 1097 1284 praemonuit
1119 1220 1177 1264 nos
1197 1197 1346 1264 Servatur
1365 1197 1474 1263 Mollia.
1492 1196 1523 1261 7.
1536 1218 1567 1260 ι.
1583 1195 1614 1260 6.
1634 1196 1686 1262 -Νιι
1708 1195 1774 1258 dale

308 1296 452 1352 sunctum
467 1285 609 1365 mnibus,
633 1287 684 1354 tc.
708 1287 865 1372 Exemplo
890 1309 947 1353 suo
963 1287 1079 1366 docuit,
1092 1309 1160 1352 esse
1172 1291 1299 1371 tempus
1311 1284 1436 1351 tacendi
1452 1287 1476 1352 tr
1492 1283 1646 1369 loquendi
1661 1283 1769 1349 noces

310 1375 340 1440 3.
356 1395 386 1440 v.
406 1373 434 1438 7.
452 1374 561 1440 Moab.
576 1376 629 1440 21.
642 1398 672 1441 v.
685 1375 739 1441 27.
755 1397 854 1462 neque
865 1397 937 1462 erpo
955 1376 1041 1442 votis
1053 1377 1131 1455 dico,
1143 1376 1194 1442 bc.
1208 1375 1317 1441 Mutet.
1331 1374 1383 1439 26.
1396 1397 1469 1439 cum
1481 1373 1622 1440 dotano.
1637 1371 1689 1436 19.
1702 1393 1731 1436 u.
1743 1372 1772 1434 9.

310 1484 373 1527 non
396 1463 609 1546 respondebat
631 1462 792 1548 Gajaphae
816 1467 840 1532 b
855 1464 971 1530 Pilato.
996 1465 1026 1529 6.
1039 1469 1134 1532 cenot.
1150 1463 1185 1530 Si
1197 1465 1344 1550 proprius
1360 1461 1573 1548 Magistratus
1585 1460 1773 1526 decisionem

309 1573 401 1616 casua
424 1552 576 1636 postulet,
600 1558 707 1636 posset
729 1553 901 1637 aliquando
923 1575 1110 1638 responsum
1127 1553 1279 1618 declinari
1291 1556 1348 1617 ant
1359 1549 1567 1617 differritsed
1579 1554 1616 1615 ut
1631 1549 1773 1614 absoluti

311 1645 446 1726 negetur
458 1640 588 1706 veritati
598 1641 818 1706 testimouium
831 1642 916 1726 apud
924 1642 1007 1721 illos,
1017 1643 1046 1706 si
1054 1643 1184 1722 instent,
1194 1641 1378 1726 adgloriam
1387 1639 1627 1706 Deidsalutam
1636 1637 1772 1702 Proximi

311 1728 489 1814 perbibere,
513 1751 577 1794 non
599 1733 678 1814 puto
701 1730 944 1797 concedendum.
967 1729 1019 1796 Ita
1035 1730 1148 1795 suadet
1159 1730 1341 1815 exemplum
1354 1728 1475 1794 Christi
1487 1728 1598 1794 dicut.
1610 1728 1708 1792 aaa.
1724 1727 1774 1790 63.

310 1815 483 1904 Distingue
507 1821 615 1883 tamen
633 1819 792 1903 duplicem
812 1841 931 1885 casum.
955 1817 1050 1884 Alius
1071 1820 1156 1884 enim
1172 1823 1231 1897 est,
1248 1817 1532 1884 factitranseuntis
1544 1839 1600 1882 seu
1612 1815 1776 1900 praeteriti

312 1906 352 1971 ab
375 1907 446 1990 ipso
470 1904 666 1992 Magistratu
689 1911 745 1973 aut
769 1908 809 1972 ab
830 1929 940 1973 eorum
953 1908 1073 1986 amicis,
1087 1907 1284 1986 necessariis,
1301 1905 1472 1972 foederatis
1484 1905 1712 1992 purgationem
1723 1907 1775 1967 aut

309 1994 528 2079 palliationem
545 1993 748 2082 a'lheologis
760 1997 1018 2082 exspectantibus
1033 1997 1220 2084 propositis;
1234 1996 1283 2061 uti
1294 1994 1473 2080 Imperator
1485 1992 1650 2059 Caracalla
1661 1993 1770 2056 fratri·

312 2083 385 2148 cidii
409 2082 459 2150 sui
483 2087 503 2149 a
529 2083 715 2168 Papiniano.
738 2085 832 2150 Etsi
855 2107 894 2150 ex
917 2090 991 2151 voto
1014 2086 1075 2150 boc
1090 2085 1195 2150 minus
1207 2085 1399 2164 succederet,
1411 2083 1494 2148 nibil
1509 2082 1572 2148 nisi
1584 2080 1774 2166 indignatio,

311 2172 431 2252 odium,
455 2171 596 2238 vindicta
619 2171 792 2258 Theologis
816 2174 1037 2258 exspectanda.
1062 2174 1143 2240 Cum
1165 2173 1362 2239 solummodo
1378 2172 1575 2238 occasionem
1592 2169 1775 2236 serenandi

312 2260 434 2345 quaeri,
448 2259 573 2346 sibique
597 2261 729 2327 insidias
740 2261 823 2327 strui
834 2263 953 2344 addent,
966 2285 1024 2348 nec
1036 2262 1210 2347 quidquam
1223 2283 1373 2346 responso
1384 2264 1493 2326 nostro
1502 2281 1560 2325 nos
1569 2258 1774 2345 profecturos,

313 2352 457 2434 praestat
468 2349 526 2415 illo
537 2354 684 2435 tempore
695 2351 990 2436 praesentissimum
1002 2347 1687 2437 periculumdeclinare,&responsumalteri
1696 2351 1775 2412 tem·

335 2437 384 2503 ori
408 2440 506 2523 atque
517 2439 674 2504 occasioni
685 2461 858 2506 reservare.
881 2439 980 2506 Istius
996 2441 1123 2527 generis
1139 2463 1230 2506 casus
1246 2443 1362 2519 essent,
1378 2438 1406 2504 si
1422 2437 1556 2518 Phocus,
1569 2441 1642 2521 post
1653 2436 1774 2501 obitum

312 2460 459 2592 llauritii
479 2531 612 2613 ejusque
634 2525 790 2594 Filiorum
810 2551 906 2614 super
922 2529 1088 2595 dominatu
1103 2550 1160 2594 suo
1176 2528 1306 2614 pacifice
1320 2528 1427 2595 &cum
1438 2547 1594 2592 consensu
1610 2529 1709 2609 atque
1721 2547 1774 2609 ap·

313 2615 501 2700 probatione
512 2614 644 2701 Imperii
655 2616 837 2702 impetrato,
850 2617 919 2702 ipse
931 2622 987 2683 aut
998 2617 1100 2702 ipsius
1111 2618 1292 2702 purpurati,
1305 2615 1409 2701 expio
1422 2615 1530 2699 aliquo
1543 2613 1714 2699 Episcopo,
1723 2617 1775 2678 aut

314 2703 490 2790 Theologo,
510 2709 568 2770 aut
585 2709 756 2772 convocato
776 2705 917 2773 Concilio
933 2706 1229 2772 determinationem
1241 2727 1332 2771 casus
1344 2705 1438 2770 istius
1448 2703 1629 2789 petiissent,
1643 2725 1684 2766 an
1697 2702 1775 2788 legi·

313 2793 393 2859 time
404 2793 428 2860 tr
435 2791 523 2877 justb
535 2792 765 2878 Imperatorem
778 2816 872 2860 suum
883 2816 956 2861 cum
967 2793 1076 2862 Uxore
1087 2798 1111 2862 tc
1122 2793 1246 2860 Liberis
1257 2794 1329 2859 neci
1340 2793 1487 2872 dedisset,
1500 2794 1588 2876 &por
1596 2791 1688 2856 illam
1693 2791 1773 2856 riam
1864 2833 1866 2858 ι

313 2882 458 2967 legitima
482 2880 658 2968 Imperium
677 2882 739 2948 sibi
758 2884 955 2969 arripuisset.
979 2882 1015 2950 Si
1027 2885 1119 2948 modo
1135 2883 1233 2949 &fine
1246 2884 1311 2968 jam
1323 2883 1416 2960 dicto,
1428 2881 1494 2946 tale
1507 2880 1585 2966 quid
1596 2879 1774 2964 quaesitum
1865 2923 1866 2952 ,

313 2969 438 3052 fuisset,
452 2971 618 3056 quaeritat
629 2993 670 3036 an
682 2993 740 3056 pro
753 2971 809 3038 illo
820 2978 963 3058 tempore
975 2973 1132 3058 potuisset
1144 2993 1332 3057 responsum
1341 2969 1502 3051 declinari,
1512 2973 1569 3034 aut
1577 2968 1708 3034 differri.
1720 2966 1773 3032 Sin
1865 2965 1866 3014 3

312 3062 468 3144 tanquam
486 3081 660 3146 gravamen
680 3061 891 3127 conscientiae
903 3063 926 3128 d
939 3061 980 3127 ad
991 3061 1159 3127 consilium
1174 3060 1389 3146 poenitentiae
1402 3058 1623 3138 obtinendum,
1636 3057 1660 3122 dr
1675 3079 1710 3122 os
1721 3057 1772 3122 do-
1864 3101 1866 3148 ἐ

313 3147 394 3213 mini
413 3148 474 3214 hac
489 3149 612 3214 ratione
625 3150 861 3228 consulendum,
877 3151 1077 3235 propositum
1088 3149 1203 3215 fuisset
1215 3149 1278 3236 (uti
1289 3171 1366 3234 prae
1378 3169 1412 3213 se
1424 3145 1550 3213 ferebat
1562 3145 1632 3212 Rex
1647 3144 1772 3210 Zidelria
1865 3187 1866 3236 3

312 3237 423 3302 Iercrn
448 3237 500 3304 17.
522 3259 552 3302 v.
570 3237 648 3323 lu),
664 3237 698 3302 in
713 3238 846 3304 dubium
859 3244 908 3305 est
922 3241 991 3304 sinc
1004 3243 1093 3304 mort
1104 3239 1359 3324 respondendum
1371 3236 1481 3316 fuisse,
1494 3257 1553 3320 per
1564 3258 1658 3301 casua
1674 3235 1772 3300 deter-
1865 3255 1866 3308 l

314 3325 533 3404 minationem,
552 3326 763 3392 conscientiae
777 3327 1085 3407 informationem&
1100 3328 1225 3393 consilii
1236 3325 1473 3411 poenitentialis
1490 3347 1527 3390 ac
1539 3325 1690 3390 salutaris
1702 3343 1772 3407 sug·
1865 3337 1866 3390 ζ

314 3414 503 3500 gestionem.
518 3413 614 3482 'I'ales
627 3416 712 3480 enim
723 3437 762 3482 en
772 3417 906 3504 [lamnae
917 3417 1064 3503 rapiandi
1075 3429 1150 3484 aunt
1161 3416 1183 3482 J
1186 3417 1236 3482 ud.
1249 3439 1281 3481 v.
1295 3417 1347 3481 23.
1364 3412 1434 3480 Vae
1446 3414 1655 3478 denuntiatur
1666 3413 1771 3478 Pasto-
1865 3477 1866 3496 ,

314 3503 413 3583 ribus,
433 3504 489 3588 qui
501 3519 570 3570 oves
581 3515 724 3590 aegrotus
735 3525 802 3571 non
813 3517 938 3586 curant,
950 3508 1126 3592 confractus
1136 3501 1203 3582 noa
1213 3505 1363 3590 obliquat,
1376 3503 1525 3588 depulsus
1536 3523 1604 3568 non
1615 3503 1770 3578 reducor,

312 3605 477 3678 perenm
495 3613 563 3659 non
576 3594 754 3681 requirant.
777 3593 893 3660 Erech.
907 3596 959 3659 34.
971 3618 1001 3660 v.
1015 3597 1046 3660 2.
1059 3597 1090 3660 4.
1103 3591 1308 3680 Improbatur
1319 3594 1360 3658 ab
1371 3592 1520 3658 omnibus
1532 3591 1656 3656 factum
1668 3589 1771 3656 Sacer·

315 3681 436 3762 dotum,
447 3682 504 3767 qui
515 3683 668 3748 miseram
678 3682 700 3748 J
702 3683 782 3749 udae
794 3683 1019 3750 conscientiam
1032 3683 1242 3769 negligebant
1255 3681 1372 3747 Matth.
1386 3680 1439 3745 27.
1453 3703 1484 3746 v.
1497 3681 1528 3770 4,
1540 3681 1692 3746 dicentes:
1701 3677 1773 3766 quid

314 3770 358 3836 ud
380 3791 449 3852 reor,
474 3783 511 3848 na
529 3772 654 3838 videris.
680 3771 773 3838 Alius
793 3793 884 3838 casus
898 3777 957 3852 est,
969 3771 1047 3837 facti
1060 3777 1116 3838 aut
1129 3772 1220 3859 [pag.
1235 3771 1317 3857 904]
1334 3774 1436 3836 status
1453 3769 1632 3853 praesentis
1644 3771 1669 3836 b
1680 3765 1773 3833 futuri

315 3880 372 3924 scu
394 3859 610 3940 continuandi,
633 3860 668 3924 in
691 3861 800 3945 aliquo
823 3861 909 3927 vitae
932 3881 1060 3947 genere,
1085 3865 1142 3926 aut
1166 3860 1402 3939 consuetudine,
1416 3857 1581 3923 autfaeto.
1606 3856 1738 3934 Qualem
1747 3855 1773 3919 si

316 3943 470 4028 Herodes,
494 3953 551 4014 aut
565 3948 637 4034 quis
660 3949 788 4015 nomine
812 3950 880 4034 ejus
902 3949 1046 4015 Iohanni
1061 3948 1229 4034 Baptistae
1244 3947 1472 4034 proposuisset,
1485 3946 1540 4012 An
1556 3946 1682 4012 licitum
1696 3947 1773 4011 esset

315 4031 434 4102 habere
459 4038 482 4103 b
505 4037 643 4103 retinere
661 4036 804 4104 Uxorem
823 4036 961 4104 Fratris:
974 4039 1043 4104 sine
1055 4038 1152 4105 dubio
1163 4037 1417 4123 respondendum
1429 4034 1554 4100 fuisset.
1579 4034 1655 4101 Non
1667 4034 1772 4100 fnisset

316 4123 558 4280 Quintil
570 4123 1698 4282 (1330333ιῖ3333ἷῗῗῖθιῗιᾞιὶῗζὲιθῗὲὼὲῗᾷῗιιῗὲῗὲῗ
1708 4125 1773 4277 §.fl

317 4321 388 4366 sum
404 4301 489 4404 dare.
514 4237 678 4390 Adpqulebbd
687 4303 761 4368 ilico
776 4261 950 4390 respondit,
963 4263 1109 4391 quamvis
1122 4306 1218 4372 sciret
1229 4304 1374 4371 tentandi
1386 4235 1481 4369 obiret
1493 4302 1774 4370 &exmabtitenm

317 4411 450 4474 proponi
464 4413 493 4456 v.
510 4392 559 4454 18.
1643 4479 1774 4565 objiciat
