3722 4850
308 278 421 346 Tutor.
437 279 479 346 lt.
503 278 552 343 Du
564 279 698 361 Peuma,
715 281 887 361 Bassareu,
900 281 1156 348 amonentem.
1182 283 1254 348 Cir.
1269 281 1328 346 III.
1510 287 1552 350 57

87 469 226 555 obloqui.
251 467 289 533 In
305 469 512 535 Commmtar.
533 469 576 534 ad
587 468 729 555 Syracitl.
744 470 797 534 82.
809 469 934 534 videtur
950 469 1091 552 apertius
1106 469 1204 556 loqui,
1219 471 1241 535 8
1254 471 1297 534 atl
1311 470 1409 536 Eaad.
1427 471 1476 536 15.
1490 473 1551 537 Ln-

87 559 179 624 8888
205 556 380 625 Commorat.
404 559 440 623 ia
458 558 595 642 Sapieat.
615 580 640 622 c.
668 558 720 621 19.
733 559 756 623 8
768 561 841 621 8818
854 581 926 622 eorm
939 556 1008 622 lob.
1020 557 1198 642 Stephanus
1210 559 1381 625 Darantas
1393 560 1458 625 tit.
1475 561 1503 623 1.
1516 562 1554 626 de

88 646 209 714 llititas
228 645 342 712 scaea
361 667 387 712 c.
406 647 460 711 13.
492 647 701 712 Demochares
729 646 766 711 de
789 647 990 712 celebratione
1010 647 1125 712 Missae
1144 669 1168 712 c.
1186 649 1215 712 3.
1233 647 1328 732 paulo
1345 649 1553 714 confidentius

89 735 234 800 ridentur
251 736 332 800 velle
345 735 522 801 defendere.
547 735 628 800 Cum
640 735 893 820 quibusfaciunt
904 736 1118 824 Schultiapias
1131 748 1215 820 part.
1234 741 1261 800 1.
1274 736 1417 802 dammis
1430 738 1552 804 hierar-

87 825 188 890 oltt'aac
200 824 252 890 tit.
269 825 319 887 ll.
331 845 404 908 pag.
420 825 493 890 148.
507 827 530 891 8
543 825 594 890 lib.
611 825 639 889 1.
650 845 726 908 pap,
740 825 792 888 51.
806 825 862 910 qui
874 823 993 890 ibidem
1007 822 1137 910 Organa
1150 829 1260 890 contra
1269 824 1471 905 calvinistae,
1480 849 1552 910 spa-

88 913 195 979 ciatim
217 936 246 978 c.
266 911 447 997 Zepperum
467 916 490 980 8
509 913 644 998 synodos
667 911 904 980 Dardracenam
927 936 964 978 ao
987 912 1301 998 Middelburgensem
1321 914 1498 980 defendisse
1519 939 1553 980 se

89 1001 165 1066 dicit
189 1002 277 1067 Tora.
298 1003 330 1067 4.
352 1001 557 1068 Bibliothecae
575 1013 680 1067 sancto
694 1013 777 1089 part.
798 1002 830 1066 2.
842 1003 878 1067 ia
893 1003 1114 1088 Consolatione
1124 1003 1327 1088 Syaodorarn
1343 1004 1552 1090 neniarum,

92 1090 121 1157 a
136 1091 172 1156 ia
185 1091 408 1158 artaPracbiro
417 1103 500 1175 part.
515 1093 544 1155 2.
562 1092 712 1156 18818.
728 1092 778 1156 11.
791 1111 863 1176 pap.
879 1091 953 1156 118.
965 1092 1165 1157 commendat
1176 1092 1424 1176 Lanpecratiant
1444 1094 1552 1178 inspe-

88 1182 155 1246 osto
179 1179 218 1244 tle
238 1177 457 1247 6888818188
480 1180 607 1246 Divinis
628 1181 756 1269 Officiis.
783 1179 999 1247 Bellarraiaaa
1015 1181 1186 1244 admodum
1197 1180 1320 1264 trepide
1332 1181 1483 1246 mussitat
1496 1205 1553 1266 pro

90 1267 293 1354 Orgnnornm
305 1273 400 1334 cantu
412 1269 446 1333 in
458 1268 584 1353 Papatu
599 1291 683 1334 nuno
695 1270 813 1334 usitato
826 1269 891 1334 tit.
910 1271 939 1334 1.
956 1270 995 1334 de
1008 1269 1108 1334 Bonis
1126 1268 1279 1354 Operibus
1291 1271 1326 1334 ia
1332 1271 1444 1354 partic.
1460 1292 1484 1335 c.
1505 1273 1552 1335 16.

90 1358 139 1421 lt.
163 1355 203 1422 In
221 1361 309 1423 statu
333 1357 566 1423 controversiae
583 1380 647 1422 non
667 1359 763 1423 audet
776 1355 978 1442 Organorum
992 1359 1041 1422 vel
1053 1359 1151 1422 semel
1163 1357 1358 1422 mentionem
1370 1358 1485 1438 facere,
1498 1360 1553 1424 sed

88 1445 283 1512 calumniose
295 1448 319 1513 8
331 1445 462 1511 subdole
474 1447 617 1530 disputat
628 1451 738 1512 contra
750 1469 808 1511 nos
820 1449 843 1513 a
855 1448 958 1512 multa
970 1447 1086 1531 probat
1101 1447 1139 1511 de
1152 1446 1255 1512 Canta
1271 1469 1360 1511 sacro
1372 1446 1404 1511 in
1417 1469 1551 1532 genere:

87 1539 215 1600 tantum
235 1535 269 1599 in
288 1557 383 1600 cursu
402 1535 626 1619 disputationis
645 1531 674 1593 ἓν
693 1533 815 1612 παρόδῳ
832 1538 856 1602 8
875 1537 949 1600 data
960 1536 1123 1601 occasione
1136 1535 1233 1600 etiam
1244 1535 1391 1600 meminit
1407 1534 1552 1621 Organa·

87 1647 169 1703 rum,
193 1623 313 1710 qnippe
331 1645 413 1710 quae
433 1625 474 1689 ad
495 1623 600 1690 Deam
617 1625 781 1692 colertdum
801 1625 983 1709 simpliciter
997 1625 1195 1708 reserantur:
1208 1623 1253 1688 ic
1264 1627 1372 1688 tamen
1383 1625 1554 1691 vellicabat

88 1713 193 1796 ipsum
216 1712 411 1778 conscientia
436 1717 473 1777 ut
491 1713 615 1778 desinat
635 1715 669 1777 iu
689 1714 773 1778 hanc
796 1717 926 1778 tenuem
949 1714 1184 1778 conclusionem
1199 1736 1229 1797 p.
1244 1713 1341 1778 2686.
1358 1713 1447 1798 (edit.
1462 1714 1552 1798 188.)

91 1803 226 1887 Propter
246 1801 391 1889 infirmos
411 1801 447 1866 ia
466 1803 589 1869 eccesia
607 1803 779 1868 retinenda.
803 1800 965 1878 Quomodo
985 1800 1118 1868 fluctuet
1133 1802 1271 1886 Raphael
1289 1803 1320 1868 la
1340 1803 1488 1868 Torrcad
1500 1803 1552 1866 22.

90 1903 207 1976 quaest.
232 1891 287 1954 91.
306 1902 369 1955 art.
390 1891 420 1954 2.
441 1891 569 1976 Diapnt.
585 1892 613 1955 1.
631 1913 670 1956 ex
682 1891 888 1977 sequentibus
900 1891 1001 1974 ipsius
1013 1890 1119 1955 verbis
1131 1912 1300 1974 cognosce:
1317 1890 1415 1966 „Dico
1431 1892 1551 1975 prima:

94 1977 147 2056 ,In
165 1978 312 2044 Ecclesia
331 1978 451 2044 christi
472 1979 518 2065 (in
538 1980 653 2045 divinis
672 1981 739 2045 scil.
752 1978 879 2062 officiis)
891 2001 955 2044 non
971 1979 1034 2044 fnit
1045 1979 1196 2065 frequens
1208 2000 1283 2043 usus
1295 1977 1490 2044 Musicarum
1503 1979 1553 2044 in·

95 2071 364 2144 ‚strumentorum
377 2068 599 2152 corporalium,
616 2072 652 2133 ut
664 2069 762 2153 lyrae,
776 2067 962 2152 cytharae&
978 2068 1132 2142 similium
1149 2067 1264 2132 divinis
1276 2066 1424 2133 laudibus
1440 2069 1550 2133 decan-

96 2156 232 2234 ,tnndis‚
246 2157 297 2222 88.
310 2156 365 2221 ubi
378 2156 456 2222 citat
467 2156 542 2223 ibid.
554 2159 713 2242 departiri
725 2157 761 2222 ia
772 2157 827 2222 Pa.
843 2157 895 2221 32.
909 2158 932 2222 8
944 2157 1106 2223 tustinum
1119 2158 1290 2242 Martyron
1303 2157 1339 2222 ia
1349 2169 1468 2244 quaest.
1482 2158 1553 2221 107.

98 2246 164 2322 ,88
189 2243 336 2309 Secunda
360 2245 443 2309 ratio
463 2245 640 2310 desumitur
660 2249 679 2310 a
699 2244 740 2311 D.
767 2247 873 2323 Thaca,
893 2267 931 2312 ea
951 2246 1138 2331 philosopho
1160 2247 1189 2308 8.
1211 2245 1331 2312 Politia.
1344 2245 1553 2310 formandain

97 2333 198 2410 ,huna
216 2333 367 2398 modum:
386 2331 577 2418 Huiusmodi
590 2335 710 2416 musica
721 2334 934 2399 instrumenta
950 2333 1054 2420 magis
1066 2334 1208 2398 animum
1222 2339 1351 2399 movent
1363 2335 1403 2400 ad
1415 2335 1553 2400 delecta-

96 2421 245 2500 ,tianem,
259 2444 356 2508 quam
371 2444 429 2506 per
441 2444 478 2487 aa
489 2422 645 2488 formetur
655 2423 758 2488 banus
770 2423 887 2509 aliquis
899 2423 1032 2488 affectus
1044 2423 1216 2488 conductus
1228 2423 1269 2487 ad
1280 2422 1490 2503 devotionem,
1504 2425 1554 2488 rel

97 2510 297 2588 ,formandas
313 2511 413 2576 bonos
425 2532 538 2590 mores,
552 2513 602 2577 88.
618 2512 762 2578 &cando
774 2512 851 2590 tlico,
863 2535 920 2596 per
933 2511 1076 2577 accidens
1088 2511 1272 2576 &indirecte
1279 2513 1426 2596 praefata
1435 2512 1554 2577 instru-

97 2603 221 2674 ‚menta
232 2599 357 2664 musica
369 2604 503 2683 possunt
516 2601 653 2666 exaitare
665 2601 705 2665 ad
717 2600 787 2684 pios
799 2601 932 2665 affectus
944 2601 1153 2666 conducentes
1161 2600 1438 2666 addevotionem&
1449 2623 1553 2668 mores

97 2688 357 2772 ,componendos
373 2688 424 2755 88.
441 2712 480 2754 ex
501 2711 564 2773 quo
583 2690 621 2754 fit
640 2694 676 2755 81
689 2711 764 2754 8888
778 2711 887 2754 earum
899 2710 962 2753 nan
975 2689 1018 2754 sit
1029 2689 1157 2754 omnino
1170 2689 1210 2752 ab
1221 2688 1365 2754 Ecclesia
1379 2690 1553 2774 relegatus,

96 2776 169 2852 ‚sed
184 2779 279 2860 parab
299 2777 519 2861 acceptandus,
535 2800 593 2842 neo
606 2777 836 2858 extendendus:
850 2778 926 2862 quia
936 2778 989 2842 his
1001 2799 1082 2862 quae
1094 2801 1152 2862 per
1164 2800 1198 2842 se
1210 2777 1338 2842 inutilia
1353 2782 1428 2843 sunt
1440 2778 1480 2842 ad
1492 2779 1552 2842 ali·
1618 2775 1624 2796 '

96 2886 208 2948 ¹,quem
231 2865 340 2942 finem
360 2868 383 2932 8
402 2887 459 2949 per
475 2865 618 2931 accidens
631 2865 733 2944 utilia,
745 2867 898 2931 utendum
911 2870 960 2932 est
971 2889 1043 2931 raro
1055 2867 1078 2932 8
1090 2869 1194 2950 parce.
1218 2863 1310 2931 Unde
1323 2887 1395 2931 cnm
1406 2867 1552 2932 modera-

96 2953 200 3031 ‚tione
223 2953 259 3017 in
282 2954 408 3039 magnis
430 2954 669 3019 celebritatibus
684 2977 758 3019 usas
771 2958 820 3019 est
831 2955 995 3034 tibiarum,
1007 2954 1163 3039 Hispane,
1175 2954 1369 3020 raiaiatrilcs.
1393 2953 1491 3020 Seaus
1505 2955 1551 3019 di·

95 3042 253 3119 ,cendnm
278 3046 328 3106 est
348 3043 386 3107 de
398 3041 600 3128 Organorum
613 3065 682 3120 888,
697 3044 753 3128 qui
763 3048 894 3129 propter
905 3045 1097 3128 gravitatem
1113 3043 1337 3110 &modestiam
1349 3043 1554 3108 instrumenti
1636 3099 1642 3116 ‚

94 3132 138 3208 ,8
150 3135 281 3214 propter
293 3131 542 3211 commoditates,
554 3154 633 3215 quas
646 3133 679 3196 in
687 3153 796 3196 eorum
804 3132 985 3216 pulsatione
995 3136 1138 3197 cantares
1147 3131 1363 3197 Ecclesiarum
1372 3132 1553 3216 percipiunt

92 3221 178 3304 ,jam
196 3219 238 3285 ab
258 3218 403 3285 Ecclesia
425 3224 606 3304 acceptatus
621 3224 680 3300 est,
693 3221 716 3286 8
732 3221 807 3285 solis
819 3221 915 3286 sacris
928 3221 1117 3306 applicatus,
1134 3221 1290 3305 quamvis,
1303 3224 1339 3285 81
1351 3221 1450 3286 refert
1462 3220 1553 3306 (laje-

94 3311 219 3385 ‚tanna
242 3308 296 3373 hic
319 3331 425 3373 aorem
445 3331 570 3375 summo
588 3308 742 3374 Pontidce
761 3331 925 3393 nunquam
943 3310 1120 3394 pulsentur.
1139 3309 1230 3396 [pag.
1253 3309 1334 3397 552]
1359 3309 1450 3375 Circa
1470 3332 1552 3395 quae

91 3397 286 3481 ,tfajctaaua
304 3401 396 3462 notat
415 3397 486 3462 duo.
509 3398 657 3463 Primam
673 3401 817 3482 tempore
836 3396 875 3462 D.
893 3397 1036 3463 Thomas
1051 3420 1115 3462 non
1129 3397 1228 3463 fuisse
1240 3420 1432 3483 organorum
1448 3421 1552 3464 88818.

90 3485 307 3566 ,Secundum
318 3486 493 3551 cavendum
504 3509 544 3551 ne
555 3485 589 3550 in
601 3486 652 3551 his
664 3485 827 3570 pulsandis
838 3487 1013 3571 subrepant
1025 3487 1153 3566 abusus,
1166 3509 1245 3571 quos
1257 3487 1291 3551 iu
1303 3491 1399 3553 cantu
1411 3487 1549 3553 diximus

89 3574 249 3658 ,reperiri
261 3596 365 3659 posse,
378 3575 418 3640 88
430 3574 575 3639 Primum
588 3578 696 3639 autem
706 3596 770 3639 non
783 3577 929 3658 expressi
941 3575 1080 3640 habetur
1092 3577 1125 3640 in
1140 3575 1178 3641 B.
1197 3576 1335 3642 Thamar
1347 3577 1482 3642 fortasse
1495 3599 1553 3641 suo

88 3667 259 3748 ,ternpore
276 3667 346 3728 erat
361 3685 452 3728 rarus
472 3685 581 3728 eorum
601 3686 688 3744 usus,
705 3663 761 3747 qui
779 3664 819 3727 ob
845 3663 876 3727 id
898 3664 1005 3729 nullus
1024 3665 1140 3730 dicitur
1159 3687 1237 3743 esse,
1251 3669 1308 3729 ant
1319 3665 1396 3749 quia
1412 3665 1553 3748 apannis

86 3751 255 3838 ,agnitus
280 3750 501 3817 Nihilominus
513 3749 715 3837 Organorum
726 3774 819 3817 asum
831 3775 895 3817 non
909 3775 977 3818 8888
990 3757 1149 3818 recentem
1163 3753 1277 3837 probat
1288 3755 1439 3819 18118888
1451 3754 1554 3818 multo

5 3881 6 3888 .
87 3839 278 3925 ,antiquior
288 3862 386 3924 quam
399 3841 441 3906 1).
458 3841 627 3925 Caeparius
638 3861 734 3925 super
744 3861 814 3926 cap.
828 3842 879 3906 32.
894 3841 965 3907 tota·
971 3866 984 3919 ;
996 3843 1019 3907 8
1031 3843 1138 3926 plures
1151 3841 1207 3905 alii
1216 3841 1554 3925 qnoscitatDurantrts

85 3930 150 4010 ,de
171 3929 297 3996 Ilitibttt
312 3929 464 3996 Ecclesiae
481 3929 532 3996 til.
557 3930 584 3994 l.
602 3949 626 3994 c.
649 3930 702 3996 13.
724 3928 829 4014 Igitur
845 3930 884 3994 ad
902 3934 1128 4014 argumentum
1140 3930 1226 4014 quod
1240 3934 1289 3994 ast
1302 3929 1389 3995 Petri
1401 3928 1554 4014 Martyris

84 4016 326 4102 ,improbantis
343 4039 535 4104 organorum
555 4018 579 4084 8
602 4021 713 4083 cantus
726 4017 932 4083 ecclesiastici
943 4041 1036 4084 usum
1049 4019 1267 4102 respondetur,
1280 4017 1478 4083 Christianos
1491 4040 1554 4083 non

5 4153 6 4164 2
83 4106 218 4188 ,teneri
237 4106 374 4191 abjicere
393 4127 502 4172 amnes
521 4107 715 4172 ceremonias
735 4105 947 4172 ludaeorum:
965 4106 1050 4172 Nam
1070 4106 1324 4188 decimationem,
1340 4106 1554 4192 primitiarum

5 4201 6 4204 ’
83 4193 331 4281 ,largitionem
354 4195 475 4261 881188
496 4195 614 4260 multas
635 4195 791 4260 retinent:
812 4195 939 4260 sedeas
959 4199 1085 4261 tantum
1107 4199 1256 4261 tenentur
1278 4195 1453 4280 explodere,
1473 4216 1555 4280 quac

5 4283 6 4368 ζ
83 4286 241 4373 ‚figurae
260 4288 352 4348 erant
370 4283 505 4368 alicujus
524 4284 669 4368 mysterii
681 4306 759 4370 erga
771 4283 934 4350 Christum
949 4289 1129 4363 venturum,
1145 4289 1182 4348 81
1193 4305 1282 4348 esum
1295 4284 1372 4370 agni
1384 4283 1554 4368 paschalis,
1669 4282 1674 4290 ’

82 4429 95 4454 ,
113 4371 400 4453 :ircumcisionem
420 4373 613 4454 neomenias,
633 4373 657 4438 8
672 4371 846 4438 sabbatha:
862 4397 936 4438 usus
949 4377 1057 4439 autem
1069 4377 1181 4439 cantus
1193 4373 1216 4438 8
1229 4373 1421 4440 musicorum
1434 4372 1554 4438 instru-

5 4447 7 4498 1
83 4517 96 4544 ,
113 4465 300 4530 uentorum
318 4483 383 4527 non
398 4465 490 4527 amnt
507 4461 701 4548 hujusmodi,
720 4462 776 4527 sed
792 4461 897 4526 media
915 4463 1070 4547 quaedam
1091 4463 1132 4528 ad
1143 4461 1344 4528 excitandam
1356 4460 1555 4528 devotionem

1435 4548 1556 4632 ,plebis
