3736 4860
299 329 362 399 148
678 327 838 398 Ponrrrere
853 330 1102 396 ltccnrsusrrcrr
1128 325 1210 394 Pras
1222 325 1248 394 I.
1272 327 1337 393 inu.
1352 320 1401 414 ΙΙ.

296 537 337 583 ¹¹0
358 515 505 599 mem5¹¹5)
527 514 641 582 ³⁸⁸0!st
662 501 771 577 invitis
783 511 1074 580 Excommunicatis
1087 517 1143 578 aut
1154 513 1307 598 apostatis
1319 511 1463 578 infantes
1474 532 1567 596 posse
1579 509 1751 596 eripiare.
1854 495 1856 540 ἒ

296 605 427 691 mari:
439 603 535 690 idque
547 625 587 668 ex
601 603 662 666 hoc
675 599 893 682 fundamento,
906 603 990 686 qdod
1001 603 1064 686 ipsi
1075 602 1153 667 olim
1169 601 1320 686 baptizati
1333 599 1464 680 luerint,
1476 601 1500 664 ἃ
1511 622 1570 684 per
1583 601 1751 685 ingressum

296 695 330 758 in
353 692 539 768 Ecclesiam,
562 691 665 756 eidem
680 689 822 772 subjecti.
839 689 925 756 Hinc
936 712 1013 776 ergo
1025 691 1078 775 jus
1090 689 1251 756 Ecclesiae
1263 690 1297 754 in
1309 689 1479 754 eorundem
1491 687 1643 753 Infantes.
1659 687 1753 752 Sedsi
1855 691 1856 768 ff

295 781 440 846 totaliter
462 782 485 846 t
507 779 657 858 finaliter,
670 778 842 844 secundum
857 779 952 864 ipsos,
966 779 1070 844 omnis
1081 779 1215 844 interior
1226 781 1250 844 t
1261 777 1411 842 salutaris
1423 777 1529 863 gratia
1543 777 1690 840 intercidi
1701 797 1752 860 po·

296 873 361 934 test
383 869 539 953 quomodo
551 867 699 945 auarior,
711 868 891 932 communio
906 889 963 952 per
975 867 1177 952 Baptismum
1188 866 1339 931 inchoata
1353 885 1519 949 nunqnam
1531 864 1678 928 intercidi
1688 885 1755 948 pos-

297 961 363 1023 set?
375 956 429 1022 An
440 977 518 1041 ergo
529 956 693 1021 character
704 955 894 1030 indelebilis,
907 977 1003 1039 quem
1016 959 1035 1020 a
1049 953 1213 1039 Baptismo
1224 954 1416 1039 impressum
1428 953 1547 1032 dicunt,
1558 953 1712 1037 migrabit
1722 953 1755 1016 de

296 1046 439 1130 subjecto
461 1044 495 1108 in
518 1044 707 1128 subjectum,
723 1043 761 1107 de
777 1042 872 1110 Patre
884 1045 918 1107 in
931 1043 1085 1108 Liberos?
1096 1043 1215 1108 Affinis
1226 1044 1335 1128 aliquo
1347 1043 1440 1106 modo
1450 1041 1529 1106 haec
1541 1041 1650 1124 opinio
1661 1041 1754 1105 deter-

297 1133 465 1198 minationi
492 1131 607 1200 Currat.
635 1131 721 1198 uec.
734 1131 815 1198 Scae.
829 1133 859 1196 7.
874 1153 944 1198 cca.
959 1133 1010 1197 14.
1023 1132 1107 1216 quod
1121 1133 1155 1195 in
1167 1131 1304 1196 infantit
1317 1131 1505 1215 baptizatus,
1517 1129 1645 1213 quando
1656 1129 1694 1194 ad
1705 1151 1753 1193 an·
1854 1139 1856 1144 ’

296 1243 354 1287 nos
366 1221 565 1286 discretionis
576 1219 731 1304 pervenit,
748 1220 788 1284 ab
800 1219 944 1286 Ecclesia
958 1220 1031 1305 cogi
1042 1225 1147 1304 potest
1158 1221 1199 1284 ad
1210 1218 1445 1284 observantiam
1456 1218 1531 1282 fidei
1542 1219 1566 1284 tr
1578 1217 1660 1303 legis
1671 1215 1753 1282 Olari-

297 1310 429 1376 stianae.
446 1307 514 1374 Nec
526 1309 621 1393 longe
633 1307 799 1386 abludunt,
813 1309 1013 1393 exceptiones
1024 1308 1109 1384 illae,
1123 1309 1162 1372 de
1173 1307 1372 1392 baptizandis
1385 1305 1567 1371 Infantibus
1586 1305 1753 1370 infidelium

293 1419 357 1463 non
380 1399 529 1463 obstante
550 1395 763 1480 repugnantia
785 1395 970 1461 Parentum.
994 1395 1077 1460 Vide
1098 1396 1299 1480 exceptiones
1321 1395 1395 1458 illas
1406 1395 1587 1460 collectasa
1603 1394 1754 1460 wrote

295 1485 451 1565 Mica,
475 1485 525 1551 dc.
549 1487 595 1550 ct.
611 1485 797 1569 captamus
812 1483 872 1551 111.
884 1486 913 1569 9.
930 1486 961 1549 6.
975 1483 1037 1550 Sed
1049 1484 1204 1568 quidquid
1216 1484 1269 1563 sit,
1282 1505 1341 1548 nos
1352 1482 1513 1548 neminem
1525 1483 1670 1548 adultum
1680 1482 1752 1546 inri-

294 1579 365 1639 tum
388 1578 408 1639 t
429 1573 633 1658 Magistratu,
658 1573 760 1637 multo
784 1574 890 1637 minus
913 1573 954 1637 ab
969 1572 1114 1638 Ecclesia
1127 1572 1283 1637 violenter
1294 1571 1546 1654 compellendum
1562 1569 1752 1655 putamusad

293 1663 416 1728 cultum
435 1661 496 1727 Dei
508 1662 592 1745 quod
604 1662 645 1725 ad
657 1662 893 1745 perceptionem
906 1665 1177 1726 sacramentorum
1191 1661 1257 1725 sire
1273 1661 1307 1724 in
1321 1681 1354 1724 se
1366 1659 1432 1724 sive
1443 1659 1479 1723 in
1489 1659 1601 1723 liberis
1613 1661 1678 1724 suia
1690 1681 1752 1742 pro-

294 1751 448 1816 fitendum
469 1750 494 1815 la
517 1749 736 1814 exercendum.
748 1747 796 1814 De
808 1771 871 1833 quo
886 1748 1052 1814 inicedit.
1066 1749 1096 1813 4.
1111 1750 1155 1816 tit.
1168 1749 1207 1814 de
1217 1749 1368 1814 Libertate
1380 1749 1599 1813 &maratica
1613 1746 1654 1812 ΙΙ.
1667 1747 1750 1812 ccact

295 1837 343 1903 De
367 1838 549 1903 Infantibus
573 1859 612 1903 er
636 1837 728 1923 [pag.
748 1837 829 1923 666]
842 1842 978 1920 utroque
991 1837 1127 1902 Parente
1139 1837 1410 1901 excommunicato
1421 1837 1516 1915 natis,
1528 1837 1681 1900 alteruter
1692 1835 1752 1899 rult

330 1927 357 1991 ti
378 1925 660 2011 praesupponitur)
684 1925 798 1990 saltem
822 1926 990 2010 permittit,
1015 1926 1104 1990 ntad
1118 1925 1312 2009 baptismum
1324 1925 1486 2003 offeratur,
1503 1926 1549 1989 sic
1564 1925 1752 2009 distinguen-
1855 1949 1856 1952 ¹

293 1930 379 2080 lim.
402 2013 485 2080 Sunt
507 2015 603 2092 enim,
619 2017 676 2079 aut
688 2017 737 2078 est
748 2014 912 2092 alteruter,
929 2013 984 2098 qui
1001 2013 1202 2098 Baptismum
1214 2014 1384 2097 petiturus,
1396 2013 1512 2077 saltem
1527 2013 1558 2076 ei
1570 2035 1634 2077 non
1644 2032 1752 2096 repug-

293 2107 426 2168 naturus
439 2103 577 2187 ponitur,
590 2106 647 2167 aut
658 2106 788 2186 propter
801 2123 916 2181 mores,
929 2107 986 2166 aut
1002 2105 1130 2186 propter
1146 2101 1338 2182 apostasiam
1350 2105 1369 2165 a
1380 2101 1452 2179 fide,
1465 2105 1522 2165 aut
1533 2105 1663 2185 propter
1672 2105 1753 2164 utra·

294 2212 356 2275 que
368 2191 670 2256 excommunicatus.
683 2187 855 2257 Secundi&
867 2191 955 2255 tertii
966 2191 1092 2275 generis
1104 2211 1231 2255 rursum
1244 2189 1449 2274 pertinaciter
1461 2190 1655 2273 apostasiam
1666 2188 1754 2272 proli·

292 2283 390 2358 tetur,
415 2281 439 2345 lc
458 2279 553 2344 fidem
565 2278 694 2353 Christi,
711 2279 814 2362 ipsam
826 2279 1014 2358 trinitatem,
1027 2279 1192 2344 Christum
1204 2276 1414 2342 Mediatorem
1428 2280 1478 2344 tre.
1494 2273 1694 2362 blasphemat
1704 2281 1755 2340 aut
1854 2321 1856 2348 1

292 2367 388 2451 plane
403 2366 546 2432 Atheum
562 2367 737 2450 practicam
749 2371 806 2430 aut
818 2365 1012 2451 Epicureum
1024 2366 1102 2452 agit.
1119 2365 1284 2442 Quomodo
1296 2365 1372 2430 talis
1384 2366 1509 2430 dicatur
1520 2387 1589 2431 esse
1604 2366 1638 2429 in
1657 2365 1756 2429 foede·
1855 2359 1856 2438 J

292 2477 343 2520 re:
368 2455 508 2519 nondum
530 2455 631 2520 video.
658 2453 694 2519 Si
707 2453 893 2539 excipietur,
906 2455 1052 2539 quamvis
1064 2455 1119 2519 ille
1130 2477 1195 2519 non
1207 2458 1292 2519 esset
1303 2457 1433 2519 externe
1448 2453 1642 2535 foederatus,
1656 2458 1755 2518 tamen
1855 2491 1856 2498 .

291 2548 348 2608 aut
371 2547 502 2627 propter
524 2543 621 2622 Arca,
645 2547 702 2608 aut
724 2548 855 2627 propter
877 2541 1016 2627 Majores
1038 2565 1111 2608 suos
1131 2542 1309 2608 foederatos
1325 2546 1433 2626 posset
1441 2542 1578 2626 judicari
1589 2565 1654 2608 non
1668 2543 1756 2626 plane
1855 2583 1856 2616 3

292 2632 415 2696 alienus
438 2653 507 2696 esse
530 2635 549 2695 a
571 2631 707 2696 foedere.
731 2629 793 2696 Sed
815 2631 932 2716 quidsi
947 2632 1062 2696 sinter
1076 2630 1235 2709 Patribus,
1251 2631 1341 2708 Aris,
1354 2630 1485 2694 Procris
1497 2629 1689 2708 (ienfilibns,
1704 2633 1757 2694 aut
1854 2685 1856 2690 .

290 2717 422 2785 Judaeia
445 2720 518 2798 orti,
542 2719 566 2783 do
589 2719 787 2804 aliquamdiu
814 2720 910 2785 fidem
925 2719 1060 2804 professi
1072 2721 1113 2785 ad
1125 2720 1281 2795 vomitum
1292 2719 1440 2783 redeant:
1454 2720 1539 2802 quod
1552 2718 1675 2784 Mauris
1687 2716 1756 2782 Mu·
1854 2747 1856 2800 j

290 2807 525 2887 hammedistis,
537 2810 561 2874 lc
571 2806 703 2873 Judaeis
716 2808 797 2873 haut
808 2808 948 2872 insolens
960 2829 1039 2888 esse,
1052 2813 1170 2872 norunt
1184 2805 1343 2891 Hispania
1355 2809 1380 2873 d
1391 2806 1582 2873 Lusitania?
1598 2809 1648 2872 Ad
1663 2807 1757 2891 majo·

293 2919 343 2962 res
367 2897 395 2961 si
418 2896 594 2980 confugias,
618 2918 675 2960 cur
695 2918 759 2960 non
785 2895 1046 2975 Mamalucorum,
1071 2895 1327 2963 &danizerorum
1340 2895 1433 2960 liberi
1447 2916 1548 2980 aeque
1562 2895 1756 2981 baptizandi:
1855 2921 1856 2924 ¹

298 3007 435 3068 quorum
457 2982 594 3068 Majores
617 2989 653 3049 ut
667 2985 841 3068 plurimum
856 2984 987 3050 fuerunt
998 2984 1197 3049 Christiani?
1209 2983 1244 3049 Si
1259 2981 1424 3048 Nauserus
1435 2982 1647 3052 Concionator
1656 2985 1689 3048 in
1703 2982 1758 3047 Pa-

298 3072 447 3146 latinatu,
471 3073 496 3137 d
517 3071 538 3136 J
540 3073 592 3137 oh.
608 3071 765 3138 Fcrberus
776 3072 853 3138 civis
869 3072 1129 3158 Baclrnangensis
1140 3072 1174 3137 iu
1190 3073 1307 3137 ducatu
1320 3070 1588 3157 Wurtenbergico
1600 3073 1679 3138 iacti
1690 3070 1759 3136 Mn·
1855 3097 1856 3136 3

300 3160 530 3226 hammedistae
554 3161 606 3246 (de
629 3161 745 3244 quibus
768 3160 839 3226 vide
864 3161 1060 3226 Melchtorcm
1084 3161 1244 3226 Adamana
1263 3161 1299 3226 ia
1319 3161 1392 3226 Vitia
1409 3161 1511 3226 rteot.
1526 3162 1713 3227 Genauam.
1726 3163 1760 3225 ia
1855 3203 1856 3206 =

299 3247 457 3333 Stephano
484 3249 644 3314 Gerlactio
653 3270 725 3334 pap.
739 3250 828 3331 810.)
841 3247 982 3333 Nepotes
994 3248 1157 3334 Nepotem
1169 3249 1383 3333 reliquissent,
1396 3271 1438 3312 an
1450 3249 1499 3313 illi
1510 3249 1695 3334 baptizandi
1713 3269 1760 3313 es-

301 3342 383 3416 sent,
397 3338 481 3422 quod
493 3359 531 3400 ex
555 3336 745 3402 Christianis
768 3338 927 3419 quondam
940 3336 1126 3421 Majoribus,
1139 3338 1284 3422 quamvis
1300 3337 1475 3420 apostatis,
1487 3338 1551 3402 orti
1563 3341 1694 3403 essent?
1707 3335 1760 3402 sin

301 3425 355 3489 hic
377 3423 543 3510 confugias
562 3427 603 3490 ad
619 3423 823 3508 Susceptores
835 3427 859 3492 dt
870 3423 1062 3510 sponsorem
1076 3426 1187 3510 quidni
1203 3426 1287 3490 idem
1304 3423 1491 3506 Gentilium,
1504 3425 1760 3502 Turcarum,·Ju·

302 3514 455 3578 daeorum
467 3511 649 3578 Infantibus
665 3514 852 3598 applicetur.

344 3599 394 3665 De
414 3602 514 3686 primi
536 3604 658 3686 perceris
680 3601 981 3682 Excommunicatis,
1004 3603 1058 3666 rix
1070 3603 1242 3668 verisimile
1258 3607 1371 3667 estem
1385 3601 1586 3686 Baptismum
1597 3604 1762 3687 petituros,

300 3695 357 3753 aut
368 3689 588 3773 permissuros,
602 3694 638 3754 ut
650 3690 706 3753 alii
718 3693 839 3773 petant,
852 3693 875 3756 tc
887 3711 944 3774 pro
956 3690 1143 3755 Liberorum
1154 3713 1283 3756 suorum
1296 3690 1482 3755 educatione
1497 3692 1684 3775 spondeant.
1698 3691 1763 3757 Ex-

298 3777 457 3861 perientia
479 3778 563 3842 enim
586 3779 702 3856 docuit,
726 3779 807 3842 tales
823 3780 1010 3862 plerumque
1025 3780 1065 3843 ad
1076 3784 1203 3862 apertos
1215 3779 1377 3844 Ecclesiae
1387 3779 1496 3844 hostes
1509 3781 1651 3859 deficere,
1665 3785 1721 3845 aut
1731 3781 1764 3844 in

300 3866 474 3930 solitudine
489 3871 547 3930 sud
560 3865 666 3932 Athea
678 3871 774 3950 atque
785 3866 945 3951 Epicurea
955 3871 1094 3932 aetatem
1106 3867 1305 3952 transfigere.
1319 3866 1341 3932 J
1343 3889 1395 3931 am
1407 3889 1482 3932 vero
1494 3889 1591 3952 supra
1602 3873 1764 3933 ostensum

301 3957 349 4017 est
361 3953 472 4019 invitis
483 3952 673 4019 Parentibus
686 3977 749 4018 non
758 3977 825 4019 esse
833 3953 977 4020 Infantes
985 3956 1202 4038 baptizandos.
1218 3955 1343 4021 Etdato
1349 3956 1492 4040 aliquem
1498 3957 1626 4021 fidelem
1634 3980 1674 4022 er
1680 3957 1763 4042 cog·

301 4041 396 4118 natis,
409 4046 466 4106 aut
478 4041 626 4127 Agnetis,
639 4048 695 4107 aut
705 4043 818 4107 alienis
826 4065 884 4127 pro
892 4044 1077 4109 educatione
1086 4044 1341 4128 vellespondere;
1351 4043 1677 4111 manetnilrilonrinus
1685 4045 1763 4110 illud

301 4127 435 4193 dubium
459 4131 621 4196 aCatoino
636 4132 733 4216 Epist.
749 4131 822 4195 136.
834 4136 967 4210 motum,
981 4131 1032 4196 An
1045 4135 1067 4198 d
1080 4133 1162 4198 unde
1174 4133 1224 4196 illi
1231 4133 1320 4216 just
1336 4137 1529 4216 potestatem
1541 4131 1694 4199 educandi
1706 4134 1764 4199 ha·

302 4217 418 4280 beant?
441 4215 485 4281 Et
504 4218 532 4282 si
544 4219 739 4304 consignatis
750 4219 869 4284 tabulis
878 4222 931 4304 jus
942 4221 1022 4284 illud
1035 4221 1169 4305 probare
1181 4221 1253 4304 quie
1265 4225 1381 4305 posset,
1395 4221 1478 4286 unde
1490 4223 1654 4306 probatur,
1667 4224 1764 4287 talem

299 4303 478 4368 cautionem
501 4328 558 4388 pro
570 4308 755 4372 educatione
768 4329 834 4373 esse
851 4309 1022 4394 analogum
1035 4309 1274 4392 &aequivalens
1287 4307 1334 4374 illi
1347 4307 1440 4374 Rom.
1456 4312 1508 4375 11.
1521 4333 1551 4376 r.
1568 4311 1619 4375 16.
1632 4312 1765 4376 airadia

299 4403 418 4472 sancta,
441 4392 534 4456 ctiam
556 4395 649 4460 rami.
673 4394 718 4459 luc
737 4393 851 4461 Genea.
864 4397 916 4462 17.
929 4397 992 4462 Ero
1005 4396 1092 4462 Deua
1103 4409 1179 4466 tuere
1196 4395 1228 4463 c
1242 4400 1373 4464 seminis
1387 4399 1444 4463 tui.
1458 4397 1566 4464 Actor.
1579 4401 1611 4465 2.
1633 4399 1721 4466 Votis
1731 4397 1765 4464 d

1651 4487 1766 4554 Liberis
