3766 4866
337 323 446 388 Taacr.
462 323 523 392 Ill.
546 325 594 390 Da
608 325 743 392 Aeauurs
756 325 922 392 Oammms
941 327 1232 394 Priamo-ruamus.
1257 329 1328 394 Car.
1352 330 1378 396 Ι.
1528 332 1592 398 315

171 509 236 601 ,Et
260 514 297 575 ut
322 510 428 574 omnia
440 511 549 576 ordine
566 535 602 576 ac
615 513 771 593 decenter,
784 513 927 598 citraque
940 515 1039 580 ullam
1052 516 1269 581 confusionem
1282 521 1452 602 gerantur:
1465 544 1505 585 ne
1516 521 1594 584 item

125 595 321 673 ,fenestram
344 601 468 683 aperire
482 600 617 666 voluisse
631 601 783 681 dicamur,
803 625 860 686 per
871 603 1051 668 istiusmodi
1064 605 1325 684 examinationes,
1342 606 1526 674 inducendis
1539 631 1595 674 ou·

124 686 238 762 ,riosis
256 689 448 772 quibusdam
472 691 522 774 (ut
534 712 617 754 nuuc
630 696 703 756 suut
715 691 873 775 tempora)
886 693 909 758 dt
922 693 1025 758 noxiis
1038 693 1289 779 quaestionibus,
1313 717 1394 778 quae
1411 697 1497 762 aliud
1514 697 1593 762 nihil

126 797 242 857 ,quam
268 799 393 866 pugnas
423 778 603 862 gignerent,
617 779 639 844 dt
654 780 831 846 Ecclesiam
848 781 974 844 demum
987 782 1084 847 etiam
1097 782 1329 867 perturbarent.
1355 782 1524 871 Designati
1536 786 1595 851 ha-

125 864 263 939 ,bentur
287 869 304 930 e
329 865 514 932 Senioribus
535 889 572 932 ac
583 866 743 948 Diaconis‚
756 870 898 954 adeoque
911 872 933 936 ta
946 893 984 934 ex
997 871 1119 955 reliquo
1132 871 1229 936 etiam
1246 870 1407 938 Ecclesiae
1420 879 1521 954 coetu,
1536 875 1595 939 viri

124 953 276 1036 ,quidam
302 955 357 1038 pii,
382 977 507 1041 graves,
535 958 558 1022 b
581 958 725 1037 modesti,
742 981 884 1044 quosque
896 962 1018 1022 certum
1034 962 1124 1039 est&
1137 960 1169 1024 in
1182 959 1348 1044 scripturis
1365 961 1444 1027 bene
1456 969 1596 1030 versatos

125 1065 227 1121 ,essa
241 1045 264 1108 tr
276 1043 434 1108 aliudnon
448 1066 611 1128 quaerere,
624 1069 720 1130 quam
734 1047 868 1131 gloriam
884 1045 954 1125 Dei,
963 1047 1155 1113 &Ecclesiae
1169 1048 1329 1132 publicam
1342 1051 1595 1118 aedificationem

123 1131 262 1213 ,quihus
276 1133 362 1206 ¹solis
375 1135 517 1216 potestas
529 1134 614 1198 facta
630 1139 679 1200 est
694 1136 888 1220 proponendi
908 1159 966 1200 suo
982 1137 1090 1201 ordine
1101 1136 1135 1200 in
1148 1136 1340 1220 Prophetiis,
1355 1138 1510 1224 quidquid
1527 1165 1593 1206 om-

122 1220 219 1296 ,nino
246 1222 379 1306 proponi
404 1221 508 1285 debet.
533 1221 638 1287 Vitari
663 1224 748 1288 euim
772 1247 834 1288 non
859 1229 986 1308 possent
1009 1226 1122 1290 turbae
1142 1225 1390 1292 accontusiones
1402 1228 1435 1292 iu
1448 1229 1595 1294 Ecclesia

125 1308 214 1384 ,ullo
238 1311 343 1388 modo,
363 1311 391 1374 si
415 1311 612 1393 quibuslibet
635 1335 810 1396 proponere
830 1313 936 1377 omnia
954 1313 1084 1378 liceret:
1103 1337 1175 1379 cum
1187 1337 1343 1398 nusquam
1356 1317 1476 1401 alioqui
1490 1319 1596 1382 desint

122 1397 161 1473 ,h
167 1398 231 1464 isca
244 1404 360 1464 nostris
377 1399 579 1484 potissimum
592 1401 789 1485 temporibus
802 1402 945 1466 homines
957 1403 1157 1481 contentiosi,
1168 1403 1349 1488 praefracti,
1365 1406 1491 1485 curiosi,
1505 1409 1527 1473 tr
1540 1431 1593 1472 su·

122 1509 201 1570 ,pra
225 1489 355 1552 modum
378 1493 575 1571 arrogantes,
598 1493 617 1553 a
637 1490 752 1573 quibus
766 1491 828 1554 sibi
843 1491 944 1555 modis
958 1495 1033 1556 sane
1051 1493 1198 1557 omnibus
1211 1493 1355 1557 Ecclesia
1366 1516 1477 1559 cavere
1490 1496 1594 1561 debet.

121 1574 291 1660 ,Denique
315 1601 377 1640 non
402 1576 506 1642 desint
530 1577 626 1642 etiam
651 1578 782 1643 fanatici
795 1579 938 1663 plerique
951 1580 1106 1659 homineS,
1119 1603 1177 1664 per
1188 1581 1361 1665 quoshaud
1374 1583 1470 1648 dubio
1486 1585 1594 1650 omnia

122 1669 284 1740 ,tentaret
312 1665 422 1743 Satan,
447 1667 486 1729 ad
503 1665 716 1750 disslpandam
730 1667 849 1732 Christi
867 1668 1054 1748 Ecclesiam,
1069 1669 1095 1734 si
1109 1669 1216 1734 omnia
1229 1670 1436 1754 quibuslibet,
1450 1673 1518 1737 sine
1534 1675 1593 1738 de-

116 1752 227 1830 ·,lectu
242 1777 279 1818 ac
295 1753 477 1818 discrimine
486 1754 563 1833 ullo,
576 1756 702 1838 publice
717 1756 749 1819 in
767 1757 869 1820 medio
881 1757 1043 1822 Ecclesiae
1056 1762 1159 1836 coetu,
1174 1781 1347 1842 proponere
1359 1760 1480 1826 liceret.

170 1843 326 1920 ,hiterim
342 1848 450 1908 tamen
467 1848 503 1908 ut
527 1843 588 1908 toti
611 1843 772 1909 Ecclesiae
785 1845 916 1910 libertas
933 1869 991 1910 sua
1003 1851 1136 1926 constet,
1149 1848 1221 1912 &ue
1238 1847 1308 1932 quis
1321 1848 1383 1913 sibi
1397 1849 1594 1916 delectorum

125 1935 277 2012 ¹,illorum
295 1933 334 1996 ad
357 1931 390 1995 id
415 1932 616 2016 peculiariter
629 1935 769 1997 virorum
793 1934 1055 2019 designationem,
1069 1934 1174 2000 fraudi
1187 1959 1254 2000 esse
1267 1941 1449 2020 quaeratur,
1462 1940 1595 2004 libertas

124 2021 345 2108 ,permittitur
356 2021 513 2098 omnibus
527 2021 583 2104 qui
595 2023 660 2085 sint
672 2045 710 2086 ex
726 2022 879 2102 Ecclesia,
906 2027 940 2087 ut
955 2046 1064 2088 omnes
1088 2047 1162 2089 suas
1178 2023 1403 2104 dubitationes,
1420 2032 1476 2092 aut
1489 2028 1593 2112 objec-

122 2113 259 2190 ,tiones,
284 2109 459 2194 designatis
482 2111 557 2174 viris
577 2110 652 2189 illis,
679 2111 745 2176 sive
758 2111 862 2176 verbis
876 2113 941 2176 sive
954 2112 1072 2196 scripto
1086 2118 1257 2197 exponant,
1274 2115 1403 2198 adjectis
1417 2115 1469 2200 (ex
1486 2117 1593 2182 verbis

118 2200 216 2282 ,Dei)
240 2198 487 2276 dubitationum,
512 2199 789 2284 objectionumque
816 2199 996 2265 istiusmodi
1009 2225 1138 2266 suarum
1150 2202 1338 2268 rationibus.
1362 2203 1449 2280 Quae
1462 2206 1593 2271 demum

118 2288 248 2370 ,omnia
275 2310 332 2371 per
359 2287 541 2372 designatos
564 2287 636 2352 illos
659 2289 690 2352 in
716 2289 889 2372 Prophetis
912 2295 1140 2374 proponuntur,
1155 2295 1400 2377 quateuussaue
1414 2295 1509 2360 verbo
1532 2295 1592 2360 Dei

118 2380 353 2458 ,consentanea
369 2399 447 2452 esse,
461 2378 484 2442 do
497 2376 536 2440 ad
550 2376 709 2442 Ecclesiae
726 2378 978 2442 aedificationem
991 2379 1094 2444 facere
1108 2380 1264 2444 videntur.

163 2464 235 2546 ,Ne
250 2469 358 2530 tamen
371 2467 393 2531 to
406 2463 572 2529 interillos
584 2465 669 2549 ipsos
682 2467 863 2550 designatos
877 2467 968 2546 viros,
983 2468 1092 2552 aliqua
1104 2469 1170 2534 ullo
1183 2469 1275 2534 modo
1291 2471 1433 2537 conlusio
1447 2476 1568 2537 oriatur
1583 2495 1591 2537 ε

116 2560 194 2636 ,aut
218 2553 274 2618 alii
297 2553 377 2618 alios
401 2553 433 2617 in
446 2555 648 2638 proponendo
660 2555 846 2640 impediant,
863 2557 1054 2621 conveniunt
1067 2557 1149 2622 inter
1161 2581 1230 2623 sese
1243 2559 1402 2644 designati
1415 2561 1473 2640 illi,
1491 2563 1587 2645 paulo

115 2649 212 2724 ,ante
228 2644 296 2727 ejus
316 2642 379 2707 diei
402 2642 599 2706 concionem:
624 2647 720 2728 atque
735 2645 819 2708 inter
831 2667 899 2708 sese
912 2644 1089 2725 conferunt,
1103 2669 1166 2732 quo
1180 2647 1256 2733 quid
1269 2648 1378 2712 ordine
1395 2651 1528 2733 proponi
1545 2651 1586 2714 ab

114 2733 202 2812 ,illis
211 2732 334 2797 debeat.
362 2730 405 2795 Et
417 2731 444 2795 si
457 2731 533 2814 quid
546 2732 588 2796 sit
600 2733 764 2816 ejusmodi,
775 2734 857 2819 quod
871 2733 978 2817 aliquo
991 2735 1083 2798 modo
1095 2740 1332 2801 controversum
1345 2760 1414 2802 esse
1429 2738 1586 2814 videatur,

114 2823 347 2902 ,admonentur
365 2820 452 2884 illius
472 2819 505 2883 in
528 2824 670 2904 tempore
687 2823 777 2908 [pag.
799 2822 880 2906 871]
893 2821 1034 2887 Ministri
1046 2845 1082 2888 ac
1095 2820 1242 2888 Seniores
1254 2847 1373 2901 omnes,
1387 2829 1421 2890 ut
1438 2849 1590 2910 praeme-

113 2911 229 2990 ,ditati
256 2909 477 2993 respondeant.
502 2907 569 2973 Aut
592 2933 642 2974 res
666 2911 811 2976 differtur
837 2911 870 2973 in
890 2910 987 2975 aliam
999 2911 1201 2996 prophetiam
1215 2911 1254 2992 (si
1266 2914 1309 2978 sit
1322 2915 1415 2998 opus)
1429 2919 1466 2984 ut
1479 2916 1589 2980 onmia

115 3000 258 3080 ,ordine,
272 2999 428 3076 decenter,
443 2999 465 3063 da
481 3019 553 3062 cum
570 2997 731 3063 Ecclesiae
744 2999 962 3064 aedificatione
973 3000 1061 3064 fiant.

163 3089 327 3168 ,Quantus
347 3089 455 3150 autem
474 3087 517 3150 sit
536 3085 630 3169 hujus
650 3088 723 3152 talis
737 3087 927 3171 Prophetiae
940 3088 1073 3167 fructus,
1098 3089 1129 3154 id
1146 3113 1196 3154 res
1208 3089 1278 3173 ipsa
1291 3091 1408 3157 clarius
1426 3093 1590 3176 multata-

118 3181 253 3257 ,statur,
267 3197 363 3261 quam
377 3179 413 3239 ut
425 3175 498 3238 ullis
511 3175 615 3240 verbis
629 3176 780 3260 explicari
792 3176 902 3259 possit.

165 3265 329 3345 ,Primum
342 3264 427 3328 enim
436 3263 663 3328 confirmantur
676 3265 774 3328 animi
787 3265 884 3329 totius
897 3265 1069 3346 Ecclesiae,
1083 3266 1115 3330 in
1127 3265 1293 3333 retinenda
1305 3269 1485 3356 tuendaque
1495 3271 1593 3336 etiam
1616 3270 1630 3294 ⁸

118 3377 218 3435 ,sana
245 3353 404 3418 doctrina:
428 3355 637 3436 posteaquam
664 3353 755 3418 illam
779 3354 824 3417 ita
848 3354 871 3418 tt
899 3354 1022 3420 executi
1039 3357 1062 3422 b
1079 3355 1249 3440 approbari
1272 3357 1366 3422 videt.
1392 3358 1436 3424 Et
1448 3360 1593 3424 animan-

120 3451 194 3523 ,tur
218 3445 393 3528 praeterea,
414 3445 511 3525 atque
537 3441 633 3505 etiam
654 3445 819 3506 armantur
838 3463 949 3507 omnes
962 3444 1111 3509 adversus
1124 3449 1225 3510 sectas
1237 3468 1358 3526 amaea,
1375 3447 1492 3532 quibus
1509 3471 1593 3513 nunc

119 3535 216 3613 ,sunt
232 3531 299 3595 fere
311 3531 407 3614 plena
419 3529 537 3614 ubique
545 3531 668 3595 omnia:
683 3535 778 3615 atque
792 3531 951 3596 unaminis
963 3531 996 3596 in
1008 3537 1077 3598 tota
1089 3533 1232 3599 Ecclesia
1245 3535 1407 3601 doctrinae
1420 3559 1593 3602 consensus

123 3621 311 3701 ,retinetur

167 3709 309 3788 ,Deinde
333 3705 489 3772 Ministris
508 3708 595 3772 verbi
618 3708 778 3772 excutitur
801 3713 910 3792 torpor
921 3713 1018 3794 atque
1038 3710 1148 3776 otium.
1174 3712 1339 3796 Coguntur
1349 3736 1474 3779 summo
1487 3714 1593 3780 studio

121 3800 181 3879 ,ad
195 3797 340 3883 vigilare,
354 3801 389 3860 ut
401 3796 435 3860 in
447 3796 600 3861 tradenda
612 3797 763 3876 doctriua,
776 3798 922 3876 fideliter,
936 3799 1117 3882 prudenter,
1139 3803 1292 3886 &magna
1307 3802 1593 3886 circumspectione

123 3886 321 3968 ,ministerio
341 3907 409 3950 suo·
422 3884 610 3968 fungantur.
635 3883 685 3951 Ne
712 3886 788 3969 quid
813 3889 932 3951 temere
960 3887 1107 3952 videlicet
1130 3891 1215 3972 apud
1226 3889 1403 3955 Ecclesiam
1416 3892 1590 3956 effutiisse:

124 3997 289 4060 ,novaque
304 3975 371 4038 ulla
387 3975 538 4058 dogmata
549 3974 797 4058 praecipitanter
820 3975 852 4039 in
866 3976 1005 4040 medium
1019 3977 1199 4060 protulisse,
1217 3978 1317 4044 videri
1329 3980 1462 4064 possint.
1488 3979 1591 4045 Nimi-

124 4087 217 4144 ,rum
242 4085 300 4127 vox
324 4062 381 4128 illa
393 4061 580 4146 Apostolica
591 4063 624 4129 in
637 4061 742 4128 officio
758 4063 830 4128 illos
843 4063 1000 4129 continet:
1018 4066 1135 4130 (laeteri
1147 4067 1326 4150 animiam.
1349 4068 1393 4133 Et
1405 4068 1525 4154 alioqui
1538 4069 1593 4134 iu-

125 4153 298 4238 ,telligunt
310 4152 418 4228 etiam,
427 4151 459 4214 in
472 4151 530 4214 tali
543 4152 702 4216 doctrinae
711 4152 955 4230 examinatione,
968 4151 1107 4236 Spiritus
1120 4154 1352 4239 Prophetarum
1365 4157 1437 4222 aliis
1450 4157 1593 4242 Prophe·

125 4244 196 4321 ,tis¹
210 4241 371 4324 subjectos
395 4262 462 4304 esse
482 4243 636 4323 oportere.
663 4239 831 4305 Praeterea
855 4241 948 4305 multi
965 4263 1021 4326 per
1045 4241 1240 4327 imperitiam
1257 4245 1336 4310 alias
1350 4246 1390 4310 ad
1406 4251 1508 4312 sectas
1521 4269 1594 4331 per-

125 4330 251 4411 ,tracti‚
274 4328 370 4394 facile
392 4328 565 4394 lucrifiunt.
582 4329 660 4394 Cum
674 4329 759 4394 enim
771 4330 910 4395 rationes
922 4330 1128 4397 sectariorum
1145 4331 1304 4399 confutari
1316 4333 1425 4421 (idque
1437 4335 1505 4400 sine
1518 4357 1593 4400 con·

125 4419 247 4503 ,mtiisl
274 4420 297 4485 tt
320 4440 431 4484 sanam
451 4421 616 4501 praeterea
639 4418 814 4484 doctrinam
829 4418 1000 4503 approbari
1018 4419 1163 4504 audiunt,
1187 4445 1225 4488 ex
1238 4422 1336 4488 verbo
1350 4421 1428 4488 Dei:
1446 4423 1540 4488 facile
1553 4423 1594 4487 ad

1341 4511 1594 4598 ,agnoscendum
