3736 4860
323 294 437 370 Taum.
449 295 482 368 ΙῙ
515 297 602 368 Sues.
615 295 658 368 ll.
681 299 730 366 Da
742 323 864 367 sunnon
875 293 975 368 Vener
987 293 1094 376 Drynu
1107 291 1326 399 Taionnacus.
1495 300 1554 363 lll
1597 359 1601 371 ,

393 487 422 554 1.
446 486 548 553 Verbi
571 487 682 569 divini,
841 557 844 567 ,

391 579 422 644 2.
445 576 598 662 Propriae
615 575 844 656 Conscientiae,

392 667 422 730 3.
446 665 620 732 Ecclesiae.

101 755 182 822 hibri
202 757 266 820 duo
283 754 404 838 priores
430 755 465 819 in
480 777 574 820 cursu
590 755 767 820 studiorum
787 753 860 820 &in
871 753 1048 818 ministerio
1060 753 1181 836 pariter
1197 752 1281 816 volvi
1297 752 1417 818 revolvi
1430 756 1562 836 possunt

100 846 257 912 dedebent.
280 845 404 909 ‘tertius
427 847 447 908 a
466 843 636 908 ministerii
659 842 842 908 Candidatis
859 843 900 905 ad
923 842 1087 907 conciones
1109 864 1216 906 coram
1239 841 1383 906 Ecclesia
1398 842 1561 908 habendas

101 933 254 1008 admissis,
267 933 401 996 subinde
417 933 546 1014 quidem
562 932 687 1016 inspici,
701 933 757 996 sed
768 935 787 995 a
798 931 874 994 solis
886 929 1055 1010 Ministris,
1068 931 1184 1015 quibus
1198 931 1290 1016 [pag.
1305 931 1386 1015 619]
1400 931 1563 996 Ecclesiae

100 1045 171 1088 suae
195 1044 274 1086 cura
293 1021 359 1104 jam
383 1022 573 1087 demandata
596 1024 655 1100 est,
679 1020 821 1105 pervolui
844 1024 957 1103 potest.
983 1018 1045 1096 Qui
1067 1021 1112 1084 sic
1132 1019 1510 1103 instructilbpraeparati
1523 1021 1564 1084 ad

102 1110 350 1176 concionandum
372 1111 594 1184 acceduntur
618 1109 747 1193 proprio
770 1109 862 1173 corde
885 1109 925 1172 ad
938 1107 1124 1192 cor'populi
1149 1107 1274 1190 eloquia
1298 1107 1359 1172 Dei
1372 1108 1563 1192 loquuntur:

98 1201 214 1285 quibus
227 1221 285 1263 sno
300 1199 393 1262 modo
408 1201 590 1282 comparate
603 1199 644 1262 ad
655 1198 789 1282 frigidos
802 1197 1003 1280 postillistas,
1019 1202 1076 1261 aut
1091 1201 1276 1280 personatos
1289 1197 1446 1261 locutores
1459 1198 1564 1281 appli-

101 1289 164 1354 cari
179 1291 289 1373 potest
300 1286 382 1352 illud
393 1286 512 1352 Matth.
533 1289 563 1351 t.
580 1311 610 1352 v.
627 1287 679 1351 29.
697 1286 819 1360 metat
843 1288 936 1351 etiarn
955 1306 1005 1351 eos
1017 1299 1051 1352 nt
1066 1286 1182 1350 tabens
1197 1287 1407 1364 autoritatem,
1422 1307 1488 1350 non
1499 1307 1564 1352 nn-

99 1391 155 1442 tcrn
171 1389 208 1443 nt
221 1375 354 1442 Scribat.
379 1375 518 1452 Quiscil.
531 1375 647 1460 frigide
663 1376 731 1440 sine
743 1375 872 1459 proprio
884 1397 989 1452 sensu,
1002 1375 1070 1439 sine
1082 1375 1243 1459 spirituali
1259 1375 1456 1458 experientia
1468 1375 1565 1440 verba
1670 1377 1672 1383 ’

98 1471 120 1532 lt
141 1487 238 1532 noces
264 1463 446 1549 Scripturae
470 1466 503 1528 in
515 1487 632 1549 genere
644 1467 667 1531 lu
679 1465 839 1528 abstracte
851 1463 1038 1543 fundebant,
1052 1463 1202 1528 admixtis
1218 1463 1443 1528 traditionibus
1466 1465 1565 1548 majo-

63 1587 66 1594 *
99 1578 176 1620 rum.
202 1551 327 1629 Quibus
339 1553 470 1633 similes,
484 1557 540 1617 aut
552 1554 646 1638 longe
659 1553 860 1617 absurdiores
876 1556 951 1616 sunt
963 1551 1208 1617 Contionatores
1233 1552 1266 1616 in
1279 1552 1415 1637 Papatu,
1429 1575 1564 1636 quorum

98 1645 264 1709 conciones
280 1642 417 1724 aliquae,
433 1646 490 1707 aut
505 1663 616 1706 aarum
624 1641 790 1726 archetypi
802 1640 929 1725 publice
942 1641 1029 1721 editi,
1043 1645 1080 1705 ut
1094 1643 1252 1720 Cottonus,
1266 1643 1405 1718 Bcsscns,
1422 1641 1565 1720 antara,

98 1735 186 1813 Dies,
200 1731 266 1805 dac.
290 1731 315 1794 lt
334 1753 372 1795 ex
391 1731 637 1813 Antiquiorihus
661 1731 795 1814 aliquot,
814 1751 950 1813 quonum
969 1752 1130 1794 sermones
1150 1731 1188 1794 de
1208 1731 1434 1814 temporebde
1447 1731 1565 1796 sanctis
1613 1775 1615 1780 -

98 1820 385 1894 circumstantum
409 1820 495 1884 inter
518 1841 598 1903 quos
614 1819 808 1890 memorandi
823 1817 981 1902 imprimis
995 1819 1108 1890 ludicri
1120 1819 1169 1883 illi
1182 1819 1353 1884 histriones
1368 1821 1565 1904 Muitjurdns,

100 1913 256 1986 dicantus,
281 1907 431 1974 liebertus
454 1909 610 1986 Liciends,
635 1909 672 1972 de
689 1908 805 1991 quibus
825 1908 980 1972 Henricus
1004 1907 1182 1992 Stephanus
1197 1911 1232 1972 in
1252 1909 1404 1994 Apolopid
1420 1909 1567 1974 Herodoti

97 1999 217 2084 gallice
239 1998 339 2079 acup.
356 1998 411 2063 29.
428 2019 528 2084 nsque
543 1998 596 2061 36.
614 1996 775 2061 Atalibus
788 2017 850 2060 non
863 1995 1022 2060 abludunt
1034 1995 1279 2062 concionatores
1292 1998 1353 2076 illi,
1365 2020 1444 2082 quos
1460 1999 1565 2084 Chry-

97 2100 255 2153 sostornns
276 2086 320 2150 ud
341 2087 442 2152 Actor.
462 2092 491 2152 l.
503 2108 532 2150 o.
548 2085 728 2151 animis&
743 2084 918 2168 hypocritis
932 2085 1098 2150 assimilat.
1123 2084 1192 2150 Nec
1204 2086 1426 2169 praetereundi
1439 2087 1498 2167 illi,
1512 2087 1567 2170 qui

97 2177 188 2261 juxta
204 2174 428 2258 Augustinum
451 2174 507 2239 lib.
526 2176 557 2238 4.
581 2174 619 2238 de
638 2175 737 2239 doctr.
763 2173 880 2238 Christ.
905 2195 976 2258 cap.
989 2174 1019 2237 4.
1034 2175 1195 2261 ,affluunt
1208 2176 1371 2261 insipienti
1384 2177 1567 2262 eloquentid,

98 2277 186 2330 tanto
197 2263 302 2346 cuspis
313 2265 444 2328 cavendi
455 2275 574 2350 quanto
582 2262 778 2347 tnupisabiis
790 2263 825 2326 in
833 2263 872 2326 iis
884 2283 964 2348 qnae
974 2263 1086 2328 urdine
1097 2265 1207 2328 inutile
1217 2276 1270 2344 est,
1288 2266 1567 2332 debctmnrlludi-

97 2366 155 2433 tor,
175 2351 209 2419 a
223 2372 284 2430 ecs,
312 2374 392 2434 quos
415 2353 526 2418 dnertd
547 2353 647 2416 dicere
667 2352 873 2430 nuditeticm
889 2356 957 2416 vere
971 2353 1244 2418 dioerccsistimnt.
1267 2352 1316 2418 ut
1329 2377 1387 2419 neo
1404 2352 1568 2420 Stentores

96 2444 147 2507 illi
167 2462 251 2526 qnos
276 2445 367 2516 notat
391 2441 542 2506 Calvinus
562 2441 595 2504 in
619 2439 832 2505 Commentnr.
857 2439 898 2503 ad
924 2442 951 2504 1.
965 2438 1109 2505 Corinth.
1124 2444 1154 2504 2.
1168 2443 1239 2507 v.4.
1252 2442 1334 2509 Sunt
1346 2443 1461 2528 inquit,
1474 2443 1569 2510 anniti

97 2530 229 2597 clarnosi
244 2528 497 2612 deprehensurus,
513 2530 616 2616 quiin
630 2530 707 2593 nitio
723 2529 951 2612 dchtnitando
966 2531 1012 2594 vet
1025 2530 1130 2613 potins
1146 2530 1361 2614 fairninundc,
1379 2533 1498 2598 mirnnt
1509 2533 1569 2598 adi

12 2657 13 2700 1
95 2621 259 2696 ardorern,
274 2637 354 2701 prus
368 2641 400 2684 se
415 2621 532 2704 ser-unt,
545 2619 663 2684 interea
679 2618 741 2702 ipsi
753 2617 863 2696 securi,
877 2628 912 2681 nt
924 2617 1092 2684 uideamur
1105 2639 1163 2702 per
1177 2621 1283 2686 insunt
1301 2622 1399 2687 trina
1417 2619 1569 2706 dputtnr

96 2729 239 2776 meere
265 2709 357 2773 atie:
384 2708 424 2773 At
446 2708 494 2792 pii
510 2708 650 2772 Pastoris
664 2718 707 2771 ost
723 2709 797 2793 dne
810 2726 914 2772 secum
929 2706 1033 2789 prins,
1045 2729 1142 2793 quarn
1156 2708 1234 2773 alios
1249 2709 1292 2774 ud
1306 2710 1414 2795 fletntn
1429 2721 1569 2795 provocet

98 2797 131 2864 s
144 2801 225 2884 pins
240 2797 331 2877 apid
345 2817 377 2862 se
390 2797 522 2862 retinere
536 2796 662 2875 debris,
676 2815 773 2882 pinum
789 2795 861 2860 aliis
876 2795 982 2878 [mint.

141 2887 247 2952 Casus
271 2886 395 2970 aliquot
421 2885 504 2950 circa
526 2886 691 2949 conciones
704 2883 937 2948 determinandi
957 2888 1126 2950 occurrunt
1149 2887 1235 2968 apud
1258 2887 1457 2953 Baidninnm
1471 2887 1522 2954 tit.
1537 2889 1567 2950 4.

98 2974 247 3043 &sunm
258 2996 325 3060 cap.
341 2975 371 3040 7.
383 2972 471 3040 Num
488 2971 635 3038 Minister
648 2972 809 3038 Ecclesiae
823 2972 1000 3037 doctrinam
1016 2973 1057 3036 ad
1071 2974 1304 3058 praescriptum
1320 2977 1370 3040 sui
1386 2974 1566 3061 Magistra-

95 3070 150 3130 tus
163 3065 251 3129 bona
263 3086 336 3131 cum
347 3063 540 3128 conscientiit
552 3061 750 3126 conformare
763 3065 892 3143 potest?
908 3059 998 3126 Num
1013 3063 1053 3126 ad
1065 3061 1270 3128 interdictum
1282 3062 1496 3150 Magistratus
1508 3088 1566 3149 po-

96 3153 185 3218 litici
199 3151 349 3219 Minister
368 3151 529 3216 Ecclesiae
552 3150 594 3214 ab
605 3148 794 3214 antithesi&
809 3150 1070 3214 condemnatione
1083 3148 1238 3216 falsorum
1261 3151 1435 3219 Doctorum
1448 3156 1569 3220 andoc-

95 3244 208 3307 trinae
228 3242 261 3308 iu
284 3241 488 3308 concionibus
512 3239 601 3304 salvia
620 3239 742 3323 pietate
766 3237 927 3303 abstinere
951 3241 1056 3322 potest
1070 3243 1085 3303 Ρ
1101 3237 1136 3303 Si
1147 3245 1289 3306 errantes
1305 3243 1339 3306 in
1354 3243 1497 3308 doctrinis
1513 3261 1571 3328 pro

94 3332 255 3397 concione
278 3329 469 3396 nominatim
484 3326 626 3393 refutare
650 3327 744 3392 licet:
762 3349 803 3390 an
815 3348 879 3391 non
892 3326 989 3391 etiam
998 3331 1164 3410 peccantes
1175 3328 1209 3393 in
1225 3331 1367 3396 moribus
1379 3332 1570 3398 nominatim

12 3495 13 3500 γ
96 3419 321 3506 perstringere
335 3418 385 3484 fas
397 3423 447 3484 est
460 3422 476 3484 Ρ
487 3415 576 3482 Num
591 3415 741 3481 Minister
755 3415 918 3480 Ecclesiae
937 3415 1021 3480 offici
1026 3439 1079 3480 um
1101 3417 1290 3484 elencticnm
1313 3421 1397 3486 bont
1412 3444 1484 3487 cnm
1495 3443 1570 3488 con-

12 3507 13 3510 '
94 3509 238 3574 scientia
265 3519 394 3594 prorsus
420 3505 634 3571 intermittere
659 3507 764 3588 potest
776 3507 791 3569 t
804 3502 893 3568 Num
905 3501 1054 3569 Minister
1066 3504 1228 3572 Ecclesiae
1241 3508 1282 3573 ob
1294 3510 1458 3575 conciones
1471 3514 1570 3576 vehe-

93 3596 278 3662 mentiores
301 3619 407 3662 coram
422 3594 552 3680 pohtico
564 3592 760 3678 Magistratn
771 3592 866 3676 injus
882 3593 987 3657 vocari
998 3597 1105 3677 potest
1117 3597 1133 3659 l
1145 3594 1233 3660 Num
1245 3597 1343 3663 etiam
1359 3597 1571 3685 Magistratus

92 3709 158 3771 pro
185 3686 335 3752 concione
359 3683 539 3770 arguendus
562 3687 635 3748 est?
655 3681 781 3747 Horum
802 3703 933 3747 casuum
944 3682 1243 3750 determinationem
1256 3688 1340 3770 quod
1352 3688 1393 3752 ad
1409 3709 1568 3754 summam

93 3776 144 3840 rei
171 3774 199 3840 dt
221 3775 255 3840 in
269 3774 363 3854 thesi,
384 3795 480 3858 quam
497 3771 635 3836 maxime
654 3770 755 3855 probo
768 3794 775 3848 ;
795 3771 869 3835 hex
882 3770 951 3854 ipso
963 3771 1080 3854 potius,
1093 3793 1191 3856 quarn
1206 3797 1245 3838 ex
1257 3797 1309 3841 me
1322 3776 1363 3839 ab
1379 3777 1569 3842 exulceratis

12 3853 14 3932 ?
93 3865 119 3930 lt
146 3863 328 3948 prejudicio
351 3860 523 3927 occaecatis
536 3861 735 3944 quorundam
749 3858 916 3926 hominum
935 3866 1085 3934 κωμικῶν
1097 3861 1236 3945 ingeniis
1248 3864 1351 3929 audiri
1363 3867 1459 3931 malo.
1484 3864 1571 3930 Tan·

12 3949 14 4020 l
93 3959 175 4018 tum
190 3951 382 4017 abundantis
394 3950 536 4016 mutelae
550 3969 626 4034 ergo
641 3971 723 4033 quae
739 3948 883 4031 inprimi
898 3968 989 4012 casus
1002 3947 1267 4016 determinatione
1290 3953 1402 4019 inserit
1413 3955 1452 4019 de
1466 3959 1571 4038 potes·

12 4051 14 4150 p
55 4097 61 4108 .
93 4045 172 4107 tate
201 4037 413 4126 Magistratus
431 4039 514 4104 circa
533 4059 633 4117 sacra,
653 4059 692 4102 ex
708 4037 837 4104 secundi
849 4035 872 4101 tr
884 4035 991 4120 quinti
1006 4057 1137 4102 casuum
1158 4034 1469 4120 determinatione&
1485 4043 1572 4108 exiis

12 4167 14 4190 1
92 4151 191 4216 quae
215 4151 313 4214 supra
334 4129 399 4195 tit.
424 4129 451 4192 l.
467 4137 554 4194 tract.
566 4125 705 4192 anobis
718 4125 887 4191 dissertata
903 4126 987 4203 sunt,
1000 4122 1114 4190 hector
1127 4127 1217 4213 [pag.
1231 4129 1313 4216 620]
1330 4133 1479 4216 supplere
1497 4156 1569 4200 rne-

92 4218 249 4285 minerit.
261 4216 513 4302 Hypotheticam
525 4215 772 4298 applicationem
785 4214 825 4279 ad
837 4212 1029 4279 calvinistes
1041 4214 1076 4278 in
1087 4236 1178 4282 casus
1191 4218 1320 4284 secundi
1329 4220 1569 4288 determinatio·

92 4331 151 4387 ne,
166 4306 234 4390 ipsi
246 4305 402 4390 relinquo.
413 4305 536 4374 Eiidem
548 4303 745 4369 sub-cautelis
755 4305 779 4370 lu
791 4301 975 4385 exceptione
987 4323 1084 4386 quam
1093 4305 1231 4370 maxime
1243 4308 1343 4392 probo
1357 4310 1476 4376 dictata
1487 4311 1571 4394 ejus-

91 4399 178 4462 dem
193 4396 230 4459 de
243 4395 348 4459 officio
360 4395 501 4476 docendi,
514 4392 549 4457 in
563 4391 885 4462 tantustantus
897 4391 1117 4459 Ministrorurn
1132 4395 1214 4460 nabi
1225 4398 1245 4462 ὰ
1257 4417 1325 4482 cap.
1342 4401 1394 4464 13.
1408 4421 1505 4486 usqne
1519 4401 1569 4463 19.

656 4511 659 4518 ’
1526 4487 1574 4552 De
