3736 4860
351 305 464 384 isser.
477 315 519 384 Il.
544 303 631 385 Sacr.
643 315 702 384 III.
725 303 774 382 Da
788 315 1064 383 Anurursrsnrrour
1076 321 1230 384 Bnrrrsrrr.
1255 318 1325 385 611.
1338 304 1365 383 l.
1445 293 1447 298 Ι
1523 318 1586 382 125

107 507 254 586 admitti,
270 517 327 572 ant
336 519 407 592 post
422 509 541 591 lactura
554 504 592 572 ab
605 506 740 594 Eectesiti
752 507 854 589 pasce
865 506 1114 573 Antecessoritus
1126 507 1276 572 imotenus
1287 503 1458 591 approbari
1467 507 1588 590 possit;
1681 579 1687 591 .

104 609 142 662 nt
163 598 212 662 sie
232 595 382 681 apaan
397 597 440 662 ud
462 596 666 680 Baptismurn
685 595 721 659 in
739 596 874 660 Ecclesia
893 597 1107 681 recipiendane
1119 617 1185 660 non
1197 595 1385 662 terreantur?
1408 597 1496 679 ltesp.
1512 596 1586 682 Nep.

104 684 253 771 Indigna
272 685 352 750 haee
371 689 455 749 esset
466 684 658 768 profanatio,
670 682 698 748 si
709 682 814 764 ama
825 688 972 760 μυστήρια
984 685 1044 770 (ita
1055 689 1288 750 sacramentum
1301 685 1424 750 Coenae
1436 688 1455 748 a
1466 707 1586 750 nonne·

104 773 196 839 mine
218 777 366 838 veterum
387 773 581 858 appellatur)
602 773 732 838 losuum
751 774 775 838 ts
793 774 933 856 jocorum
956 773 1128 857 puerilium
1140 775 1274 839 materia
1285 774 1376 838 fiant.
1394 771 1477 837 Vide
1490 795 1586 856 quam

105 863 331 928 reverentiam
350 862 374 928 it
393 862 669 947 praeparationem
686 861 773 926 verbi
794 861 943 927 audibilis
960 865 983 928 tr
998 862 1133 927 visibilis
1146 863 1339 946 dispensatio
1352 861 1495 945 requirat
1505 864 1584 944 lesa.

1 993 2 998 κ
103 951 162 1018 66.
175 973 208 1018 υ.
222 953 257 1016 2.
270 951 372 1018 Actor.
386 951 439 1015 22.
451 972 480 1016 v.
497 951 547 1015 16.
561 953 584 1018 tr
599 953 627 1014 l.
642 952 712 1016 Cor.
728 952 816 1015 ll.o.
827 951 981 1015 20.-23.
994 951 1128 1015 Factum
1141 973 1217 1037 ergo
1226 951 1306 1016 illud
1314 951 1486 1016 Athanasii
1495 951 1586 1035 pueri

104 1039 311 1125 baptizantis
328 1041 408 1104 alios
423 1061 538 1124 pueros
554 1040 735 1119 collusores,
755 1040 779 1104 tr
799 1039 974 1104 Alexandri
986 1039 1136 1124 Episcopi
1150 1039 1353 1124 Baptismurn
1366 1040 1458 1105 illum
1471 1061 1584 1122 appro-

105 1130 224 1194 bantis
241 1129 357 1193 merito
369 1128 615 1214 improbandum
627 1149 809 1193 censemus:
822 1132 949 1192 tantum
962 1129 1063 1207 abest,
1075 1133 1111 1192 ut
1124 1130 1204 1194 tales
1217 1151 1332 1213 pueros
1344 1133 1498 1212 tanquam
1512 1151 1585 1194 vere

102 1220 128 1286 ta
154 1219 223 1282 rite
237 1217 416 1302 baptizatos
427 1217 570 1282 fidelium
581 1217 727 1302 catalogo
740 1239 812 1281 cum
825 1218 935 1281 eodem
947 1217 1128 1282 Alexandro
1142 1218 1400 1282 adscriberemus.
1423 1216 1506 1282 Vide
1522 1216 1584 1281 Hi·

103 1307 249 1372 storiam
269 1305 360 1371 Facti
379 1307 463 1391 apud
483 1306 694 1372 Sozomenuns
704 1306 771 1371 tit.
789 1307 820 1370 2.
836 1327 902 1389 cap.
919 1307 968 1370 16.
982 1306 1140 1371 Dissentit
1152 1307 1311 1372 eruditiss.
1324 1305 1460 1385 Abotus,
1473 1311 1584 1390 postea

1 1447 2 1452 ,
103 1395 220 1461 faetus
243 1393 510 1479 Archiepiscopus
528 1394 765 1460 cantuariensis
786 1393 940 1461 Praelect.
954 1395 1007 1460 cit.
1028 1416 1102 1480 pag.
1119 1396 1192 1459 101.
1212 1396 1299 1474 (111111
1316 1396 1384 1460 istis
1397 1395 1489 1481 [pag.
1502 1395 1584 1481 637]

102 1484 231 1570 inquit,
243 1485 494 1562 contradicerent,
504 1481 949 1570 aespopessoopppsares
960 1486 1098 1550 rationes
1110 1505 1207 1550 sonus
1222 1483 1507 1551 castraserras
1518 1506 1585 1550 non

104 1575 248 1660 reperio.
264 1571 425 1652 Rationes,
441 1573 558 1657 quibus
575 1569 893 1648 γωαικο-βαπτισμὲν
903 1574 1002 1638 solide
1018 1574 1236 1658 oppugnabat,
1249 1596 1306 1638 nos
1320 1574 1354 1638 in
1366 1573 1453 1639 illius
1466 1574 1585 1657 scripto

102 1662 305 1742 invenimus,
318 1663 342 1727 tr
355 1663 481 1727 easdem
492 1661 607 1726 fortius
620 1664 770 1727 adversus
785 1661 869 1725 hunc
878 1662 1088 1745 jocularem&
1100 1663 1254 1728 lusorium
1268 1685 1439 1747 puerorum
1454 1662 1584 1746 Baptis-

103 1773 202 1817 mum
215 1750 392 1835 intorqueri
405 1773 497 1834 posse
510 1755 669 1836 putamus.
682 1751 763 1815 Erat
775 1750 860 1814 enirn
876 1753 904 1815 1.
919 1751 1111 1830 Puerorum,
1123 1752 1179 1835 qui
1190 1751 1224 1815 in
1232 1751 1379 1816 civilibus
1389 1752 1430 1816 ad
1438 1751 1584 1816 testimo·

103 1842 175 1920 nia,
181 1841 378 1922 juramenta,
386 1843 589 1919 testamenta,
598 1841 717 1905 tutelas
726 1843 782 1904 aut
790 1840 970 1905 advocatias
979 1841 1151 1920 obeundas
1162 1844 1341 1906 contractus
1354 1841 1507 1906 ineundus
1520 1863 1583 1905 non

104 1929 339 1994 admittuntur.
364 1931 394 1993 2.
419 1933 488 1994 erat
509 1929 568 1993 sub
581 1929 684 1995 forma
696 1932 719 1995 tr
731 1929 838 2015 sigillo
850 1930 938 1995 lusus
951 1930 1094 2014 puerilis.
1116 1931 1146 1993 3.
1164 1933 1233 1994 erat
1249 1934 1338 1994 extra
1351 1951 1477 1994 omnem
1489 1951 1583 2012 prae·

104 2023 241 2084 sumlae
256 2017 453 2082 necessitatis
466 2040 583 2082 casum.
597 2017 697 2082 Venit
707 2041 792 2083 nunc
804 2018 837 2082 in
849 2023 989 2084 mentem
1002 2019 1123 2083 factum
1136 2017 1307 2083 Minoritae
1319 2018 1467 2094 Flandri3
1480 2018 1535 2101 qui
1548 2019 1581 2082 in

104 2129 196 2172 nova
207 2105 368 2190 Hispania
379 2107 431 2170 28.
445 2107 536 2171 annis
549 2107 781 2192 euangelistam
794 2113 913 2192 egerat,
931 2111 954 2174 tr
969 2129 1026 2192 per
1043 2129 1158 2192 pueros
1174 2107 1354 2172 emissarios
1367 2107 1584 2172 duodecennes

105 2197 218 2260 millia
238 2194 361 2278 aliquot
380 2195 531 2260 indorum
550 2196 796 2280 circumquaque
815 2197 973 2281 baptizari
991 2197 1126 2261 fecerat:
1144 2196 1301 2280 siquidem
1321 2195 1382 2280 ipsi
1397 2197 1478 2261 talia
1499 2197 1538 2262 de
1550 2220 1584 2262 se

102 2284 258 2368 jactanti,
275 2284 352 2349 fides
368 2284 557 2350 adhibenda.
581 2284 728 2369 Ineptum
748 2285 931 2352 &stolidam
945 2284 1125 2351 Guardiano
1139 2308 1194 2350 seu
1206 2284 1310 2350 Priori
1323 2284 1524 2351 Gandavensi
1535 2287 1584 2350 in·

105 2373 267 2458 scriptam
266 2373 442 2526 ppqqtplam
450 2374 591 2439 inveniet
603 2373 716 2440 Lector
728 2374 761 2438 in
774 2375 920 2458 Epicratis
931 2397 970 2442 en
980 2377 1062 2440 novt
1074 2375 1233 2460 Hispania
1244 2375 1369 2460 scriptis
1381 2376 1404 2441 tr
1416 2397 1480 2440 uno
1493 2375 1582 2440 rolu-

105 2462 200 2526 miue
217 2461 251 2526 in
289 2511 296 2525 .
353 2461 415 2526 'tis

153 2549 201 2615 V.
227 2551 350 2632 Qrtoen.
376 2551 426 2616 rla
441 2553 628 2636 Baptismus
643 2572 710 2616 non
721 2553 785 2618 nisi
800 2555 820 2618 ὰ
833 2552 965 2638 perfeeto
977 2554 1196 2638 srssccpiendns
1208 2554 1258 2632 sit,
1271 2553 1302 2619 a·
1316 2554 1345 2618 si
1356 2553 1394 2620 at
1407 2555 1469 2620 otio
1481 2575 1581 2620 111111-

104 2651 187 2726 ptus
202 2640 309 2725 sapit,
325 2639 354 2704 is
364 2641 525 2725 1110111111)
537 2640 699 2706 tabaedns
711 2643 760 2707 sit.
786 2643 876 2727 ttesp.
893 2641 944 2706 lta
956 2643 1142 2708 statuebant
1154 2641 1296 2708 Cathari.
1309 2640 1377 2707 Nos
1391 2643 1463 2728 Nep.
1489 2641 1582 2708 Nulli
1663 2697 1665 2702 .

107 2730 201 2794 enirn
212 2729 247 2792 in
259 2726 310 2792 his
323 2729 418 2793 terris
430 2733 505 2793 sunt
515 2729 647 2814 perfecti
656 2752 663 2794 :
673 2735 756 2796 esset
765 2731 873 2814 itaque
882 2731 1106 2795 abstinendum
1115 2731 1156 2795 ab
1166 2731 1253 2796 omni
1263 2730 1582 2814 Baptismo.,lnterim

106 2841 176 2882 non
189 2838 356 2902 negamus,
369 2817 525 2902 siquidem
539 2818 679 2883 delectus
693 2817 914 2884 Ministrorum
926 2821 1046 2904 absque
1058 2820 1228 2884 schismate
1241 2823 1297 2883 aut
1310 2821 1457 2885 scandalo
1469 2819 1581 2885 haberi
1675 2823 1681 2834 ’

107 2906 225 2991 possit,
242 2909 262 2970 is
281 2907 336 2990 pio
354 2904 503 2970 Ministro
518 2907 625 2991 potius
639 2909 810 2991 petendum
827 2907 1040 2992 Baptismum,
1056 2930 1153 2993 quam
1166 2909 1207 2972 ab
1219 2907 1376 2991 improbo,
1389 2912 1445 2972 aut
1459 2907 1581 2974 Meroe·

105 2996 215 3074 nario,
236 2999 292 3059 aut
312 2993 504 3080 Hypoorits:
521 2995 610 3079 cujus
623 2995 689 3061 vita
701 2997 821 3079 pariter
836 3019 899 3060 non
911 2998 1131 3072 aedificamur3
1145 2999 1168 3064 tr
1180 2997 1269 3080 cujus
1281 2997 1424 3061 doctrina
1433 3011 1498 3061 non
1512 2998 1581 3062 sine

105 3084 237 3148 fastidii
253 3086 277 3150 ts
296 3105 441 3148 nauseae·
453 3083 599 3148 molestit
620 3085 789 3168 pascimur.
811 3084 846 3150 Si
857 3089 965 3151 tamen
980 3086 1130 3150 acarnali
1142 3088 1166 3152 ts
1180 3085 1375 3150 mercenario
1387 3089 1496 3151 ventre
1509 3087 1581 3170 quis

105 3173 296 3256 baptizatus
310 3172 353 3237 sit
364 3172 396 3236 in
410 3173 630 3237 communione
643 3195 735 3238 verae
748 3173 926 3240 Ecclesiae:
941 3179 989 3239 est
1001 3175 1085 3258 quod
1096 3175 1131 3238 in
1142 3175 1201 3239 tali
1214 3173 1380 3257 Baptismo
1389 3175 1581 3258 acquiescat.

105 3259 145 3326 Si
167 3262 298 3344 quidem
315 3260 457 3325 efficacia
473 3260 633 3346 Baptismi
651 3265 670 3326 a
685 3263 841 3348 dignitate
858 3262 999 3328 Ministri
1014 3285 1076 3328 non
1088 3264 1221 3348 pendet!
1235 3262 1283 3326 uti
1298 3261 1420 3341 Nostri,
1433 3263 1516 3328 inter
1529 3285 1582 3330 eos

106 3350 200 3416 Bezu
220 3350 391 3417 &Heraens
407 3351 480 3416 locis
499 3351 592 3415 modo
608 3353 680 3432 citt,
697 3351 757 3416 hoc
769 3353 1111 3420 accuratedocuerunt.
1124 3351 1207 3418 Vide
1219 3352 1243 3417 tr
1255 3349 1474 3438 Augustinum
1486 3355 1580 3417 tract.

1 3466 2 3552 p
106 3439 142 3504 6.
159 3438 326 3504 inJohan.

156 3525 216 3592 VI.
243 3529 366 3611 Qrtaest.
390 3528 442 3592 An
460 3529 496 3592 in
515 3549 591 3595 casu
606 3531 791 3596 necessitatis
809 3531 1027 3615 Baptssrnnsct
1041 3532 1166 3609 destiti,
1178 3543 1234 3597 unt
1246 3533 1354 3610 ludeo,
1365 3541 1420 3597 out
1433 3529 1580 3596 Matern-

1 3681 2 3686 ,
105 3617 248 3682 mediata
257 3619 388 3684 collatus
399 3619 499 3683 aare
509 3618 622 3683 etatem.
638 3620 729 3704 ttesp.
740 3617 793 3683 Sic
805 3620 829 3684 Α
834 3625 869 3706 ff.
884 3621 1042 3708 Pontificii
1053 3621 1076 3686 tr
1089 3619 1250 3685 affirmare
1263 3623 1420 3706 coguntur
1429 3641 1467 3684 ex
1476 3620 1499 3684 tr
1508 3642 1580 3684 cum

105 3707 190 3772 Iure
210 3703 367 3772 Cunonim
381 3706 458 3771 Can.
481 3707 555 3774 123.
569 3707 592 3772 tr
614 3708 686 3772 124.
708 3709 779 3773 dist.
797 3708 827 3771 4.
841 3709 878 3773 de
892 3710 1031 3774 Canacen
1044 3707 1088 3772 lu
1101 3709 1153 3774 23.
1169 3710 1390 3776 Constitutione
1401 3710 1536 3794 Erspenr'i
1548 3708 1579 3773 4.

1 3835 2 3866 r
104 3815 197 3860 anno
216 3793 312 3858 1441.
329 3799 426 3878 quain
445 3793 517 3859 ride
533 3795 567 3859 in
582 3796 738 3862 Battario.
754 3794 871 3862 (tontes
887 3797 1040 3864 ramam
1052 3819 1124 3862 oum
1137 3798 1203 3863 suis
1214 3819 1247 3883 p.
1261 3799 1292 3864 8.
1306 3819 1358 3883 qu.
1375 3797 1429 3860 67.
1445 3799 1534 3862 artic.
1548 3799 1578 3860 2.

1 3892 2 3954 t
121 3889 133 3950 'r
155 3883 348 3948 recentiores
367 3904 509 3967 quosque
526 3887 694 3958 Geraistos,
710 3885 733 3951 b
749 3885 883 3952 Pctrrnn
898 3887 1047 3952 Ledesrno
1062 3885 1099 3951 de
1111 3886 1334 3953 Suanmentis.
1357 3883 1425 3950 Nec
1441 3886 1579 3950 mirum:

1 4003 3 4054 l
113 3993 186 4038 rum
197 3975 343 4037 statuant
355 3971 534 4037 absolutam
546 3974 768 4038 necessitatem
780 3974 949 4059 Baptismi,
962 3975 1165 4060 ejusdemque
1175 3975 1348 4042 efficaciam
1361 3975 1395 4038 in
1405 3975 1579 4060 purgandis

2 4059 3 4120 t
121 4061 252 4126 »coeatis
272 4083 312 4125 ex
328 4081 423 4144 opere
441 4065 581 4144 operato.
601 4059 670 4126 Nos
683 4065 818 4146 utraque
830 4064 890 4128 hirc
902 4063 985 4129 falsi
996 4063 1167 4148 hypothesi
1179 4065 1305 4149 rejects,
1324 4064 1495 4149 Nasones:
1517 4063 1579 4139 Qui

117 4149 198 4214 eninr
215 4149 283 4233 ipse
297 4169 356 4214 nec
371 4147 464 4214 fidem
480 4149 657 4232 profitetur,
669 4173 727 4216 nec
738 4151 918 4237 baptizatus
931 4157 989 4233 est,
1002 4153 1101 4217 immo
1113 4157 1222 4237 aperte
1234 4153 1342 4218 odium
1355 4153 1475 4218 Christi
1487 4154 1510 4220 tt
1522 4155 1578 4218 do·

2 4273 3 4294 r
121 4238 234 4302 trinae
251 4237 453 4303 Christianae
472 4240 650 4322 profitetur,
671 4241 829 4324 quomodo
848 4242 987 4325 praeerit
1007 4241 1150 4325 symbolo
1166 4243 1189 4308 tr
1207 4241 1315 4326 sigillo
1338 4242 1528 4309 initiationis
1545 4243 1577 4306 in
1654 4241 1656 4246 ’

117 4327 224 4392 pedus
236 4327 372 4410 gratiae,
383 4327 417 4390 in
429 4325 550 4392 Christi
561 4327 585 4392 b
598 4327 851 4394 Christianorum
864 4331 1139 4395 communionem?
1152 4330 1195 4395 Et
1207 4323 1284 4415 quid
1296 4332 1323 4396 si
1333 4331 1498 4396 hominum
1506 4333 1578 4396 nul·

117 4419 163 4480 tus
179 4415 317 4496 adesset,
333 4415 436 4501 quiin
453 4420 655 4500 praesumtae
668 4418 865 4484 necessitatis
881 4439 956 4484 casu
971 4441 1087 4505 aquam
1100 4441 1172 4484 cum
1185 4419 1322 4484 lornrult
1335 4421 1578 4574 subministrarq

1471 4531 1558 4594 posse
1606 4535 1609 4542 ·
