3722 4850
319 300 360 365 18
695 296 854 362 Ponrrrcsn
870 294 1119 362 Eccnnsusnccr
1142 294 1223 360 Pras
1234 292 1260 358 1.
1286 293 1351 360 Lm.
1365 292 1406 360 Il.

316 492 395 557 cilia
407 489 512 576 focaea
521 500 665 556 eamcam
673 489 805 577 buben,
813 491 968 576 populum
974 489 1121 574 probare,
1131 491 1233 558 orbem
1244 491 1393 578 qualum,
1402 487 1774 576 ll·qccccccuqaclrccuiuic

320 578 351 645 li
366 579 506 646 Caesaris
518 589 589 644 oola
601 589 737 644 succa—
751 581 794 644 ΙΙ.
809 580 916 646 Probi.
930 577 982 643 An
993 583 1098 644 tutum
1112 581 1401 659 sitBenevolorum,
1415 578 1666 657 Benefactorum,
1677 577 1774 642 Patro

316 690 440 750 norum,
458 666 684 754 Cognatorum,
699 667 884 734 Amicorum
909 668 1082 748 nomina'in
1089 670 1240 736 Precibus
1247 667 1468 734 ecclesiasticis
1477 666 1774 732 ordinaribreferre?

317 759 408 842 Hesp.
428 755 498 822 Mos
522 757 697 823 inoleverat
720 758 753 822 in
773 759 905 842 antiqua
917 757 1069 839 Ecclesia,
1081 763 1117 824 ut
1129 758 1288 844 diptychis
1301 757 1462 822 Ecclesiae
1473 779 1528 822 seu
1541 755 1706 840 Episcopi,
1714 755 1741 818 h.
1751 777 1774 818 e.

316 845 485 930 duplicabis
512 846 631 928 tabulis
658 847 692 910 in
703 847 1012 914 usumscribentium
1026 849 1217 932 comparatis
1230 847 1409 934 (dequibus
1423 846 1493 910 vide
1511 845 1645 912 lbmecb.
1657 844 1737 909 Libc.
1749 843 1774 906 a.

316 935 483 1001 Adversas.
496 955 562 1019 cap.
577 935 645 1020 23.)
658 936 787 1001 nomina
798 936 1054 1016 inscriberentur,
1068 941 1164 1021 atque
1177 936 1249 1001 inde
1260 936 1529 1021 preelegerentur.
1548 933 1636 999 lnter
1647 933 1774 1008 nomina,

317 1046 452 1110 quorum
467 1024 501 1088 in
523 1022 674 1090 Precibus
686 1027 709 1092 la
721 1023 876 1110 liturgiis
888 1024 1108 1102 meminerant,
1126 1029 1216 1090 erant
1231 1026 1315 1092 inter
1327 1026 1392 1088 alia
1410 1022 1652 1107 Imperatorum,
1667 1025 1692 1089 tr
1707 1022 1775 1106 Epi·

316 1135 484 1198 scoporum
496 1113 817 1193 orthodoxorum,seu
829 1135 938 1178 eorum
950 1136 1021 1178 cum
1036 1114 1151 1198 quibus
1164 1114 1337 1179 amicitiam
1350 1116 1373 1180 fr
1386 1112 1620 1177 fraternitatem
1629 1111 1776 1176 colebant.

315 1201 400 1268 Hinc
412 1201 532 1267 factum
547 1207 581 1266 ut
594 1203 860 1268 invalescentibus
873 1203 1225 1268 commemorationibus
1233 1203 1454 1268 defunctorum
1462 1201 1576 1266 horum
1582 1201 1713 1264 nomina
1721 1199 1777 1276 uni,

314 1292 458 1356 vivorum
472 1292 565 1357 alteri
577 1292 717 1357 tabellae
728 1292 946 1372 inscriberent,
960 1294 982 1357 dt
999 1315 1037 1357 ex
1048 1292 1162 1357 iisdem
1176 1293 1341 1357 eraderent
1353 1291 1379 1355 si
1392 1291 1424 1354 in
1435 1290 1577 1367 veritatis
1591 1289 1776 1373 professione

280 1449 285 1460 ,
316 1380 513 1462 defecissent,
538 1382 561 1447 le
584 1376 710 1446 rursum
727 1381 932 1446 rest'tuerent
948 1380 974 1445 si
990 1381 1023 1445 in
1037 1385 1074 1446 ea
1086 1385 1275 1461 constantes,
1288 1380 1433 1465 quamvis
1445 1380 1486 1443 ab
1499 1379 1571 1443 aliis
1582 1378 1703 1462 injuste
1713 1399 1778 1441 con-

236 1535 240 1540 ,
317 1469 468 1549 damnati,
496 1468 646 1534 fuissent:
672 1469 720 1535 uti
731 1469 793 1534 hoo
803 1473 926 1533 constat
939 1491 976 1533 ex
989 1471 1073 1535 Actis
1087 1472 1216 1557 quintae
1226 1470 1355 1556 Syaocli,
1368 1468 1398 1534 a·
1410 1469 1516 1534 Edicto
1528 1467 1704 1532 festiniani
1713 1465 1778 1530 ibid.

316 1558 395 1624 ll'ex
406 1559 547 1642 Episcolci
561 1559 665 1624 Procli
676 1559 711 1623 ia
725 1559 837 1626 conec.
854 1559 1034 1624 Chalcedon.
1047 1573 1107 1624 orl.
1124 1560 1173 1623 lc.
1183 1559 1227 1623 Et
1236 1559 1375 1643 Epistola
1384 1557 1779 1640 Innocercliicdlmpcrolc·

316 1669 383 1712 cem
408 1647 592 1728 Arcadium,
617 1649 639 1714 d
663 1648 696 1712 in
713 1648 851 1733 Epistola
878 1648 1048 1728 Ecclesiae,
1065 1671 1146 1732 quae
1170 1645 1464 1732 utraqueexstatin
1488 1646 1554 1713 l'ilci
1577 1642 1782 1731 Chrysoslomi

312 1757 370 1822 per
384 1737 552 1822 Gcocpiccm
565 1735 849 1820 Archiepiscopum
861 1736 1120 1802 Alexandrinum.
1137 1735 1186 1800 De
1194 1736 1379 1802 recitatione
1391 1735 1556 1799 nominum
1564 1757 1602 1798 ex
1612 1731 1781 1818 diptychis,

232 1849 235 1854 ·
315 1848 387 1890 cum
411 1825 516 1890 vivere
533 1825 711 1906 desiissent,
737 1829 838 1910 agunt
861 1823 1038 1908 Scriptores
1062 1826 1223 1912 Lilucpici,
1249 1823 1556 1890 &cocicmentatum
1571 1824 1614 1888 cd
1630 1824 1780 1888 Cauoccrc

317 1915 440 1994 Missae,
465 1915 556 2000 [pag.
571 1911 652 2000 503]
666 1915 705 1978 ad
717 1915 774 1978 illa
788 1914 899 1978 verba:
916 1927 1070 1981 memento
1082 1915 1218 1981 minine
1233 1916 1431 1999 summorum
1441 1914 1704 1998 sacualcncmquc
1719 1923 1781 1975 licc-

315 2023 399 2082 cum,
416 2001 472 2068 ilc.
485 2001 566 2067 Vide
579 2003 662 2068 inter
674 2003 753 2068 alios
765 2002 833 2068 lob.
846 2003 1041 2088 Stephanum
1054 2005 1239 2070 Duronium
1252 2003 1318 2068 tib.
1331 2004 1360 2067 2.
1373 2002 1411 2067 dc
1422 2002 1546 2068 ilicibus
1557 2002 1710 2067 Ecclesiae
1720 2021 1782 2082 cap.

316 2093 368 2156 43,
384 2089 478 2158 illus
490 2093 676 2157 coaocciucm
691 2093 782 2158 Caua.
797 2093 848 2156 24.
862 2113 914 2178 qu.
929 2094 957 2156 2.
971 2115 1038 2179 cop.
1053 2093 1094 2172 6.,
1107 2092 1264 2177 imprimis
1280 2091 1407 2158 Goaria
1416 2090 1781 2175 NolisaclEuelroloqiurc

318 2182 508 2247 Graecorum
518 2202 591 2267 pop.
613 2182 684 2245 143.
697 2179 734 2245 Iu
747 2180 898 2245 Ecclesiis
914 2179 1108 2246 Reformatis
1124 2181 1228 2262 amici,
1248 2180 1427 2259 necessarii,
1451 2179 1671 2243 benefactores
1692 2176 1785 2242 nomi·

316 2269 417 2332 natim
430 2269 598 2334 memorari
610 2292 674 2334 uon
689 2270 803 2350 solent,
815 2269 870 2334 sed
881 2273 1008 2334 tanturn
1020 2270 1182 2335 indefinite
1196 2271 1219 2334 fc
1231 2275 1384 2354 tanquam
1396 2268 1560 2332 individue
1573 2289 1666 2350 vaga,
1683 2267 1707 2332 b
1719 2265 1785 2350 qni·

315 2358 387 2422 dem
409 2380 472 2423 non
500 2359 659 2423 ordinario
675 2362 731 2423 aut
750 2379 885 2442 semper,
898 2358 953 2422 sed
963 2381 1035 2423 cum
1047 2359 1216 2443 peculiaris
1232 2359 1340 2442 aliqua
1353 2357 1434 2422 ratio
1446 2357 1513 2421 sive
1525 2355 1712 2420 afflictionis
1724 2355 1786 2419 sire

316 2446 514 2511 liberationis
538 2445 672 2526 ἑντεὺξεω
696 2447 923 2512 ecclesiasticas
945 2451 1091 2531 expetere
1116 2448 1237 2512 suadet.
1259 2447 1302 2511 Et
1315 2447 1378 2510 tale
1391 2446 1547 2510 auxilium
1558 2445 1696 2510 Precum
1709 2442 1787 2508 nulli

317 2535 503 2621 denegatur,
521 2535 617 2600 etium
640 2557 703 2601 non
718 2535 856 2621 petenti:
873 2535 965 2600 modo
981 2535 1201 2601 Concionatori
1213 2540 1316 2600 status
1329 2534 1440 2599 afflicti
1453 2533 1638 2599 innotuerit.
1651 2532 1717 2598 Sed
1727 2554 1789 2596 non

314 2625 455 2704 memini,
479 2629 605 2708 praeter
628 2623 753 2710 Regum
769 2627 791 2691 la
804 2623 988 2709 Principum
1000 2625 1129 2690 nomina
1142 2625 1175 2688 in
1184 2623 1378 2690 Reformatis
1391 2646 1467 2688 suae
1479 2623 1611 2688 ditionis
1625 2621 1787 2696 Ecclesiis,

315 2713 555 2778 etiamaliorum
567 2713 712 2798 quamvis
725 2713 888 2778 fautorum
901 2715 923 2779 lc
936 2711 1091 2788 είεργετῶν
1102 2713 1558 2778 ordinaribmemorarisolere:
1567 2715 1701 2796 excepto
1707 2709 1789 2794 quod

315 2803 348 2865 in
368 2803 488 2888 anglie
512 2802 595 2867 circa
619 2825 739 2867 annum
764 2803 857 2866 1634.
875 2801 898 2866 la
920 2802 1066 2887 deinceps
1079 2803 1141 2868 hoc
1152 2824 1216 2867 non
1228 2803 1368 2867 insolens
1377 2799 1476 2866 fuisse
1488 2800 1569 2864 mihi
1581 2803 1601 2865 a
1612 2801 1675 2864 fide
1685 2797 1790 2886 dignis

315 2891 453 2955 relatum
476 2893 499 2956 lc
515 2891 583 2975 ipse
599 2890 861 2956 (loncionatorem
884 2891 1058 2976 Anglicum
1082 2891 1316 2956 benefactorem
1328 2891 1469 2975 aliquem
1482 2911 1573 2954 suum
1587 2889 1621 2953 in
1633 2888 1788 2953 Precibus

314 2979 536 3045 ecclesiasticis
559 2980 739 3046 nominasse
763 2979 932 3064 aliquoties
953 2979 1138 3046 audiverim.
1155 2980 1274 3045 Censeo
1290 2984 1399 3044 temen
1415 2978 1560 3063 exemplo
1577 2979 1717 3042 aliarum
1730 2975 1791 3041 Ec·

314 3069 483 3132 elesiarum
513 3069 615 3133 tritius
642 3069 682 3133 ab
711 3068 767 3132 illa
794 3067 947 3132 nominali
976 3068 1195 3154 designatione
1223 3068 1386 3133 abstineri.
1419 3066 1572 3132 Rationes
1595 3071 1672 3131 sunt
1700 3069 1791 3130 istae.

318 3157 346 3222 l.
362 3157 455 3240 Quia,
471 3179 543 3221 curn
554 3162 695 3242 tempore
709 3157 749 3221 ad
761 3178 869 3221 ornnes
882 3156 962 3222 alios
975 3162 1135 3243 cognatos,
1150 3157 1354 3233 necessarios,
1363 3157 1491 3236 amicos,
1500 3156 1650 3241 callegas,
1660 3154 1793 3227 vicinus,

315 3245 497 3325 honoratos,
522 3246 733 3311 ecclesiastica
752 3245 832 3310 haec
844 3247 1093 3323 nomenclatura,
1106 3247 1233 3312 extendi
1250 3250 1381 3331 posset?
1401 3245 1444 3310 Et
1456 3245 1527 3328 quis
1539 3247 1610 3309 tum
1620 3245 1708 3323 finis,
1721 3243 1794 3327 quia

308 3334 427 3414 modus
455 3332 614 3399 Precum?
628 3339 783 3418 quantum
804 3356 913 3398 earum
926 3334 1091 3399 fastidium
1107 3336 1225 3418 populo
1242 3335 1483 3420 ingenerabitur
1494 3338 1509 3398 Ρ
1521 3337 1678 3418 quantum
1693 3333 1792 3398 devo·

313 3423 409 3487 tionis
432 3423 632 3489 excutietur?
646 3424 676 3489 2.
706 3423 787 3504 Quia
799 3424 833 3487 in
848 3422 1010 3508 frequenti
1023 3423 1080 3487 illo
1092 3446 1244 3488 concursu
1257 3423 1533 3488 memorandorum
1550 3421 1623 3486 fieri
1636 3423 1692 3487 vix
1701 3425 1793 3506 pote·

315 3511 368 3592 rit,
391 3515 429 3574 ut
452 3510 525 3576 lites
538 3511 575 3576 de
588 3512 816 3596 praecedentiis
828 3516 891 3576 n'ou
906 3513 1105 3577 exoriantur:
1120 3513 1164 3577 ita
1177 3516 1212 3577 ut
1228 3514 1251 3579 fc
1263 3511 1484 3578 concionatori
1497 3513 1520 3578 b
1532 3510 1656 3594 Populo
1667 3509 1794 3575 oranti·

314 3599 374 3664 bus
399 3601 467 3664 loco
479 3606 532 3658 τοῦ
543 3621 673 3667 cursam
685 3601 789 3682 corda,
802 3597 837 3659 τὲ
852 3601 1000 3667 clccrsucn
1011 3601 1105 3667 eorda
1118 3601 1290 3666 insonaret.
1306 3601 1336 3665 3.
1353 3601 1435 3682 Qccic
1447 3599 1587 3664 maxima
1605 3599 1733 3664 occasio
1746 3621 1796 3663 as·

314 3688 459 3753 sentandi
472 3695 499 3749 dr
512 3689 681 3772 parasitice
694 3689 878 3754 blandiendi
890 3688 1171 3764 Concionatoribus
1181 3690 1275 3774 objici
1288 3689 1422 3754 videtur.
1440 3688 1532 3754 Certe
1548 3688 1659 3752 multis
1683 3691 1795 3752 teuta·

313 3777 454 3842 tionibus
467 3777 490 3842 ic
502 3777 690 3862 corruptelis
702 3778 854 3862 obnoxios
867 3799 900 3843 se
913 3779 1054 3856 reddent;
1068 3801 1126 3843 ncc
1138 3779 1295 3843 immunes
1309 3781 1459 3862 poterunt
1474 3799 1542 3842 esse
1554 3780 1573 3841 a
1585 3777 1693 3861 specie
1704 3777 1796 3854 mali,

315 3866 483 3930 asinistris
496 3866 739 3950 suspicionibus.
753 3863 869 3931 Dicent
882 3867 1042 3932 tenuiores
1060 3889 1155 3950 saepe
1167 3872 1274 3931 tamen
1291 3867 1420 3932 ditiores
1432 3867 1467 3930 in
1479 3866 1551 3945 fide,
1569 3866 1604 3929 in
1629 3865 1796 3930 exercitiis

314 3954 455 4037 pietatis,
475 3955 550 4038 quia
573 3955 714 4020 xeniis&
738 3955 916 4020 honorariis
938 3955 1199 4021 concionatorem
1217 3956 1425 4020 mercarinon
1442 3976 1583 4038 possum,
1597 3955 1797 4020 nominatim

314 4063 372 4125 pro
394 4063 445 4106 me
467 4063 530 4106 non
554 4047 633 4124 orat,
658 4065 730 4108 cum
753 4048 861 4108 tamen
880 4049 947 4108 tam
959 4044 1068 4109 sedulo
1081 4045 1141 4109 hoc
1154 4049 1232 4130 agat
1243 4067 1300 4128 pro
1312 4043 1354 4110 N.
1368 4048 1424 4109 aut
1435 4043 1478 4110 N.
1493 4064 1627 4126 quorum
1639 4044 1798 4128 religio&

314 4129 416 4212 pietas
439 4129 536 4194 dubia
560 4133 583 4198 fs
606 4136 752 4218 suspecta
781 4137 837 4197 est.
852 4133 882 4198 4.
902 4133 984 4215 Quia
996 4134 1065 4198 fieri
1079 4133 1131 4199 rix
1145 4136 1300 4216 potestat
1315 4131 1624 4198 interbenefactores
1636 4132 1669 4194 in
1685 4131 1799 4217 digni·

315 4220 381 4281 tate
395 4219 418 4282 lc
434 4220 816 4300 eminentiamnstitutos,
831 4243 894 4285 non
907 4223 972 4286 sint
988 4222 1216 4287 aemulationes
1230 4221 1438 4289 defectiones:
1456 4221 1571 4306 quibus
1585 4219 1801 4298 concitandis,

316 4305 448 4381 alendis,
461 4306 670 4389 stabiliendis,
684 4309 797 4372 saltem
809 4311 977 4392 prodendis
991 4313 1013 4376 tr
1030 4310 1228 4394 publicandis
1241 4311 1395 4396 ejusmodi
1407 4309 1521 4375 Preces
1534 4313 1596 4373 rina
1608 4309 1640 4373 in
1653 4307 1804 4374 Ciuitate

315 4397 370 4457 aut
401 4393 486 4457 Aula
509 4393 603 4480 hujus
631 4396 867 4478 Cpncionatoris
887 4420 943 4482 pso
956 4421 1013 4465 suo
1027 4399 1221 4480 Mecaenate,
1234 4400 1321 4465 illius
1338 4422 1461 4484 proauo
1472 4399 1701 4484 pronuntiatae
1716 4399 1803 4463 haut

1672 4507 1807 4573 parum
