3736 4860
310 309 374 384 lid
700 307 861 384 Ponrrrcis
876 315 1127 382 Econasrmrrcsr
1151 311 1270 380 Psasl.
1293 311 1359 378 bre.
1372 311 1416 380 Il.

520 497 1767 676 curiensecircumsonantem

314 645 327 674 Ι
732 641 736 652 ’
1177 640 1185 670 i
1760 637 1767 666 l

314 682 496 768 ,frigidam
508 681 603 748 sicuti
614 685 754 760 venerat,
771 681 954 750 concionem
966 681 1109 745 dimittit.
1440 671 1447 682 ’

359 772 432 850 ,31.
455 769 665 837 Controversa
683 771 761 856 quid
779 770 885 856 agites
904 770 938 834 in
959 769 1107 834 concione
1124 767 1252 833 subtilis
1269 767 1474 850 disputator?
1487 767 1515 831 si
1526 767 1627 851 judex
1639 789 1704 832 esse
1715 767 1767 844 ris,

315 861 404 940 ,vide
426 881 467 934 ne
489 859 550 924 tibi
563 859 698 925 nimium
709 880 849 944 arroges,
862 857 889 922 si
897 857 1037 942 judicem
1050 857 1188 943 quaeris,
1206 857 1258 922 vix
1274 856 1561 922 intermulieres&
1578 877 1767 921 communem

314 950 487 1034 ,populum
498 949 651 1030 invenies,
667 947 691 1014 b
706 947 765 1013 hos
780 948 920 1018 maxime
935 947 1096 1012 auditores
1108 946 1220 1011 habes.

359 1038 431 1116 ,32
454 1036 638 1122 Scripturae
658 1059 766 1102 sacrae
782 1036 967 1102 testimonia
985 1035 1158 1100 secuudum
1173 1056 1271 1099 novos
1286 1056 1398 1099 seusus
1418 1035 1544 1113 afferre,
1561 1035 1680 1100 omissa
1694 1035 1770 1099 anti·

315 1147 468 1212 ,quorum
491 1124 624 1190 Petrum
647 1125 848 1206 auctoritate,
868 1125 921 1190 vix
938 1128 1045 1188 tutum
1062 1123 1212 1188 arbitror.
1235 1121 1338 1201 Nova,
1352 1123 1487 1208 inquies,
1500 1125 1649 1208 placent:
1665 1125 1768 1202 fateor,

314 1215 388 1294 ,sed
410 1215 538 1300 placent
560 1217 654 1300 saepe
667 1215 766 1279 etiam
780 1235 919 1278 venena:
933 1213 1071 1298 &ignoti
1083 1212 1147 1277 cibi
1159 1212 1291 1277 dulcedo
1303 1217 1341 1276 eo
1356 1212 1488 1295 pronius
1499 1213 1667 1298 imperitos
1681 1213 1769 1276 fallit.

312 1302 399 1382 ,Nec
417 1308 454 1368 tu
465 1325 572 1368 rerum
584 1305 714 1368 tuarum
726 1302 770 1368 sis
779 1303 886 1386 judex.
911 1302 1003 1378 Quod
1014 1303 1042 1366 si
1055 1301 1190 1385 probata
1201 1300 1323 1366 fuerint
1334 1301 1534 1385 sapientibus
1545 1324 1630 1387 quae
1646 1301 1768 1386 profers,

311 1392 385 1471 ,vix
397 1415 480 1458 nova
492 1392 639 1458 dixerim.

355 1481 427 1560 ,33.
451 1479 556 1546 Multa
579 1503 618 1546 ex
633 1480 731 1546 sacris
747 1480 850 1545 literis
865 1479 980 1545 afferre
1002 1479 1087 1556 loca;
1103 1478 1303 1562 &explicare
1315 1479 1519 1563 paucissima,
1532 1480 1659 1545 videtur
1672 1478 1770 1564 potius

312 1569 463 1648 ,dicentis
484 1570 667 1650 ostentatio,
685 1591 782 1654 quam
798 1569 955 1634 dictorum
971 1568 1178 1634 confirmatio.
1204 1567 1286 1633 Vide
1304 1591 1344 1632 ne
1364 1569 1439 1632 dum
1451 1573 1542 1635 tuem
1556 1570 1605 1634 vis
1617 1570 1770 1634 venditare

314 1659 531 1739 ‚memoriam
546 1657 722 1724 confundas
738 1657 888 1724 alienam.

357 1744 429 1828 ,aa
453 1747 533 1813 Esse
553 1747 688 1812 nimium
708 1747 743 1810 in
762 1745 937 1832 allegoriis,
955 1745 1142 1830 praesertim
1163 1769 1236 1811 cum
1252 1747 1380 1830 proprio
1393 1746 1523 1831 ingenio
1535 1747 1705 1826 cuduntur,
1716 1769 1772 1811 uon
1852 1759 1853 1762 ’

314 1841 419 1916 ,caret
443 1836 586 1917 levitate,
609 1837 665 1901 sed
688 1835 829 1900 utilitate
852 1839 954 1910 earet;
968 1835 1178 1900 Elthnicorum
1201 1839 1276 1899 verb
1288 1834 1414 1899 fabulas
1426 1835 1466 1899 ad
1479 1833 1664 1901 ffinshana
1675 1859 1773 1901 saera·

314 1930 441 2005 ‚mente
452 1925 630 2006 traducere,
643 1924 774 2010 quidam
786 1925 1038 2010 paedagogicum
1050 1924 1145 2007 sapit,
1157 1945 1197 1988 ne
1209 1925 1313 1990 dicam
1325 1923 1479 1988 insulsam
1491 1925 1716 1990 temeritatem.

362 2015 433 2094 ,35.
458 2013 567 2080 Verba
587 2011 772 2098 Scripturas
794 2013 920 2078 divinae
940 2017 997 2078 ant
1016 2035 1079 2078 non
1095 2012 1225 2077 omnino
1241 2012 1378 2076 fideliter
1389 2013 1514 2092 afferre,
1527 2018 1586 2079 aut
1597 2037 1660 2079 uon
1672 2019 1775 2079 tenere

317 2104 505 2182 ,verborum
527 2103 768 2188 proprietatem,
792 2107 864 2167 dum
888 2102 921 2165 in
944 2103 1086 2186 patrium
1110 2123 1289 2166 sennonem
1311 2105 1497 2166 vertuntur:
1522 2108 1650 2168 exortos
1671 2123 1775 2169 sensus

316 2191 459 2272 ,afferre
473 2191 584 2256 durius
596 2190 754 2275 explicare
767 2191 910 2275 phrases,
919 2191 1077 2275 judicium
1088 2191 1227 2255 hominis
1237 2195 1281 2255 esl
1289 2240 1297 2270 ,
1305 2190 1356 2254 vel
1364 2191 1560 2278 negligentis
1569 2193 1620 2257 vel
1629 2192 1776 2278 imperiti.

363 2279 433 2358 ,36.
458 2277 738 2360 Sordeseitoratio,
747 2301 820 2345 cum
836 2279 1061 2344 similitudines
1075 2279 1224 2360 humiles,
1239 2283 1297 2344 aut
1310 2279 1399 2359 viles,
1416 2283 1474 2343 aut
1484 2280 1631 2346 sordidae
1643 2282 1777 2346 afferun-

317 2371 399 2450 ,tnr,
410 2369 461 2434 rel
475 2368 731 2454 multiplicantur
742 2368 887 2450 nimium,
900 2369 951 2433 vel
963 2368 1088 2453 po'e'tico
1100 2389 1187 2432 more
1199 2367 1385 2453 pinguntur,
1398 2369 1446 2432 vel
1454 2369 1582 2455 lougius
1591 2392 1712 2455 perque
1717 2371 1778 2436 vim

318 2462 553 2537 ,accemuntun
576 2455 627 2524 Ne
640 2458 717 2544 quid
730 2457 836 2537 nimis,
853 2480 893 2522 ne
906 2457 984 2543 quid
995 2457 1113 2523 minus.

362 2547 435 2625 ,aa
458 2545 615 2631 Exempla
637 2545 716 2611 item
740 2546 825 2612 male
847 2545 1163 2632 adducuntur,'quae
1186 2545 1384 2611 audientium
1406 2546 1559 2627 moribus,
1576 2547 1779 2634 auttempori

319 2635 572 2715 ,accommodata
589 2657 652 2700 nou
669 2640 754 2716 sunt,
774 2634 825 2700 vel
842 2656 924 2721 quae
939 2657 1003 2700 uon
1019 2638 1199 2700 tractentur
1211 2635 1354 2699 oratione
1367 2641 1501 2716 morata,
1513 2637 1564 2700 rel
1580 2659 1645 2701 non
1657 2661 1697 2702 ex
1713 2659 1780 2721 pm·

319 2724 419 2804 ,batis
430 2728 585 2810 petuntur
596 2724 789 2804 auctoribus,
801 2723 977 2788 acdubiam
986 2723 1081 2788 fidem
1089 2723 1220 2789 habeut.
1237 2723 1640 2799 Quiadfinemlaciendam
1650 2727 1780 2791 adhibet

321 2812 446 2894 ,dubia,
459 2812 555 2877 fidem
567 2812 704 2898 abrogat
715 2813 820 2878 certis.
845 2812 938 2900 [pag.
951 2811 1034 2899 626]
1209 2823 1212 2830 ’

367 2901 439 2980 ,38.
463 2899 544 2966 Oum
559 2901 823 2986 amplificationes
842 2901 973 2965 huntio
992 2902 1087 2965 rebus
1102 2899 1282 2982 inutilibus,
1291 2924 1381 2992 'qnae
1394 2901 1434 2966 ad
1449 2902 1782 2989 aliquempersuasio·

323 3011 414 3069 ,nem
425 3011 489 3055 uon
500 2990 646 3071 tendunt,
659 2989 846 3055 elocutionis
857 2989 1012 3074 profanae
1021 2988 1156 3074 jactatio
1168 2993 1226 3069 est,
1240 3011 1349 3054 sacrae
1361 2992 1489 3074 injuria.

365 3078 438 3157 ,39.
462 3076 524 3154 Qui
548 3079 684 3144 aliorum
707 3078 839 3144 affectus
862 3083 953 3162 optat
975 3078 1123 3158 excitare,
1148 3077 1269 3144 frustra
1287 3079 1403 3144 nititur
1423 3081 1451 3144 si
1463 3080 1590 3145 eosdem
1602 3081 1637 3146 in
1649 3104 1684 3146 se
1697 3082 1784 3168 prius

323 3166 480 3246 ,excitare
495 3166 655 3254 negligat:
671 3167 758 3253 finge
773 3167 921 3251 ejulatus,
938 3167 1119 3252 lachrymas
1131 3166 1237 3248 simul,
1251 3167 1378 3233 imitere
1393 3168 1566 3248 dolentem,
1580 3170 1665 3235 ludis
1677 3171 1784 3256 iguem

324 3254 463 3341 ,pictum
476 3255 619 3337 adhibes,
635 3277 708 3321 eum
720 3255 763 3320 sit
774 3255 969 3321 incendenda
981 3256 1072 3322 silex.

368 3343 440 3422 ,le
465 3339 590 3423 Orator,
610 3345 669 3429 qui
685 3347 721 3410 ut
732 3347 889 3410 moratam
904 3344 1004 3409 faciat
1015 3344 1202 3418 orationem,
1216 3365 1270 3409 eas
1285 3346 1420 3411 virtutes
1433 3345 1605 3432 significet,
1619 3370 1701 3433 quas
1714 3348 1785 3414 rere

322 3453 403 3512 ,uon
426 3431 535 3514 habet,
559 3432 758 3512 histrionem,
771 3431 1008 3519 &hypocritam
1019 3433 1098 3517 agit,
1112 3433 1167 3518 qui
1179 3433 1255 3499 lieet
1265 3433 1359 3498 initio
1370 3434 1515 3519 imponat
1525 3435 1704 3522 aliquibus,
1714 3459 1786 3502 mox

323 3525 449 3601 ‚tamen
472 3543 506 3586 se
530 3521 642 3605 prodet
664 3521 836 3602 simulatio,
860 3524 884 3588 t
905 3521 1074 3606 apparebit
1093 3521 1195 3588 oratio
1211 3543 1414 3609 nequaquam
1426 3528 1560 3603 morata,
1579 3525 1635 3589 sed
1647 3525 1786 3591 hominis

322 3608 457 3689 ,falsum
480 3610 609 3675 virtutis
629 3631 745 3675 nomen
771 3610 929 3695 captantis
956 3609 1100 3690 ambitio,
1125 3631 1225 3696 coque
1248 3612 1352 3698 magis
1370 3613 1443 3677 odio
1455 3613 1517 3678 erit
1528 3613 1689 3692 omnibus,
1704 3613 1787 3701 quod

323 3699 510 3777 ,nonnullos
522 3699 784 3784 antedeceperat.
1598 3773 1602 3780 ,

368 3786 439 3866 ,41.
452 3785 583 3874 ineptus
595 3787 724 3852 omnino
735 3791 794 3869 est,
806 3787 979 3872 ineptaque
990 3787 1094 3864 oratio
1105 3787 1184 3872 ejus,
1197 3789 1374 3872 quieodem
1386 3789 1479 3855 modo
1491 3791 1531 3855 ad
1538 3791 1674 3874 juvenes
1689 3813 1728 3857 ae
1739 3813 1788 3858 se-

322 3898 406 3954 ,nes,
420 3876 536 3953 doctos,
549 3897 585 3942 ac
597 3876 741 3956 rusticos,
754 3875 838 3941 viros
850 3897 887 3940 ac
898 3875 1057 3956 mulieres,
1069 3877 1245 3962 religiosos,
1257 3901 1294 3943 ac
1305 3879 1482 3943 saeculares
1494 3880 1593 3945 rerba
1604 3879 1694 3946 facit.
1706 3880 1790 3957 Quid

323 3965 411 4050 ,agis
427 3969 540 4031 sutor?
552 3966 685 4030 eandem
697 3986 737 4030 ue
748 3964 907 4049 crepidam
918 3965 1061 4029 omnium
1074 3964 1207 4050 pedibus
1221 3965 1350 4032 induis?

367 4053 438 4130 ‚42
452 4053 563 4119 Oratio
574 4053 683 4118 ordine
695 4075 815 4132 careus,
827 4053 957 4136 perinde
970 4076 1006 4118 ac
1017 4052 1176 4138 indigesta
1188 4075 1295 4119 rerum
1306 4055 1416 4136 moles,
1424 4055 1476 4121 vel
1484 4078 1566 4141 quae
1574 4057 1791 4144 digressiones

323 4139 522 4225 ,importune
549 4142 660 4224 assuit,
674 4141 892 4227 autprolixaa,
904 4145 974 4207 tum
986 4142 1146 4207 auditores
1158 4142 1333 4224 confundit,
1345 4148 1414 4209 tum
1426 4145 1531 4228 ipsum
1543 4166 1670 4232 quoque
1682 4151 1791 4212 orato-

323 4250 408 4307 ,rem
423 4231 541 4294 turbat.

367 4319 438 4396 ,aa
463 4317 638 4384 Exordium
662 4317 811 4384 vitiosum
834 4323 891 4398 eat,
907 4319 935 4383 si
946 4319 1045 4385 fuerit
1057 4320 1226 4404 prolixum,
1239 4343 1405 4387 commune
1415 4323 1564 4388 omnibus
1576 4324 1792 4404 concionibus,

322 4407 436 4484 ,nimis
458 4404 620 4487 festivum,
643 4407 989 4474 acvelutadnumeros
1001 4409 1411 4493 concinnatuquuoties
1422 4411 1565 4480 humano
1576 4413 1674 4501 capiti
1686 4415 1793 4479 cerri·

1704 4525 1793 4579 ,oessl
