3766 4866
223 347 229 360 .
332 295 443 368 Talon.
456 293 515 364 111.
539 297 589 363 Da
605 294 737 362 Aoauors
761 291 939 363 Oromenus
962 295 1254 365 Parvum-ruscino.
1290 299 1360 366 Orc.
1373 301 1416 368 V.
1547 301 1611 368 305

145 486 367 570 Eleemosynis
392 485 565 552 sustentari
592 485 737 550 debeant.
761 481 799 547 In
822 485 927 549 nullos
939 484 1073 550 istomm
1086 486 1313 571 Eleemosynae
1327 489 1501 573 erogandas
1517 494 1612 574 puta·

146 599 218 640 mus
231 599 239 641 :
265 580 396 660 excepto
420 598 495 641 casu
518 578 679 639 extremae
698 573 907 651 necessitatis,
919 574 953 637 in
965 597 1044 658 quos
1056 574 1083 638 si
1092 575 1211 660 ignavi,
1224 577 1328 655 otiosi,
1342 578 1532 664 prodigaler,
1545 580 1612 644 lur-

146 687 251 744 cones,
278 665 329 730 tro.
357 669 416 730 sua
442 665 535 747 eulpa
558 662 708 740 incidant,
732 662 766 726 in
778 663 939 744 praesenti
951 667 1037 727 statu
1045 663 1150 743 famis,
1167 666 1332 744 nuditatis,
1346 668 1447 730 morbi
1464 690 1527 731 non
1539 673 1613 732 sunt

145 753 320 818 deserendi.
344 751 458 838 Neque
486 752 571 817 enim
598 751 764 834 potestatis
791 751 969 816 &muneris
982 752 1196 817 Diaconorum
1212 759 1269 832 est,
1287 755 1427 838 aliquem
1439 755 1524 821 fame
1537 778 1612 840 poe·

145 842 265 906 naliter
286 842 443 906 occidere:
468 841 523 906 sed
546 840 652 924 potius
667 841 701 904 in
725 843 866 904 extrema
881 840 938 904 illa
951 841 1137 906 necessitate
1151 843 1290 925 ejusdem
1303 844 1464 922 misereri3
1479 850 1552 910 utut
1563 847 1613 908 in·

144 930 280 1016 dignum
302 953 335 995 se
351 929 557 1014 praestiterit.
582 930 684 994 aaron
694 949 766 1013 erpo
783 929 995 994 misericordes
1006 942 1099 1014 prout
1114 928 1145 995 θῑ
1153 942 1244 1014 paler
1258 944 1357 996 oesler
1371 935 1546 999 misericors
1557 946 1610 999 esc.

146 1020 220 1084 Luc.
246 1019 275 1082 6.
300 1042 329 1083 v.
343 1020 394 1083 36.
408 1041 480 1084 cum
493 1019 601 1083 Mallia.
616 1019 646 1080 5.
658 1039 688 1082 u.
701 1018 753 1081 45.
778 1016 985 1102 Magistratui
1000 1019 1242 1102 relinquendum
1259 1024 1316 1098 cst,
1339 1025 1375 1085 ut
1388 1022 1508 1087 validos
1521 1046 1610 1088 men·

147 1108 300 1184 dicantes,
326 1108 486 1192 prodigos.
503 1107 632 1170 inutilia
655 1112 758 1170 terrae
785 1107 934 1188 pondera,
948 1107 1030 1171 bono
1046 1108 1174 1190 publico
1187 1113 1338 1174 coerceat.
1364 1109 1442 1174 Veri
1454 1133 1610 1194 pauperes

109 1239 115 1252 ·
145 1201 232 1276 sunt,
245 1196 299 1278 qui
312 1219 388 1280 prae
401 1197 498 1272 senio,
512 1199 568 1260 aut
581 1195 679 1260 animi
696 1195 873 1278 corporisve
887 1194 1021 1273 defectu,
1047 1201 1102 1260 aut
1114 1197 1313 1280 opprimente
1326 1198 1442 1278 subita,
1464 1205 1613 1283 perpetu-

145 1290 205 1349 are
218 1285 411 1365 calamitate,
425 1308 481 1349 suo
493 1306 575 1368 pane
588 1283 672 1348 vesci
685 1287 857 1366 nequeunt.

190 1371 233 1438 Il.
262 1375 383 1456 (licceat.
408 1373 460 1438 An
483 1374 697 1438 ecclesiasticae
724 1373 943 1458 Eleoruosprme
966 1383 1089 1438 toralium
1112 1375 1288 1459 eropnnrloe
1311 1376 1344 1438 in
1360 1376 1611 1442 mernbrulr'cclc·

144 1463 232 1528 siue?
257 1465 345 1547 Hesp.
369 1463 433 1550 Aff.
456 1463 512 1527 ubi
535 1485 592 1546 per
619 1461 698 1526 ulios
720 1461 994 1544 Eleemosynarios
1007 1463 1153 1528 omnibus
1170 1468 1260 1528 extra
1272 1462 1448 1528 Ecclesiam
1461 1465 1522 1529 rite
1539 1488 1611 1550 pro·

144 1555 290 1636 spectum
302 1557 359 1616 est.
385 1551 491 1630 Sectis,
508 1552 535 1615 si
550 1573 614 1615 non
627 1555 827 1634 prospectum
839 1550 891 1615 sit.
915 1548 966 1615 Ita
977 1551 1010 1614 in
1023 1550 1122 1629 Vicis,
1136 1551 1280 1636 oppidis,
1297 1553 1525 1618 &Civitatibus
1539 1555 1610 1638 qui-

145 1641 279 1705 busdam
296 1639 481 1723 quotidiana
500 1640 784 1724 Eleemosynarum
807 1639 841 1702 iu
853 1639 981 1723 quosvis
994 1639 1084 1704 Cives
1097 1641 1120 1705 81
1133 1641 1251 1705 incolas
1264 1641 1447 1706 distributio
1460 1642 1535 1706 solis
1547 1643 1613 1706 Ec-

144 1729 260 1794 clesiae
282 1727 431 1793 Diaconis
444 1729 663 1793 committitur.
688 1727 809 1803 Quibus
822 1735 999 1811 propterea,
1013 1734 1141 1811 praeter
1152 1730 1300 1794 collectas
1314 1729 1347 1793 in
1359 1730 1513 1808 Ecclesia,
1527 1731 1609 1796 aliae

144 1818 179 1882 in
203 1817 394 1895 diversoriis,
418 1817 645 1896 contractibus,
674 1817 802 1880 mulctis
826 1817 1028 1900 pecuniariis,
1060 1839 1131 1882 cum
1152 1817 1381 1901 supplementis
1394 1841 1431 1883 ex
1449 1819 1610 1886 aerario&

144 1905 357 1992 vectigalibus
386 1903 590 1990 Reipublicae
604 1906 817 1991 assignantur.
842 1903 881 1968 In
898 1904 1068 1970 Hollandia
1080 1929 1118 1970 ex
1131 1907 1234 1990 pretio
1250 1908 1454 1972 redemtionis
1467 1909 1610 1991 publico·

144 2016 218 2058 rum
232 1994 449 2081 uectigalium,
474 1995 702 2062 &decimarum
719 2016 755 2058 ac
767 1993 969 2076 praediorum
994 1995 1034 2057 ad
1050 1995 1188 2058 dominia
1200 1995 1369 2060 comitatus
1386 1996 1610 2079 spectantium,

144 2083 215 2148 seni
239 2084 325 2148 oboli
349 2106 388 2148 ex
411 2083 548 2167 siugulis
564 2083 633 2148 flor.
650 2083 683 2147 in
700 2082 919 2148 Ministrorum
933 2082 1101 2165 stipendia,
1115 2085 1137 2148 tr
1155 2083 1222 2147 bini
1238 2083 1271 2146 in
1285 2083 1513 2169 Eleemosynae
1526 2084 1611 2150 Pau-

144 2195 259 2256 perum
272 2176 425 2257 perpetua
442 2173 513 2257 lege
526 2173 717 2256 penduntur.
740 2170 806 2236 Ubi
822 2174 929 2236 autem
941 2172 1118 2255 promiscue
1131 2172 1259 2258 quosvis
1276 2195 1432 2256 pauperes
1445 2173 1505 2238 loci
1522 2175 1610 2238 inco-

144 2262 193 2326 las
217 2266 308 2326 curat
331 2261 485 2340 Ecclesia,
509 2283 571 2324 non
596 2260 795 2325 obliviscitur
818 2263 925 2323 tamen
942 2260 1125 2324 monitionis
1149 2261 1357 2344 apostolicae:
1371 2262 1472 2328 sirum
1487 2263 1612 2351 benefici

143 2371 218 2438 erpa
230 2371 347 2428 ornnes,
362 2350 498 2415 maxime
512 2371 583 2415 vcro
598 2369 672 2436 erqo
685 2349 864 2414 dorucslicoa
875 2349 957 2435 fidei.
983 2348 1087 2414 Galat.
1101 2350 1131 2412 6.
1147 2371 1174 2413 v.
1190 2351 1241 2412 10.

189 2437 249 2504 Ill.
275 2439 398 2522 Quaere.
421 2439 472 2504 An
495 2440 589 2504 ctiam
612 2439 648 2504 in
677 2439 870 2524 Peregrinos,
895 2437 982 2502 douai
1005 2438 1040 2502 in
1063 2437 1179 2521 putria,
1205 2451 1261 2504 aut
1286 2440 1611 2524 soricinenilio,curn
1707 2455 1711 2464 ·

143 2529 254 2613 inopia
276 2528 509 2614 conflictantes?
535 2529 625 2612 Hesp.
646 2528 710 2614 Aff.
734 2528 760 2590 1.
787 2527 872 2610 Quia
893 2526 981 2591 Deus
1005 2527 1185 2608 specialiter
1207 2527 1398 2614 Peregrinos
1421 2530 1443 2594 b
1469 2533 1609 2596 extorres

143 2616 237 2703 [pag.
248 2617 329 2702 940]
343 2617 570 2681 beneficentiae
582 2617 724 2682 fidelium
740 2615 981 2681 commendavit.
999 2616 1117 2681 Laome.
1136 2617 1183 2680 19.
1202 2637 1230 2680 υ.
1252 2619 1300 2683 10.
1314 2619 1337 2682 b
1351 2619 1403 2682 22.
1416 2619 1472 2683 nbi
1484 2618 1610 2702 Paupe-

143 2705 234 2770 ribus
250 2707 273 2772 b
289 2704 471 2790 Peregrinis
489 2705 598 2791 aliqua
612 2707 650 2770 de
666 2704 826 2770 vindemia
850 2707 873 2770 b
889 2725 985 2769 ncesse
996 2705 1133 2790 relinqui
1147 2705 1307 2789 praecipit.
1330 2705 1455 2770 Confer.
1475 2727 1543 2790 cup.
1557 2707 1608 2770 25.

142 2815 212 2878 cup.
226 2795 278 2858 35.
292 2793 345 2858 41'.
368 2793 390 2858 J
392 2816 455 2858 esa.
470 2793 521 2858 58.
536 2817 564 2858 v.
580 2795 608 2858 7.
626 2793 656 2860 a·
672 2794 829 2878 Pauperes
844 2794 949 2876 ejectos
962 2793 1143 2859 introducas
1155 2795 1297 2872 doncuria,
1309 2797 1360 2860 bc.
1376 2792 1544 2860 &ocante
1556 2807 1612 2860 nro

142 2903 211 2948 non
231 2882 404 2948 abscondar
420 2895 455 2948 lc.
481 2885 511 2946 2.
534 2883 616 2964 Quia
632 2883 778 2948 Christus
792 2882 900 2948 Mallia.
915 2882 967 2946 25.
980 2903 1008 2946 o.
1025 2883 1076 2948 35.
1090 2883 1323 2966 benignitatem
1336 2884 1522 2968 peregrinis,
1539 2887 1611 2948 tan·

143 2993 242 3058 quam
266 2970 328 3036 sibi
340 2972 528 3056 praestitam
547 2971 719 3036 novissimo
732 2971 782 3035 dic
795 2971 1007 3054 profitebitur,
1020 2971 1310 3036 &remuneraturus
1325 2977 1382 3036 est.
1397 2974 1426 3035 3.
1454 2973 1538 3054 Quin
1550 2972 1610 3038 Pe·

143 3059 302 3146 regrinus,
327 3059 440 3125 Frater
466 3065 574 3125 noster
595 3064 644 3125 est
667 3060 842 3144 &ejusdem
853 3059 928 3123 fidei
940 3081 1083 3124 consors:
1098 3080 1174 3143 ergo
1186 3059 1218 3124 ri
1231 3060 1461 3126 communionis
1478 3059 1609 3126 Sancto-

143 3171 218 3214 rum
229 3147 352 3233 (confer
367 3150 390 3214 b
406 3153 513 3232 repete
525 3149 578 3213 hic
590 3152 705 3216 Locum
717 3169 828 3214 corum.
841 3149 879 3213 dc
896 3149 1123 3214 Communione
1135 3148 1336 3232 Sanctorum)
1356 3148 1406 3213 illi
1426 3172 1610 3215 succurren-

142 3237 220 3301 dum
233 3241 291 3302 est.
315 3235 403 3301 Sina
418 3237 479 3302 fide
496 3237 628 3315 alienus,
645 3238 732 3302 carni
746 3242 875 3302 nostrae
888 3237 912 3302 b
923 3237 1069 3321 proximo
1079 3259 1141 3302 non
1157 3259 1325 3320 possumus
1344 3259 1402 3302 nos
1413 3239 1609 3320 abscondere,

141 3327 222 3391 lesu.
248 3327 298 3390 58.
323 3347 352 3390 u.
378 3325 407 3390 7.
424 3323 515 3401 Quod
533 3326 631 3392 etiam
643 3325 792 3391 Servatur
806 3327 965 3391 inculcare
979 3325 1089 3404 voluit,
1105 3326 1258 3410 parabola
1269 3326 1307 3391 de
1323 3324 1524 3393 Samaritano
1536 3329 1609 3393 Luc.

145 3416 199 3480 10.
215 3451 253 3462 -
273 3416 305 3478 4.
333 3413 416 3494 Quia
428 3414 542 3479 similis
557 3415 694 3480 conditio
707 3419 816 3480 nostra
828 3437 885 3480 nos
901 3419 1017 3493 monet,
1031 3419 1068 3479 ut
1078 3435 1234 3480 memores
1243 3415 1342 3480 simus
1353 3413 1610 3501 Peregrinorum,

140 3508 298 3587 tanquam
318 3503 378 3586 ipsi
403 3503 577 3589 Peregrini.
603 3504 793 3590 Peregrinus
818 3526 878 3589 ego
890 3525 962 3568 sum
973 3504 1007 3567 in
1018 3507 1114 3582 terra,
1126 3504 1176 3569 bc.
1192 3506 1245 3570 Ps.
1260 3505 1333 3568 119.
1346 3525 1375 3568 o.
1395 3505 1445 3570 19.
1459 3525 1523 3570 sese
1531 3526 1609 3590 pro-
1723 3561 1727 3568 .

141 3593 218 3678 lessi
239 3593 420 3678 pereprinos
443 3590 474 3658 a·
495 3593 633 3658 odoenus
647 3615 711 3658 esse
734 3594 770 3658 in
794 3604 885 3659 terra.
910 3591 1011 3658 Hebr.
1028 3592 1078 3657 11.
1092 3615 1121 3656 v.
1139 3593 1187 3656 13.
1204 3592 1362 3658 &snmus
1375 3614 1443 3672 nos,
1456 3594 1532 3660 dum
1549 3596 1610 3660 ud·

141 3701 257 3747 snmus
267 3681 302 3745 iu
313 3701 449 3765 corpore,
460 3701 587 3767 percpre
601 3682 738 3748 abessen
749 3682 897 3748 Domino.
917 3683 936 3745 2
953 3680 1096 3746 Corinth.
1111 3682 1141 3746 5.
1151 3704 1180 3746 r.
1192 3681 1221 3745 6.
1231 3720 1269 3729 —
1279 3683 1308 3746 5.
1322 3683 1406 3763 Quia
1413 3681 1565 3747 collectae
1575 3683 1609 3748 in

142 3769 287 3835 Ecclesit
310 3768 495 3854 apostolica,
520 3793 577 3854 pro
593 3771 797 3856 Peregrinis,
822 3771 876 3835 sed
892 3771 965 3834 fidei
978 3769 1198 3835 communione
1211 3769 1388 3850 Fratribus,
1401 3770 1521 3836 fractae
1533 3776 1608 3836 sunt

141 3859 233 3926 Rern.
259 3859 311 3923 15.
333 3879 362 3924 o.
387 3858 441 3923 25.
465 3858 516 3923 26.
542 3861 561 3922 2
586 3859 766 3926 (3011111118.
781 3898 818 3907 -
835 3859 866 3924 6.
881 3860 964 3941 Quia
975 3858 1077 3924 virtus
1089 3858 1319 3942 hospitalitatis
1331 3862 1498 3943 tantopere
1514 3881 1608 3924 com-

141 3948 293 4012 mendata
304 3947 397 4012 Hebr.
418 3948 467 4010 13.
481 3948 607 4032 proprie
620 3952 764 4013 versatur
775 3949 858 4013 circa
869 3948 1062 4032 peregrinos.
1077 3946 1125 4011 De
1137 3951 1201 4031 qua
1215 3947 1241 4031 ἓ.
1254 3948 1398 4031 precinui
1408 3967 1494 4034 sequ.

188 4034 246 4100 IV.
275 4034 398 4116 Quasi.
424 4034 474 4102 :ln
493 4037 623 4122 Captivi,
647 4037 855 4122 ἀερονιαιὶαά
869 4036 1388 4102 metulluouludrcmordamnnli
1399 4037 1609 4126 Elcernospnis

140 4125 355 4191 saturandi?
378 4126 468 4208 Resp.
492 4123 629 4190 Omnino
656 4125 774 4190 Matth.
803 4127 855 4190 25.
879 4148 909 4190 v.
938 4127 990 4189 36.
1000 4127 1036 4190 in
1050 4145 1277 4204 earcercerum,
1291 4127 1341 4191 be.
1357 4123 1454 4190 Hebr.
1471 4127 1522 4190 13.
1534 4149 1563 4192 v.
1577 4129 1607 4192 3.

140 4234 294 4281 numeres
315 4225 406 4280 calore
430 4216 634 4299 captiuorum,
658 4215 707 4280 bc.
738 4213 909 4300 Apostolus
933 4213 1094 4298 praedicat
1110 4213 1337 4278 liberalitatem
1349 4212 1606 4298 Philippensium

140 4326 221 4390 erga
245 4325 278 4368 se
294 4303 455 4388 captivum
468 4303 609 4388 Philipp.
623 4303 653 4368 4.
666 4325 695 4368 υ.
710 4303 848 4368 10--15,
873 4304 1015 4370 lustinus
1028 4303 1198 4390 Martyria
1213 4303 1342 4388 Apolop.
1355 4303 1398 4368 od
1409 4303 1609 4371 Antoninum

144 4395 239 4459 Pium
263 4393 386 4478 agenda
409 4391 441 4455 in
454 4393 660 4457 conventibus
673 4391 926 4456 Christianorum
941 4392 1119 4456 describens
1136 4392 1202 4456 ait:
1221 4391 1419 4473 ,Caeterum
1434 4392 1489 4478 qui
1501 4394 1607 4477 copio-

1494 4503 1610 4561 ,riores
