3736 4860
288 295 402 360 Tuacr.
415 294 447 360 ΙΙ
481 294 567 384 Sace,
581 295 640 360 Ill.
664 293 712 357 De
725 294 1007 358 Aonrursraartous
1020 293 1178 358 Barmsur.
1202 293 1272 357 Otr.
1286 291 1343 356 IV.
1483 291 1557 355 rtrf

93 485 129 560 ,t
144 483 279 558 sublato,
293 503 408 564 aquam
421 480 466 545 ita
480 480 700 558 infundebant,
723 484 758 544 ut
774 481 898 544 nullum
921 479 1009 572 aliud
1024 480 1203 545 membrum
1216 479 1399 562 attingeret.
1414 477 1481 542 Nec
1494 479 1545 542 de·

93 574 235 650 ,fuerunt
262 571 346 634 inter
368 570 451 649 illos,
465 570 520 656 qui
533 569 632 633 alium
645 569 802 653 Baptismi
816 569 912 632 ritum
922 569 1110 634 invenirent.
1135 567 1337 652 Longissima
1353 567 1436 630 enim
1449 567 1548 631 fasciis

93 685 178 738 ,eum
190 659 222 723 in
239 682 332 723 usum
344 663 457 742 parata
470 663 725 742 corrsecrataque,
742 658 936 722 hominemb
951 664 1077 740 pectore
1090 681 1190 743 usque
1208 657 1248 720 ad
1261 661 1418 720 extremos
1431 656 1547 739 pedum

93 749 256 826 „articulos
280 748 494 826 involvebant,
518 751 588 811 tum
616 747 727 810 deinde
751 747 929 832 superiores
952 748 1091 831 corporis
1121 751 1226 829 partes
1250 750 1333 830 aquit
1349 745 1547 827 proluebant.

90 839 179 904 Mitto
202 859 286 901 nunc
310 837 572 920 baptizandorum
596 839 774 919 respectum
787 836 827 899 ad
838 834 1013 914 Orientem,
1027 836 1139 919 capitis
1151 835 1389 898 inclinationem
1406 834 1549 918 aliosque

89 927 214 992 inutiles
238 924 432 991 ceremonias
456 925 521 988 sive
538 925 689 1008 antiquis,
713 925 778 988 sive
794 923 917 1002 mediis,
939 924 1004 988 sive
1025 925 1112 988 novis
1125 923 1332 1006 temporibus,
1342 923 1410 1006 jam
1423 923 1495 986 inde
1509 923 1548 985 ab

89 1015 165 1102 ἀκμῇ
188 1015 330 1098 Papatus
353 1014 498 1078 usitatas.
523 1013 608 1088 Quas
633 1013 702 1077 vide
723 1015 808 1096 apud
830 1013 897 1077 lob.
916 1015 1061 1097 Larapara
1089 1015 1123 1078 in
1146 1024 1347 1076 conanentar.
1375 1012 1418 1075 ad
1433 1011 1550 1076 thstini

89 1107 167 1189 apol.
179 1104 223 1168 ad
234 1104 351 1168 Antan.
369 1103 546 1168 Pometiam
560 1103 594 1166 in
609 1104 695 1170 blatis
707 1103 749 1166 ad
766 1103 951 1168 Tertulliani
964 1103 1092 1167 Libram
1104 1103 1141 1166 dc
1152 1102 1352 1185 Baptismop.
1364 1099 1549 1163 284-292,

92 1195 262 1260 (luidonem
276 1194 310 1256 in
328 1193 502 1275 blaa-ipalo,
518 1193 590 1257 Gal.
612 1192 821 1257 turstanum
834 1192 871 1255 de
886 1203 1001 1275 septem
1028 1191 1249 1266 Sacramentis,
1269 1190 1336 1252 lob.
1355 1189 1551 1272 Stqrbarurm
1621 1191 1625 1201 '

90 1285 281 1348 Darantam.
297 1280 350 1357 Et,
362 1281 417 1363 qui
437 1280 543 1344 onmia
566 1303 605 1344 ex
625 1281 772 1344 omnibns
785 1303 822 1344 ex
836 1279 978 1363 professo
994 1281 1157 1344 corradere
1170 1283 1300 1342 conatus
1314 1281 1371 1352 est,
1383 1278 1551 1360 Joscpbnra

99 1372 297 1436 Vicecomitem
327 1371 363 1434 de
386 1369 534 1454 dntiqais
559 1370 715 1454 Baptisrai
733 1369 862 1434 attilus.
890 1367 1130 1452 Aliquasetiam
1147 1367 1279 1449 attingit
1294 1367 1469 1432 Cassander
1481 1378 1551 1450 post

92 1473 171 1525 tract.
192 1459 231 1524 de
244 1460 408 1542 Baptistae
425 1460 602 1542 Iusantuur.
624 1480 698 1542 pag.
714 1459 786 1521 699.
802 1480 809 1522 :
834 1458 889 1521 ubi
902 1462 1069 1521 consuetas
1083 1481 1156 1521 suas
1169 1457 1370 1539 palliationes
1384 1455 1406 1519 dr
1421 1478 1551 1518 excusa-

92 1549 186 1612 tiones
200 1548 340 1632 ingenua
352 1547 547 1611 confessione
561 1546 718 1610 concludit
732 1569 739 1610 :
755 1549 825 1614 tlon
837 1548 992 1611 nescimus
1004 1559 1106 1611 aretem
1122 1547 1156 1610 ia
1172 1545 1444 1610 administratione
1455 1544 1551 1620 baius

92 1637 277 1702 divinissimi
301 1637 489 1701 sacramenti
509 1636 664 1720 quaedam
689 1637 834 1700 indecora
845 1635 876 1701 a·
889 1636 1021 1719 indipnu
1034 1637 1173 1700 admitti:
1193 1635 1246 1710 sed
1259 1655 1338 1718 qrtae
1348 1633 1391 1698 ad
1402 1634 1552 1698 substan-

93 1727 160 1790 tiam
174 1728 276 1810 ipsam
291 1727 478 1790 sacramenti
493 1746 557 1788 reon
566 1725 732 1808 pertusant,
746 1746 825 1810 qrcae
836 1745 901 1787 nou
913 1725 1122 1808 deserrtlimas,
1140 1723 1365 1808 societatemn.

132 1817 158 1899 §-
169 1817 200 1878 2.
217 1813 374 1898 Adjuncta
387 1813 546 1897 Baptismi
559 1813 788 1888 antecedentia,
801 1813 1057 1888 concomitantia,
1071 1812 1295 1894 consequentia
1307 1833 1403 1893 quam
1415 1809 1553 1894 plurima

92 1907 295 1968 numerantur
310 1905 329 1966 a
347 1903 495 1980 Pautalia,
508 1903 576 1966 tot.
590 1903 747 1987 Stephano
761 1903 916 1977 Detracta,
933 1903 1085 1968 Gulielom
1099 1901 1285 1978 Parisimsi,
1301 1901 1452 1976 (luidone,
1474 1900 1553 1962 l'icc-

92 1993 194 2057 marite
206 1993 298 2055 modo
311 1992 360 2055 cit.
373 1991 462 2066 Quae
474 1991 625 2075 pleraque
638 2014 695 2054 nos
706 1994 860 2074 tanquam
872 1989 1060 2058 «ἐπεισάκτους
1071 1991 1236 2054 hominum
1248 1989 1435 2053 traditiones
1447 1990 1469 2054 bt
1479 2009 1553 2050 con-

93 2080 281 2158 suetudines,
304 2081 425 2144 cultum
442 2079 584 2143 divinum
600 2084 767 2144 onerantes
781 2084 836 2143 aut
848 2083 1096 2161 corrumpentes,
1113 2083 1177 2142 und
1188 2079 1285 2142 litura
1302 2077 1434 2140 delenda
1446 2098 1553 2140 cense-

94 2193 179 2234 mus:
196 2175 233 2234 ut
250 2169 289 2232 ad
306 2169 501 2252 primaevam
516 2168 678 2232 Ecclesiae
700 2169 892 2251 apostolicae
913 2167 1161 2250 simplicitatem,
1182 2167 1297 2241 onmia,
1314 2170 1469 2249 quantum
1486 2165 1554 2228 lieri

94 2263 211 2342 potest3
227 2263 423 2322 revocentur.
449 2255 485 2320 ld
497 2258 582 2320 enim
594 2280 703 2321 rerum
716 2257 906 2340 quodprius,
921 2257 1040 2340 &quod
1052 2257 1092 2320 ab
1106 2256 1279 2340 Apostolis.
1292 2257 1475 2319 Laneelotus
1487 2254 1555 2318 Aa·

94 2349 187 2412 draus
197 2348 232 2411 in
247 2347 414 2436 opusculis
424 2347 601 2430 positionis
614 2348 648 2410 iu
657 2347 811 2411 stria-aris
823 2367 876 2410 seu
891 2348 981 2429 desp.
994 2347 1037 2409 ad
1050 2346 1179 2410 bordin.
1195 2345 1331 2411 Per-roni
1342 2365 1409 2428 cap.
1426 2344 1475 2407 18,
1489 2342 1554 2407 Lib.

97 2438 123 2500 l.
141 2457 214 2520 pap.
238 2437 287 2498 13.
306 2457 434 2500 causam
455 2439 564 2500 contra
582 2435 766 2499 Pontificios
783 2439 921 2512 acturus,
940 2434 1082 2498 concedit
1097 2433 1246 2510 chrisma,
1267 2433 1378 2511 salem,
1398 2432 1555 2508 candelas,

78 2607 81 2614 .
96 2525 290 2602 exorcismos,
307 2525 435 2608 signum
448 2523 558 2599 crucis
571 2523 732 2608 Epphata,
745 2523 1012 2588 consecrationem
1026 2545 1136 2606 aquae,
1151 2545 1218 2588 esse
1230 2523 1264 2586 in
1276 2525 1434 2605 potestate
1446 2520 1555 2584 Eccle-

96 2614 164 2689 siae,
177 2614 201 2678 ἃ
214 2635 305 2697 posse
319 2613 359 2676 ab
373 2617 410 2676 ed
422 2613 552 2676 retineri
568 2617 624 2676 aut
636 2613 764 2676 nurtari.
782 2611 843 2676 Sed
854 2610 930 2676 talis
947 2611 1106 2675 concessio
1118 2611 1252 2674 aliarum
1266 2609 1474 2674 traditionum
1488 2609 1555 2672 lon·

96 2703 259 2786 gissimum
272 2723 389 2786 syrma,
406 2704 428 2766 a
441 2700 551 2785 quidni
565 2703 693 2765 tandem
705 2701 821 2766 bonam
834 2705 958 2784 partem
970 2701 1112 2784 Papatus
1125 2704 1196 2782 post
1209 2723 1242 2763 se
1254 2698 1405 2762 traheret.
1435 2696 1483 2760 De
1497 2698 1557 2760 hu-

98 2791 196 2855 manis
205 2789 391 2856 ceremoniis
400 2790 432 2852 in
446 2811 561 2874 genere
575 2790 597 2853 bt
610 2792 647 2854 de
661 2790 821 2874 plerisque
835 2793 852 2852 ir
865 2789 1084 2854 Lancelctohic
1093 2789 1258 2864 concessis
1267 2809 1363 2870 supra
1372 2786 1557 2850 fuse'actum

102 2882 196 2946 Tract.
223 2881 250 2943 1.
267 2881 287 2942 d
303 2901 370 2962 cap.
388 2881 418 2940 3.
435 2900 535 2964 usqae
549 2880 724 2965 adfinem:
744 2882 766 2944 b
782 2878 917 2942 antehac
929 2878 966 2941 de
979 2901 1079 2954 curce,
1093 2877 1277 2951 exorcismo,
1295 2877 1318 2940 b
1334 2897 1435 2958 aquae
1448 2896 1557 2937 conse-

96 2969 231 3032 cratione
253 2967 285 3030 in
306 2969 336 3030 3.
360 2967 450 3033 Part.
467 2967 524 3033 Set.
545 2969 659 3052 Dispp.
680 2967 881 3031 Exorcismos
898 2966 1181 3042 &exsufflationes
1196 2965 1265 3028 ut&
1281 2962 1509 3028 catechismum
1522 2985 1558 3026 ac

16 3111 17 3120 ,
98 3057 322 3122 confessionem
336 3056 410 3119 fidei
422 3056 558 3120 absurde
569 3055 733 3140 praemitti
746 3056 912 3139 Baptismo
925 3053 1099 3130 lassatum,
1114 3053 1163 3117 vel
1177 3051 1557 3136 exipsisceremoniarmn

99 3145 226 3210 istarum
240 3144 435 3208 Rationariis
451 3145 594 3209 evincere
607 3167 783 3228 possumus.
800 3143 852 3208 Sic
864 3145 949 3208 enim
962 3144 999 3206 de
1013 3142 1076 3206 illis
1089 3141 1110 3205 J
1112 3142 1163 3205 oh.
1178 3141 1327 3225 Baptista
1340 3141 1377 3204 de
1391 3139 1512 3204 Rubeis
1526 3140 1558 3203 in

99 3257 174 3300 novo
192 3233 354 3298 Rationali
367 3233 546 3297 divinorum
559 3233 744 3297 Officiorum
758 3233 814 3296 lib.
830 3236 857 3295 l.
871 3255 938 3319 cap.
955 3233 1005 3294 20.
1020 3252 1093 3316 pag.
1107 3231 1160 3295 42.
1174 3233 1204 3293 b.
1220 3233 1383 3313 Quantam
1395 3230 1437 3294 ad
1448 3250 1559 3292 seran-

98 3324 168 3388 dam
181 3323 433 3388 ceremoniarum
447 3323 605 3406 Baptismi
616 3324 847 3406 repositionem,
861 3322 1036 3386 erotundata
1050 3333 1092 3385 est
1108 3321 1191 3405 qrrcd
1208 3321 1239 3384 in
1253 3319 1413 3404 primitied
1428 3318 1560 3383 Ecclesia

98 3411 484 3498 qrtaadobaptizabautur,
493 3413 703 3487 erotundata,
716 3409 817 3495 ttipsi
824 3410 1060 3493 respondebant,
1073 3409 1126 3474 sed
1135 3410 1230 3492 prius
1242 3407 1487 3472 instruebamur.
1498 3405 1560 3470 Hic

16 3559 17 3564 ,
98 3501 181 3566 vides
197 3502 237 3564 ad
253 3501 378 3564 adultos
402 3501 561 3583 pertinere
582 3499 806 3564 catechismum
827 3499 1109 3564 &instructionem
1130 3496 1418 3581 praeparatoriam;
1441 3497 1463 3560 la
1486 3495 1561 3558 fidei

16 3655 17 3660 ,
99 3589 296 3654 Christianae
316 3589 555 3664 contessionem,
570 3611 664 3671 quam
683 3589 722 3652 ad
737 3588 916 3673 propositas
933 3587 1133 3669 quaestiones
1146 3587 1349 3668 responsione
1361 3592 1413 3642 rob
1425 3584 1560 3657 creda&

100 3678 281 3742 recitatione
298 3677 455 3740 formulae
476 3678 548 3741 fidei
567 3700 622 3740 seu
635 3677 771 3760 symboli
785 3677 930 3740 edebant.
959 3675 1037 3739 Vide
1052 3676 1139 3758 infra
1150 3675 1188 3739 de
1201 3674 1352 3738 Cotecbesi
1364 3672 1395 3738 a·
1412 3672 1561 3736 Catecba-

16 3767 17 3796 ³
101 3769 218 3842 tamis;
239 3768 261 3832 b
282 3766 320 3830 de
339 3766 484 3851 Sprrrbolo
503 3767 582 3830 dieto
600 3767 817 3850 Apostolorum
838 3765 929 3848 Disp.
949 3775 1090 3828 rtostrara
1103 3785 1185 3826 anno
1200 3765 1295 3826 1636.
1308 3763 1341 3824 iu
1361 3763 1388 3824 l.
1404 3761 1494 3826 Part.
1508 3761 1561 3824 sel.

16 3847 17 3930 l
100 3857 207 3940 Dispp.
220 3879 231 3930 ;
243 3857 266 3921 b
279 3877 360 3938 quae
373 3858 482 3938 postea
496 3877 578 3918 anno
594 3856 689 3919 lata.
704 3855 794 3920 Gerb.
808 3855 875 3918 tot.
898 3855 1019 3918 Vossius
1032 3853 1069 3918 de
1081 3852 1236 3938 Spurbolis
1251 3854 1483 3916 Corneaentatas
1496 3853 1560 3923 est;

16 4019 18 4030 Ι
99 3944 210 4028 &post
226 3967 298 4008 eum
325 3943 467 4009 blaserias
485 3945 519 4007 in
543 3945 699 4026 Opusculo
717 3944 755 4009 de
772 3944 932 4009 Rorrtaaac
950 3943 1099 4006 Ecclesiae
1110 3940 1264 4026 Symbola,
1278 3940 1331 4005 aa
1346 3940 1479 4024 aliisque
1490 3939 1563 4023 fidei

16 4103 17 4124 χ
99 4034 244 4115 terrasilis
262 4045 329 4097 tam
349 4032 388 4096 ab
412 4033 658 4098 Ocridentalibas
672 4045 735 4096 tam
754 4032 792 4096 ab
808 4031 1019 4096 Orientalibus
1033 4031 1066 4094 ia
1076 4031 1183 4112 prinrd
1195 4027 1339 4093 catechesi
1352 4027 1382 4091 a·
1398 4027 1562 4110 Baptismc

16 4193 17 4202 ,
98 4125 232 4206 proponi
248 4122 346 4185 solitis
362 4143 444 4184 anno
461 4121 555 4184 roba.
569 4144 640 4186 cum
657 4123 792 4205 ejusdem
810 4119 1015 4202 Clrronolopid
1030 4119 1122 4181 editi.
1149 4117 1197 4181 De
1211 4116 1434 4181 exsufflatione
1447 4118 1469 4180 d
1482 4117 1562 4198 reje-

16 4255 17 4300 1
105 4212 221 4286 ,ctione
240 4209 387 4286 Satanae,
404 4232 500 4293 quam
517 4211 627 4276 Rubris
640 4211 814 4274 exorcismo
828 4208 1001 4292 conjungit,
1015 4207 1060 4270 sic
1076 4206 1232 4289 loquitur:
1247 4204 1369 4269 Rursus
1382 4204 1561 4287 interroga-

16 4317 17 4348 t
105 4302 182 4376 ,tna
202 4301 230 4364 si
250 4299 454 4362 abrenuntiat
474 4299 610 4378 diabol0,
631 4300 755 4382 pompis
768 4297 967 4380 fallaciisque
980 4296 1135 4372 mundi&
1152 4295 1238 4358 illius
1251 4294 1410 4377 operibus,
1426 4298 1461 4356 ut
1473 4293 1561 4374 prius

16 4447 18 4486 ὴ
105 4411 273 4474 ‚respuens
286 4410 434 4467 errorem,
448 4388 642 4474 &abnegans
655 4387 853 4472 impietatem
867 4386 906 4450 ad
916 4384 1081 4450 veritatem
1092 4383 1221 4464 Christi,
1230 4383 1463 4531 veritatemquel
1471 4383 1563 4465 (puto

16 4489 18 4500 '
1432 4490 1562 4554 ,egen-
