3768 4842
276 311 439 380 Tuscu.
475 313 501 382 Ι.
536 313 595 378 De
629 313 853 421 Eecqura
888 313 1148 380 lusrrrura
1184 313 1276 380 Cae.
1313 312 1366 378 ΙΙ.
1513 313 1554 378 25

85 497 214 581 mininis
239 499 378 564 sanant.
402 499 499 564 Posse
524 504 629 590 autem
654 500 829 565 Ecclesiam
841 500 1053 565 essentialiter
1064 522 1132 564 esse
1145 499 1329 578 Ecclesiam,
1346 499 1473 564 etiamsi
1489 522 1552 564 non

85 587 121 650 sit
139 588 174 652 iu
188 587 348 670 explicita
360 590 580 654 communione
593 593 616 656 a
631 590 908 674 correspondentia
921 590 1081 674 synodica,
1093 589 1190 654 verbo
1202 588 1411 664 indicavimus
1425 589 1460 652 in
1472 590 1553 674 disp.

87 677 118 740 dr
130 675 302 744 uastitas
314 677 369 744 dc.
382 682 405 746 dr
417 678 470 742 hic
485 678 782 763 praesupponimus.
796 678 878 743 -V.
893 681 1026 746 Ratione
1037 680 1231 764 quantitatis,
1242 678 1305 742 alia
1314 682 1488 762 estmagna
1498 701 1554 744 seu

88 766 249 848 bequens.
277 767 343 831 alia
358 791 456 851 parva
468 791 524 832 seu
535 768 727 852 infrequens.
744 767 888 852 Utraque
904 790 1031 832 rursum
1046 769 1120 832 talis
1133 772 1191 847 est,
1204 767 1254 832 vel
1270 767 1392 831 ratione
1404 766 1553 851 frequen-

90 855 145 918 tiae
158 855 345 920 incolarum
357 856 390 919 in
401 857 511 922 eadem
528 858 708 924 districtu&
724 858 803 934 loco,
817 861 853 920 ut
866 859 958 942 [pag.
974 857 1032 942 25]
1045 857 1164 934 urbica,
1178 857 1347 940 oppidana,
1359 857 1486 921 vicaria:
1503 857 1554 922 vel

74 934 209 1008 'maone
235 944 439 1028 frequentiae
455 949 511 1010 aut
523 946 755 1030 infrequentiae
771 945 983 1012 infidelium&
1000 946 1150 1017 hostium.
1164 943 1215 1009 Sic
1231 946 1264 1008 in
1277 945 1402 1030 magnis
1418 945 1553 1009 urbibus

89 1023 168 1116 apud
193 1057 255 1097 nos
269 1034 439 1117 aliquando
451 1057 508 1118 pra
521 1035 642 1099 ratione
659 1034 872 1098 multitudinis
885 1035 1061 1099 incolarum
1073 1042 1190 1126 parJvae
1201 1037 1275 1099 sunt
1287 1033 1463 1111 Ecclesiam
1477 1035 1553 1117 quia

90 1121 232 1206 plerique
256 1122 342 1186 cives
365 1125 484 1206 partim
511 1123 636 1188 sectarii
663 1127 746 1201 sunt,
760 1124 878 1207 partim
890 1123 1046 1189 Libertini
1066 1124 1244 1190 &hemines
1264 1123 1425 1188 mundani.
1441 1162 1482 1171 -
1495 1123 1550 1188 Vl.

90 1213 217 1276 daticrte
240 1213 457 1291 mritiaattiae,
481 1236 536 1277 seu
559 1213 698 1307 adjuncti
725 1213 926 1291 continentis,
955 1212 1018 1278 alia
1041 1213 1133 1277 estin
1146 1211 1263 1277 Potitia
1279 1212 1374 1290 civili,
1388 1235 1553 1296 quaecum

90 1299 231 1366 Ecclesia
256 1303 460 1376 convertitur,
479 1301 569 1385 eique
581 1302 665 1386 quod
678 1303 716 1365 ad
732 1301 899 1366 materiam
911 1325 967 1366 seu
979 1325 1092 1386 corpus
1109 1303 1285 1386 adaequata
1300 1305 1357 1365 est.
1371 1299 1447 1366 Alia
1459 1305 1508 1366 est
1519 1301 1552 1365 in

90 1387 204 1454 Potitia
227 1412 293 1454 non
316 1391 492 1474 reciproca:
510 1391 573 1455 -ubi
588 1390 702 1475 religio
713 1393 735 1456 dr
748 1390 890 1456 Ecclesia
901 1390 1076 1456 orthodoxa
1091 1388 1159 1455 sola
1171 1390 1298 1474 quidem
1315 1394 1363 1454 est
1375 1390 1511 1473 publica,
1529 1393 1552 1456 d

89 1479 201 1564 religio
225 1489 324 1562 atque
346 1479 489 1544 Ecclesia
511 1483 625 1559 status,
648 1479 703 1544 alii
715 1483 828 1544 'tamen
843 1485 932 1544 extra
944 1503 1013 1545 eam
1026 1501 1175 1573 segreges
1191 1481 1298 1544 coetus
1310 1479 1548 1562 permittuntur.

91 1567 160 1632 ttia
184 1569 220 1631 in
244 1566 364 1632 Potitia
386 1569 588 1643 heterodoxis,
613 1571 667 1632 sed
684 1591 790 1634 veram
802 1568 978 1634 Ecclesiam
993 1570 1148 1634 tolerante
1161 1568 1410 1651 &permittente
1427 1566 1502 1632 Alia
1517 1568 1551 1632 in

89 1655 204 1733 Politia
233 1657 432 1734 aduersante,
460 1680 520 1722 non
545 1658 759 1742 permittente.
779 1661 905 1722 Priusne
920 1660 1101 1742 exemplum
1113 1654 1198 1722 dedit
1210 1657 1353 1721 Ecclesia
1365 1655 1549 1737 Isratlitiea,

89 1749 109 1810 lr
130 1746 309 1810 hodiernae
330 1747 511 1825 nonnullae,
525 1770 551 1811 e.
564 1769 613 1832 gr.
627 1746 828 1822 Genevensis,
845 1746 1039 1823 Helveticae,
1053 1745 1250 1832 Anglicanae
1265 1745 1324 1810 sub
1341 1745 1466 1829 Regina
1480 1745 1550 1810 Eli-

89 1835 242 1900 zabetha:
256 1835 354 1931 ubipd
375 1859 407 1899 m
419 1858 532 1919 corpus
541 1837 753 1901 constituebat
764 1835 940 1900 Ecclesiam
952 1839 974 1902 tr
987 1836 1145 1907 Politiam.
1156 1836 1322 1911 Secundae,
1333 1833 1482 1899 exhibent
1491 1835 1551 1899 Ec·

90 1906 201 1988 deside
213 1905 343 1988 nostrae
351 1858 510 2010 Eelgicae.
528 1920 654 2002 Tertittc,
666 1924 872 1990 Ecclesiaein
880 1924 992 2010 Regno
1001 1923 1134 1990 Galliae.
1144 1927 1291 2008 Qturrtae,
1301 1924 1461 1988 Ecclesiae
1470 1947 1552 2008 quae
1597 1949 1607 1977 ⁰

89 2011 178 2077 hodie
191 2012 343 2097 plurimis
354 2013 387 2077 in
400 2014 486 2092 locis,
498 2014 551 2079 hic
563 2036 625 2078 non
638 2013 847 2090 nominandis
861 2014 973 2097 majori
990 2019 1045 2079 aut
1057 2014 1171 2078 minori
1184 2036 1255 2078 cum
1267 2013 1407 2097 periculo
1420 2015 1443 2079 t
1455 2035 1551 2077 vexa·

90 2101 173 2166 tione
198 2102 377 2166 etiamnum
401 2107 636 2181 conservantur,
660 2103 769 2188 quales
791 2104 888 2187 paulo
903 2107 977 2168 ante
993 2105 1203 2169 clandestinas
1216 2102 1362 2168 diximus.
1376 2101 1552 2166 Daharum

90 2191 285 2271 collectione,
310 2193 550 2276 propaga-tione,
563 2191 809 2269 conservatione,
822 2193 986 2278 regimine,
999 2193 1176 2258 ministerio
1187 2196 1238 2260 dc.
1251 2191 1331 2256 varii
1343 2214 1433 2256 casus
1446 2194 1551 2257 &con-

91 2280 278 2344 sultationes
303 2280 419 2364 agitari
443 2286 592 2364 possunt3
605 2281 729 2365 quibus,
743 2282 862 2346 utute
875 2281 1020 2365 opposita
1036 2283 1185 2346 missione
1197 2284 1220 2348 d
1232 2281 1447 2365 negotiatione
1463 2281 1551 2344 clan-

92 2369 212 2432 destina
235 2367 390 2452 Papatus,
414 2373 437 2436 tr
460 2372 613 2454 quomodo
636 2371 693 2458 illa
706 2369 935 2434 Ecclesiasticis
948 2393 984 2435 ac
1000 2370 1141 2435 Politicis
1153 2371 1265 2436 mediis
1281 2369 1428 2453 impediri
1439 2370 1550 2453 possit,

94 2459 176 2522 Part.
187 2458 219 2520 3.
230 2457 353 2541 aliquid
362 2459 527 2524 dicendum
536 2460 605 2524 erit.
617 2498 655 2506 -
666 2457 739 2523 VII.
753 2461 882 2525 Ratione
893 2462 1101 2536 coarmaiottic,
1112 2483 1167 2524 seu
1179 2460 1319 2543 adjuncti
1334 2460 1475 2538 connexi,
1487 2459 1552 2524 alia

93 2548 138 2610 est
149 2567 231 2630 quae
243 2551 390 2611 versatur
401 2547 485 2612 inter
496 2549 647 2626 infideles,
661 2552 717 2612 aut
730 2549 913 2612 idololatras
926 2553 982 2612 aut
994 2548 1169 2613 haereticos
1181 2573 1187 2624 ;
1198 2549 1261 2613 alia
1274 2571 1355 2632 quae
1364 2546 1431 2611 sola
1440 2551 1497 2627 est,
1505 2547 1552 2614 ita

93 2639 126 2698 ut
148 2635 295 2718 quamvis
315 2635 397 2700 forte
409 2635 479 2702 istic
491 2638 550 2702 loci
563 2637 708 2702 habitent
724 2636 853 2720 quidam
870 2638 909 2702 ab
925 2637 1068 2702 Ecclesia
1080 2639 1232 2716 extranei,
1244 2637 1349 2703 nullos
1361 2640 1467 2702 tamen
1480 2659 1550 2701 coe-

94 2727 152 2800 tus.
163 2724 256 2788 nulla
272 2725 423 2789 exercitia
435 2725 572 2790 habent:
585 2727 700 2790 nedum
710 2730 894 2804 utnumero,
903 2727 1056 2811 potentia,
1065 2730 1087 2792 a
1096 2731 1253 2810 potestate
1263 2726 1550 2810 praedominantur.

96 2811 197 2896 Atque
208 2813 263 2877 hic
278 2814 407 2878 modum
419 2816 631 2894 concionandi,
648 2815 847 2898 disciplinam
860 2816 1043 2900 exequendi,
1057 2817 1182 2901 aliaque
1195 2816 1317 2901 agenda
1328 2814 1551 2880 Ecclesiastico

95 2901 293 2984 aliquatenus
302 2903 425 2968 sanare
434 2927 559 2969 necesse
569 2909 626 2969 est.
637 2933 677 2952 -·-
687 2903 779 2968 Vlll.
788 2905 917 2970 italicae
929 2908 1085 2988 temporis,
1095 2905 1158 2970 alia
1171 2910 1218 2970 est
1230 2905 1466 2988 antiquae,tum
1475 2927 1551 2986 apo-

96 2990 232 3066 stolicae,
240 2996 313 3055 tim
321 2992 552 3077 subsequentis,
563 2994 625 3058 alia
635 2993 840 3058 intermediae
851 2994 975 3067 aetatis,
987 2994 1128 3059 aliaante
1136 2994 1403 3066 reformationem,
1411 2991 1552 3074 aliapost

98 3101 219 3145 eam—
230 3079 289 3144 IX.
302 3081 431 3146 Ratione
442 3084 499 3146 laci
511 3082 541 3148 d·
549 3084 627 3148 sitas
639 3083 671 3147 in
680 3083 810 3165 antiquo
822 3081 956 3166 imperio
968 3081 1127 3160 Romano,
1135 3083 1270 3148 occurrit
1284 3083 1319 3146 in
1330 3082 1477 3147 Historiis
1492 3084 1550 3148 Ec·

98 3169 276 3246 rbaiastitia
289 3172 312 3235 dr
324 3171 360 3234 ia
372 3171 453 3236 Actis
476 3171 695 3249 Camillorum,
714 3171 874 3235 distinctio
883 3171 1042 3236 Ecclesiae
1050 3173 1081 3236 in
1091 3173 1297 3247 Orientalem,
1306 3170 1549 3249 Occidentalent,

100 3255 289 3324 Africanam.
305 3257 446 3333 Quarum
460 3265 603 3344 respectu
616 3260 776 3325 Ecclesiae
790 3262 812 3325 tt
824 3260 975 3346 Episcopi
988 3265 1077 3325 extra
1089 3262 1263 3346 imperium
1275 3259 1465 3337 Romanum,
1478 3282 1550 3323 cum

101 3344 243 3425 Emlesiis
266 3351 289 3414 dt
318 3347 484 3432 Episcopis
507 3350 590 3414 intra
601 3348 786 3434 Imperium,
802 3351 1109 3433 correspondentiam
1126 3351 1273 3428 colentes,
1286 3353 1437 3414 vocantur
1449 3345 1478 3430 iq
1491 3358 1552 3416 τοῖς

11 3431 12 3490 ἶ
101 3429 295 3510 βψβαρικοῖς,
322 3437 356 3499 in
375 3428 554 3516 Barbarica
577 3438 689 3506 Coaal.
713 3435 852 3505 Chalced.
874 3438 949 3504 Cart.
966 3437 1292 3506 93.&laGaacaibus
1306 3439 1455 3505 taus-ta
1463 3437 1549 3524 Asti-

100 3543 197 3599 mttae,
213 3522 289 3592 Cart.
304 3525 355 3590 52.
369 3533 412 3603 τῷ
422 3525 599 3603 βαρβαρικῷ
609 3528 783 3601 παράκειται,
810 3526 982 3593 Barbarico
997 3529 1192 3594 contermina
1204 3533 1261 3594 est.
1308 3527 1398 3614 [pag.
1412 3526 1471 3613 26]

425 3707 429 3720 ⁸
505 3700 573 3755 ⁵·
635 3740 643 3757 ·
704 3713 936 3779 Carurll.
1054 3734 1060 3752 ·

215 3894 362 3959 munitm
373 3916 429 3960 sert
444 3897 667 3977 Quaestionum
681 3901 795 3966 Classis
809 3903 937 3967 Prima:
949 3904 1029 3968 eirca
1045 3905 1159 3981 Gaias,
1174 3905 1347 3981 Materiam,
1357 3905 1516 3982 Formam,

506 3985 662 4072 Olp'ectam
675 3988 705 4054 a·
717 3991 808 4055 lices
822 3993 970 4056 Ecclesiae
981 3993 1151 4091 Institit-tue.

207 4135 255 4202 dis
281 4137 327 4202 ita
353 4139 546 4221 praemissis,
575 4143 751 4207 accedimus
775 4145 815 4207 ad
840 4143 1052 4223 Problemata,
1081 4168 1162 4229 quae
1178 4147 1296 4224 ordine,
1310 4150 1465 4231 quantum
1481 4145 1550 4208 fieri
1627 4156 1640 4181 ⁸
1661 4151 1682 4181 ‘¹

171 4267 214 4300 st,
237 4225 374 4291 breviter
401 4227 690 4296 determinabimus.
715 4231 946 4297 Distribuimus
971 4257 1009 4298 ea
1032 4234 1064 4297 in
1089 4238 1225 4318 quatuor
1248 4235 1382 4312 Classes,
1404 4238 1439 4298 ut
1465 4236 1493 4296 1.
1508 4234 1550 4297 sit

171 4335 185 4411 a
208 4314 432 4390 definitionem,
456 4315 516 4381 hoc
536 4323 594 4398 est,
608 4319 725 4398 Genus,
738 4322 917 4400 materiam,
932 4321 1077 4401 fonnem,
1090 4324 1249 4407 objectum
1261 4328 1283 4390 tc
1296 4324 1374 4389 fines
1389 4321 1550 4387 Ecclesiae

171 4405 274 4470 Mae.
298 4405 328 4470 2.
353 4403 445 4470 Circa
468 4404 585 4474 Causas
609 4409 792 4492 efficientes.
806 4413 836 4475 3.
851 4411 1286 4497 Circapropriatradjuncta,
1304 4411 1493 4496 &opposita
1518 4410 1548 4474 4.
1637 4422 1641 4434 ·

1448 4499 1551 4566 Circa·

335 4613 348 4650 Ι
