3736 4860
329 259 441 327 Tener.
454 261 497 327 Π.
521 260 607 326 Saos.
621 260 663 326 ΙΙ.
688 259 1099 368 DaaaaarcsVaaa1llrv1u1
1112 259 1333 325 Tascrsrrmva.
1501 259 1565 324 103

15 463 16 512 ἐ
101 451 199 530 ,dem,
224 455 263 515 ut
286 451 434 535 siplures
451 449 591 534 ejusdem
605 448 766 514 Ecclesiae
788 447 927 512 ministri
947 447 1021 522 sint,
1035 447 1117 512 alter
1129 447 1257 526 veteris,
1271 448 1353 512 alter
1365 447 1441 512 novi
1449 451 1560 513 Testa·

102 539 219 616 ,menti
238 531 372 619 librum,
394 542 490 623 prout
512 537 722 602 communiter
741 536 817 614 illis,
838 537 887 600 vel
904 536 1001 601 etiam
1021 535 1423 620 Inspectcrisordinarii,&
1439 537 1563 602 classici

101 633 291 704 ,conventus
303 628 423 712 judicio
434 627 626 705 convenerit,
640 625 852 690 enarrandum
866 624 929 689 sibi
942 626 1081 690 sumat.'‘

137 715 208 780 Hoc
223 717 356 782 consilio
371 719 394 784 b
409 735 469 800 ego
480 714 567 778 fecili
579 737 651 779 cum
662 736 807 778 svrccessu
825 735 992 788 naussum,
1005 713 1038 776 in
1050 711 1201 777 Ecclesiis
1215 713 1247 777 in
1261 712 1386 798 Papatu
1403 715 1552 798 plantan-

14 791 16 870 l

14 895 17 1018 l

96 804 152 882 dis,
177 809 235 869 aut
258 829 296 870 ex
320 828 357 869 ec
380 805 520 889 primum
544 802 792 888 emergentibus,
810 805 866 866 aut
881 801 984 867 eidem
997 801 1118 866 vicinis.
1143 799 1231 886 Agat
1244 803 1336 868 modo
1350 801 1560 868 concionator

94 892 344 974 Antecessorum
355 894 379 958 h
391 893 456 956 suis
469 892 591 976 placide
604 915 640 956 ac
652 891 824 977 prudenter
835 890 1000 956 meliorem
1012 891 1096 954 viam
1108 890 1264 969 ostendat,
1277 891 1301 956 b
1313 892 1353 956 ad
1363 891 1557 976 perfectiora

92 983 283 1047 contendere
307 983 430 1048 doceat:
455 1003 513 1044 nec
524 984 691 1064 praetextu
708 979 856 1044 ruditatis
869 1001 906 1044 ac
918 979 1080 1064 petitionis
1092 1001 1232 1056 suorum,
1246 979 1317 1044 aliis
1331 980 1488 1063 imponat,
1501 985 1559 1046 ant

92 1068 260 1156 proprium
272 1093 325 1136 cor
336 1071 474 1136 seducat.
488 1067 578 1144 Quod
590 1069 617 1134 si
630 1069 747 1133 alicubi
759 1068 792 1132 in
806 1068 909 1152 prima
921 1067 1119 1152 plantatione
1132 1067 1303 1147 Ecclesiae,
1315 1072 1372 1132 aut
1384 1068 1417 1132 in
1431 1070 1561 1135 novella

13 1175 14 1178 ’
92 1163 156 1244 qut
174 1181 212 1222 ac
228 1160 300 1223 rudi
320 1158 473 1235 Ecclesia,
493 1180 575 1243 quae
595 1156 732 1242 postillis
752 1157 917 1221 audiendis
937 1157 1086 1234 assuevit,
1104 1159 1211 1220 textus
1229 1155 1433 1222 dominicales
1454 1157 1559 1241 primo

93 1247 268 1312 ministerii
289 1271 371 1312 anno
388 1251 446 1312 aut
459 1246 600 1323 biennio,
622 1249 678 1310 aut
690 1245 814 1331 aliquot
825 1246 939 1310 saltem
953 1246 1116 1310 mensibus
1133 1245 1311 1330 explicandi
1324 1249 1441 1326 essent,
1455 1244 1560 1316 Autor

92 1359 196 1400 essem
216 1337 347 1401 novitiis
368 1337 458 1422 [pag.
480 1335 561 1422 tiOtl]
583 1334 875 1410 concionatoribus
896 1337 932 1398 ut
950 1334 1013 1418 ipsi
1032 1334 1196 1400 conciones
1211 1334 1361 1414 forment,
1382 1338 1401 1398 a
1420 1335 1559 1418 postillis

90 1425 266 1490 memoriae
281 1423 469 1489 mandandis
481 1423 505 1488 b
517 1424 687 1488 trivialiter
699 1422 870 1487 recitandis
886 1423 1051 1488 autetiam
1064 1421 1206 1506 legendis
1219 1423 1316 1508 (quod
1329 1423 1493 1488 cacoethes
1507 1427 1557 1489 ta·

92 1514 152 1577 cite
165 1517 186 1577 a
199 1515 339 1599 Zcppcro
350 1534 417 1597 cap.
430 1513 479 1578 cit.
492 1512 733 1598 perstringitur)
750 1511 879 1575 omnino
892 1511 1085 1576 abstineant.
1103 1510 1237 1575 Interim
1248 1534 1311 1575 non
1324 1512 1451 1576 nocebit
1458 1505 1557 1578 ¹unius

92 1605 190 1688 atque
212 1602 346 1668 alterius
361 1601 526 1667 conciones
537 1601 741 1666 dominicales
753 1622 811 1684 pro
823 1622 857 1663 re
869 1602 946 1664 natis
958 1599 1111 1679 conferre,
1124 1599 1148 1664 b
1159 1600 1281 1684 optima
1297 1623 1336 1664 ex
1347 1600 1387 1664 iis
1399 1599 1439 1664 ad
1451 1600 1556 1666 imita-

95 1691 215 1754 tionem
229 1690 292 1756 sibi
305 1711 490 1776 proponere,
502 1689 611 1774 aliqua
623 1689 720 1754 etiarn
733 1688 773 1752 ad
785 1711 878 1753 usum
890 1709 984 1753 suum
996 1687 1179 1753 transferre.
1199 1686 1313 1772 Neque
1327 1688 1411 1754 enim
1424 1690 1558 1773 probare
1586 1769 1592 1780 ¹

95 1801 227 1862 possum
248 1779 410 1839 attelabo
425 1781 448 1844 b
464 1777 640 1853 &pacti-ars
653 1777 850 1861 quomndam
866 1775 1039 1856 Juvenum,
1051 1777 1106 1863 qui
1122 1798 1194 1841 cnm
1206 1776 1239 1840 in
1256 1777 1444 1862 theologicis
1456 1777 1558 1843 instar

88 1879 184 1932 'rasae
203 1867 270 1932 sere
287 1865 351 1930 sint
363 1866 502 1944 tabulae,
515 1865 623 1929 omnia
638 1865 869 1950 praestantium
883 1864 1131 1950 Theologorum,
1144 1863 1370 1949 Interpretum,
1383 1864 1557 1932 conciona-

94 1959 200 2021 torum
214 1955 334 2039 scripta
346 1953 495 2019 ferociter
507 1958 724 2032 contemnunt,
748 1953 890 2019 contenti
903 1955 970 2018 scil.
984 1953 1059 2018 solis
1071 1953 1274 2019 nascentibus
1286 1958 1343 2020 aut
1353 1954 1461 2038 potius
1474 1954 1555 2020 ima·

94 2044 229 2130 ginariis
249 2043 281 2106 in
294 2067 328 2108 se
341 2043 442 2107 bonis.
469 2043 591 2108 Oalrcs
606 2044 709 2108 anterii
720 2064 829 2108 sermm
840 2065 917 2129 quos
930 2043 1021 2129 inflat
1035 2043 1163 2108 inorme!
1186 2041 1257 2128 Ego
1270 2043 1354 2108 inter
1366 2065 1482 2128 paucas
1495 2044 1555 2108 ali-

93 2138 171 2217 quot
192 2131 349 2216 postillas,
370 2154 459 2215 quas,
474 2153 546 2197 cum
558 2135 665 2197 textus
677 2130 881 2196 dominicales
893 2130 927 2194 in
940 2131 1073 2196 novellis
1085 2130 1236 2197 Ecclesiis
1249 2131 1429 2215 explicandi
1441 2137 1563 2214 essent,

93 2222 230 2304 subinde
251 2220 386 2304 inspexi,
407 2220 537 2285 memini
557 2221 734 2304 praelatam
747 2219 826 2284 mihi
839 2242 964 2304 semper
982 2221 1114 2305 Zcpperi
1128 2221 1212 2304 quod
1225 2221 1264 2284 ad
1277 2220 1556 2304 explicationem&

11 2355 12 2360 κ
93 2310 271 2385 doctrinas;
285 2311 307 2375 b
319 2309 445 2375 Scuttcti
461 2309 573 2387 ideam,
587 2309 670 2392 quod
683 2310 722 2374 ad
734 2309 886 2373 indicium
899 2308 1114 2374 doctrinarum
1126 2311 1149 2375 ta
1163 2331 1288 2374 usuum.
1312 2307 1390 2374 Post
1402 2309 1474 2375 illos
1486 2309 1555 2375 Au·

93 2402 178 2464 tores
195 2397 349 2481 scripsere
365 2397 389 2462 b
404 2396 472 2474 alii,
487 2397 571 2462 inter
586 2420 665 2481 qnos
684 2397 832 2462 manibus
853 2398 1026 2462 multorum
1035 2398 1103 2482 jam
1114 2397 1187 2462 inde
1199 2399 1219 2461 a
1230 2398 1334 2481 primia
1346 2397 1482 2463 editione
1496 2400 1555 2474 teri

11 2551 12 2554 ,
93 2487 199 2571 coepit
220 2487 385 2553 &aradus
405 2486 603 2553 Diedcricra:
624 2485 662 2551 In
679 2509 741 2572 qno
759 2509 797 2550 ex
813 2486 1085 2551 commendatione
1105 2488 1128 2553 tr
1146 2486 1307 2570 postulato
1326 2486 1420 2551 amici
1433 2487 1556 2572 aliquot

94 2575 279 2640 Dominicas
298 2579 374 2654 tunc
394 2597 591 2660 percurrens,
610 2574 803 2660 deprehendi
823 2575 863 2640 ab
884 2575 940 2639 illo
956 2574 1063 2639 omnia
1079 2597 1118 2638 ex
1131 2575 1202 2639 aliis
1215 2596 1311 2659 quam
1324 2575 1472 2660 plurimis
1488 2580 1555 2641 tarn

94 2664 267 2746 diligenter
287 2665 311 2730 tr
330 2664 455 2729 abunde
475 2667 625 2748 congesta
637 2687 716 2743 esse,
729 2667 766 2728 ut
777 2663 890 2727 novitii
905 2661 1148 2729 Concionatores
1161 2663 1265 2749 magis
1281 2663 1381 2746 cepit,
1395 2686 1491 2747 quam
1503 2664 1553 2728 in·

92 2753 168 2837 opit
187 2752 363 2817 laboraturi
384 2753 465 2828 sint;
486 2752 577 2818 &vix
597 2752 718 2836 aliquid
731 2755 851 2817 restare
862 2752 1017 2831 videatur,
1031 2774 1127 2836 quam
1144 2756 1180 2816 ut
1187 2750 1380 2836 judicium&
1396 2752 1554 2817 delectum

91 2843 125 2906 in
147 2841 309 2920 doctrinis,
331 2843 354 2908 tr
366 2840 400 2904 in
413 2840 561 2926 allegatis
573 2839 756 2924 Scripturas
772 2840 913 2905 textibus
925 2842 948 2907 tr
960 2840 1052 2906 dictis
1068 2839 1201 2906 Patmm
1212 2839 1396 2906 adhibeant.
1420 2839 1470 2904 Ex
1484 2844 1554 2906 tex·

92 2928 179 2994 tibus
192 2951 309 3014 pancos
321 2929 489 2995 desumant
502 2950 616 3012 eosque
627 2930 660 2993 iu
673 2928 788 2994 Bibliis
801 2929 867 2994 suis
879 2929 1019 3013 primum
1031 2930 1139 3009 lectos,
1152 2929 1295 3007 relectos,
1305 2949 1469 3011 expensos,
1481 2951 1552 2996 cum

91 3018 352 3084 antecedentibus
373 3019 394 3084 a
414 3018 688 3101 consequentibus.
713 3017 763 3082 Ex
783 3017 876 3081 dictis
896 3022 1025 3101 patrum
1047 3017 1136 3082 nulla
1155 3016 1217 3081 sibi
1235 3017 1413 3096 desumant,
1432 3016 1494 3082 nisi
1518 3019 1552 3083 in

11 3103 12 3108 ’
90 3107 301 3192 explicatione
325 3107 511 3192 dogmatum
531 3110 587 3171 aut
608 3107 788 3190 moralium,
804 3127 885 3190 quae
902 3106 986 3171 inter
997 3104 1065 3170 Nos
1082 3107 1104 3172 ta
1121 3103 1327 3170 Adversarius
1339 3108 1551 3187 controversa,

91 3201 149 3260 ant
176 3196 261 3280 apud
281 3193 453 3260 Auditcres
464 3199 588 3260 nostros
600 3195 760 3260 immeritb
775 3195 904 3280 ingrata
915 3217 952 3260 ac
965 3193 1180 3279 praejudicata
1191 3197 1283 3257 sunt:
1298 3193 1325 3258 si
1338 3194 1420 3258 forte
1432 3217 1470 3260 ea
1482 3218 1554 3264 ver·
1603 3261 1606 3266 ,

90 3283 141 3350 bis
153 3283 297 3363 Patrum,
313 3306 410 3368 qnam
423 3282 550 3348 Nostris
561 3284 725 3368 proposita
737 3283 846 3348 andire
861 3283 985 3347 malint.
1011 3282 1063 3347 An
1075 3286 1183 3348 autem
1196 3281 1355 3347 fidendum
1367 3283 1410 3348 sit
1421 3283 1550 3348 novitiis

87 3371 296 3438 citationibus
312 3372 445 3438 Patrum
461 3373 581 3456 absque
598 3374 739 3438 locorum
755 3372 948 3455 inspectione
968 3374 992 3438 tr
1006 3371 1185 3451 collatione,
1198 3371 1312 3436 meritc
1324 3371 1464 3437 dubitari
1477 3395 1551 3457 pos·

87 3465 151 3527 set.
174 3460 243 3526 Nos
266 3464 417 3546 putamus
440 3461 474 3526 in
496 3461 670 3526 moralibus
694 3465 730 3525 nt
753 3460 776 3525 tr
798 3460 832 3524 in
854 3459 1043 3546 dogmaticis
1066 3464 1162 3544 atque
1175 3459 1548 3528 elencticisinterNos&

87 3549 301 3616 Adversarius
324 3548 508 3615 Pontificios
532 3550 662 3614 minime
686 3549 905 3628 controversis,
929 3549 989 3613 fide
1013 3549 1149 3614 aliorum
1170 3547 1399 3613 dictaPatmm
1414 3550 1549 3635 allegari

86 3661 182 3722 posse
193 3639 234 3704 ab
250 3638 326 3716 illis,
338 3638 394 3722 qui
406 3660 463 3724 per
477 3661 545 3704 rem
557 3637 750 3704 familiarem
762 3625 894 3703 Petrum
905 3636 1138 3703 volunrinasibi
1151 3659 1344 3721 comparare,
1354 3642 1410 3703 aut
1418 3660 1475 3722 per
1485 3638 1550 3704 alia

85 3727 195 3792 studia
207 3727 241 3791 in
253 3726 408 3812 tyrocinio
420 3726 589 3791 ministerii
600 3727 704 3812 magis
718 3726 876 3812 urgentia,
889 3727 999 3791 eadem
1011 3749 1148 3805 versare,
1165 3725 1319 3805 conferre,
1333 3730 1480 3791 excutere
1492 3750 1549 3792 ne·

85 3819 220 3900 queunt.
247 3815 296 3880 De
308 3815 400 3881 dictis
411 3814 546 3880 Patmm
557 3837 615 3900 pro
626 3815 784 3895 concione,
796 3815 848 3880 cui
860 3813 1030 3880 Auditores
1041 3814 1202 3880 Pontificii
1214 3814 1383 3895 intersunt,
1396 3818 1453 3879 aut
1464 3815 1548 3881 inte·

84 3926 177 3969 resse
195 3907 342 3990 possunt,
361 3903 506 3982 citandis,
522 3906 546 3970 b
565 3904 605 3969 ad
620 3903 849 3970 controversias
862 3903 1061 3969 adducendis.
1075 3927 1164 3968 secus
1176 3903 1381 3968 statuendum
1394 3907 1452 3968 est.
1477 3902 1549 3969 Nisi

83 3993 176 4058 enirn
186 3992 270 4076 quis,
284 3992 317 4055 in
333 3992 469 4076 publicis
484 3995 540 4057 aut
551 3993 725 4058 amicorum
736 3991 957 4070 Bibliothecis,
975 4013 1012 4056 ea
1023 3992 1194 4076 aliquando
1206 3991 1322 4077 legerit
1333 4013 1406 4056 curn
1421 3996 1548 4058 antece·

82 4081 279 4147 dentibus&
298 4081 573 4165 consequentibus,
593 4085 629 4146 nt
647 4085 835 4166 quacunque
854 4081 1016 4146 occasione
1031 4081 1069 4144 de
1089 4080 1271 4145 detersione
1291 4079 1450 4146 citationis
1470 4104 1546 4148 suae

81 4174 195 4236 certus
208 4191 277 4234 esse
289 4170 405 4254 possit:
419 4173 561 4254 praestat
575 4169 733 4236 omittere.
756 4169 801 4235 m
815 4170 968 4235 hactenus
980 4170 1052 4254 plus
1066 4169 1144 4234 satis
1156 4170 1194 4234 de
1206 4168 1475 4236 Dominicalibus:
1492 4193 1549 4256 pro

11 4287 12 4304 2
81 4259 209 4344 quibus
226 4257 337 4337 otiose,
358 4259 381 4325 tr
401 4263 437 4322 nt
456 4259 580 4323 videtur
599 4260 638 4325 ad
658 4259 886 4324 controversias
906 4257 1164 4342 multiplicandas
1182 4257 1275 4323 hodie
1294 4279 1438 4344 pugnare
1457 4259 1549 4324 video

11 4393 12 4402 κ
82 4345 262 4416 nonnullos
281 4345 419 4414 eruditos
439 4347 462 4416 tr
477 4347 617 4416 celebres
636 4347 817 4436 'theologos
838 4345 1023 4427 Germanos,
1046 4348 1239 4415 Mcatzeram
1253 4345 1321 4415 scil.
1340 4348 1547 4415 alternam.

1406 4435 1548 4534 Quorum
