3668 4856
8 605 12 636 t

269 340 381 406 Taren.
405 340 463 406 Ill.
489 342 535 406 Da
559 340 764 406 Convenimus
788 365 823 406 nr
846 342 992 407 Corinnss.
1015 343 1140 406 Eccnss.
1166 342 1237 409 Gar.
1261 342 1317 406 lx.
1464 344 1528 408 357

86 525 224 593 Ordinum
237 529 306 614 (qui
320 550 359 592 ex
371 528 505 594 dominis
513 527 593 592 meis
602 527 692 614 [pag.
704 527 795 614 261]
804 527 860 591 illo
868 528 937 612 ipso
946 528 995 592 die
1004 529 1214 613 quaesiverat,
1224 551 1265 593 an
1274 527 1529 615 Hagno-comitis

8 651 10 668 ι
86 618 185 699 essem)
198 640 249 682 me
261 617 332 682 istic
345 616 385 680 ad
396 639 524 682 manum
539 639 607 681 esse
616 617 753 700 juberet,
767 617 794 681 si
809 616 891 682 forte
903 615 954 680 lll.
967 617 1039 682 DD.
1054 616 1226 683 Ordinibus
1238 618 1342 683 visum
1353 623 1437 683 esset
1448 620 1529 684 mihi

85 704 149 786 quid
160 727 342 792 proponere,
356 711 412 771 aut
424 729 474 770 me
486 729 582 790 super
590 706 779 790 quibusdam
786 707 994 792 interrogare.
1005 706 1078 771 Tali
1087 707 1311 772 enimartificio
1328 709 1528 775 Wilbehnum

87 794 253 875 Quirinum,
263 796 444 861 ministrum
455 795 647 873 Brielanum,
657 795 743 859 ultra
751 800 816 861 tres
828 817 952 861 menses
961 795 1384 882 (nifallor)Hagae-comitis
1390 798 1529 881 jusserat

84 881 259 950 subsistere:
271 886 347 950 dum
358 884 480 950 interea
493 883 787 950 Remonstranticus
799 885 1000 950 concionator
1012 884 1138 950 Brielae
1147 908 1218 950 cum
1228 886 1355 968 asseclis
1363 887 1429 951 suis
1438 909 1528 952 suam

85 992 195 1039 causam
207 977 316 1039 contra
328 973 518 1039 orthodoxos
527 997 583 1038 suo
596 978 723 1058 pastore
735 974 903 1040 destitutos
915 974 1001 1040 omni
1013 975 1106 1039 modo
1118 979 1326 1058 promoveret.
1340 974 1412 1060 Ego
1422 973 1528 1040 Heus·

83 1060 145 1126 dam
156 1085 297 1128 reversus
308 1086 395 1130 meas
406 1063 611 1128 concionandi
619 1062 703 1128 vices
712 1063 920 1128 observabam
928 1064 1054 1129 nemine
1064 1063 1252 1148 prohibente
1262 1068 1317 1129 aut
1326 1064 1526 1148 impediente,

84 1150 217 1233 privatim
237 1175 273 1218 ac
294 1153 446 1218 domatim
463 1153 609 1238 agebam,
634 1173 716 1236 quae
739 1153 952 1218 concionatori
976 1153 1099 1238 agenda
1122 1157 1207 1218 sunt.
1231 1151 1528 1219 Remonstranticus

84 1241 278 1318 concionator,
295 1263 366 1307 cum
383 1241 514 1306 dixisset
535 1241 558 1306 b
577 1265 611 1306 re
632 1242 701 1325 ipsa
715 1242 899 1307 ostenderet
919 1264 953 1306 se
971 1243 1056 1307 nolle
1077 1243 1295 1313 ministerium
1310 1243 1397 1307 obire
1419 1243 1452 1307 in
1471 1243 1528 1307 illa

16 1380 22 1401 ,
83 1326 210 1395 Ecclesia
222 1353 303 1415 quac
316 1353 366 1396 me
378 1335 546 1396 vocaverat
558 1331 581 1396 b
593 1353 677 1396 nunc
689 1332 852 1415 reciperet,
866 1335 989 1396 teneret
1001 1354 1037 1396 ac
1049 1331 1171 1397 foveret
1182 1337 1334 1416 tanquam
1346 1331 1526 1416 legitimum

83 1417 256 1504 &perquam
271 1424 400 1506 gratum
414 1420 475 1484 sibi
487 1420 679 1496 ministrum,
693 1420 733 1484 ab
744 1443 780 1484 eo
793 1424 935 1505 tempore
945 1421 1378 1506 aliquamdiuaconcionibus
1388 1421 1528 1486 abstine·

82 1505 264 1595 botperegre
272 1508 449 1594 profectus:
466 1531 506 1573 ne
518 1531 591 1574 suas
604 1509 732 1595 quidem
748 1509 954 1574 concionandi
966 1511 1050 1574 vices
1062 1533 1118 1594 per
1130 1511 1209 1575 alios
1222 1513 1292 1596 (per
1304 1532 1383 1594 quos
1393 1509 1528 1575 antehac

82 1596 163 1678 solet)
178 1599 318 1682 suppleri
335 1597 476 1674 curabat,
497 1620 556 1662 nec
571 1621 678 1663 curam
695 1598 785 1663 illam
805 1599 950 1684 synedrio
963 1600 1213 1678 commendabat,
1227 1603 1282 1663 aut
1296 1599 1332 1684 [l.
1345 1600 1418 1683 nec]
1432 1599 1528 1663 alicui

82 1705 114 1748 ex
130 1687 399 1752 concionatoribus
420 1687 540 1752 vicinis.
565 1687 681 1752 Postea
692 1690 800 1752 tamen
809 1688 849 1752 ad
861 1689 1024 1754 conciones
1036 1689 1145 1753 rediit:
1155 1689 1263 1773 procul
1280 1688 1375 1753 dubio
1387 1686 1526 1753 Remen-

81 1777 236 1840 strantium
255 1775 316 1841 hac
327 1775 361 1840 in
374 1780 464 1861 parte
476 1775 545 1862 ipso
558 1776 797 1861 prudentiorum
810 1777 950 1842 consilio.
978 1777 1042 1843 Sed
1053 1777 1114 1842 hoc
1125 1777 1229 1842 reditu
1241 1799 1298 1842 suo
1310 1778 1350 1842 ad
1362 1778 1526 1842 conciones

81 1883 180 1944 parum
202 1863 513 1930 Remonstranticam
531 1888 658 1931 causam
671 1866 742 1930 istic
753 1889 939 1950 promovere
951 1870 1085 1951 poterat.
1109 1867 1270 1932 Ecclesiae
1283 1867 1368 1930 enim
1383 1867 1526 1931 membra

81 1952 258 2020 &auditores
270 1953 419 2038 religioni
430 1953 621 2020 reformatae
634 1955 760 2034 addicti,
774 1959 829 2019 aut
838 1957 950 2021 saltem
965 1955 1004 2020 ab
1018 1960 1055 2020 et
1067 1977 1128 2020 non
1142 1956 1249 2036 alieni,
1262 1979 1349 2020 meas
1362 1957 1525 2022 conciones

80 2039 238 2127 diligentet
253 2042 516 2126 frequentabant:
531 2043 630 2128 ipsius
647 2044 810 2109 conciones
823 2045 1007 2129 paucissimi
1018 2069 1026 2122 3
1038 2045 1089 2110 Ill.
1107 2045 1175 2109 scil.
1186 2044 1365 2129 praefectus
1378 2045 1526 2110 militaris

81 2127 177 2196 diebus
198 2131 374 2208 dominicis,
394 2133 417 2198 b
434 2137 594 2197 senatores
612 2133 723 2217 aliqui,
736 2135 758 2200 b
773 2133 912 2198 ministri
926 2133 1024 2216 aliqui
1038 2133 1133 2198 aulici
1146 2134 1299 2200 &milites
1313 2134 1413 2221 aliqui
1426 2157 1463 2199 ex
1476 2156 1524 2200 co·

80 2215 158 2285 horte
179 2221 348 2306 praetoria,
362 2221 497 2307 &aliqui
510 2221 701 2287 redemtores
714 2221 930 2308 vectigalium,
947 2223 1002 2310 qui
1015 2243 1124 2288 omnes
1137 2226 1193 2287 aut
1205 2222 1255 2288 Ill.
1276 2222 1316 2288 D.
1331 2223 1525 2308 praefectum

80 2308 250 2390 militarem,
276 2315 332 2376 aut
354 2311 541 2376 advocatum
569 2311 904 2378 Oldcahur'aeucldiura
926 2311 1147 2396 respiciebant.
1187 2311 1237 2376 Ex
1261 2312 1381 2377 civibus
1406 2312 1527 2377 abillo

79 2396 169 2464 aliove
184 2400 343 2466 mundano
355 2421 543 2486 quocunque
556 2403 701 2484 respectu
714 2401 833 2480 liberis,
850 2402 903 2465 rix
916 2424 997 2466 unus
1010 2403 1033 2468 b
1045 2401 1127 2466 alter
1138 2401 1161 2467 da
1174 2401 1227 2465 vix
1239 2424 1302 2465 una
1315 2404 1410 2486 atque
1425 2402 1525 2466 altera

79 2507 126 2568 per
139 2489 315 2574 simplicem
326 2489 551 2575 ignorantiam,
568 2493 624 2554 aut
638 2494 833 2574 pertenuem
846 2512 941 2576 quem
957 2512 994 2555 ac
1006 2492 1155 2554 obtusum
1169 2491 1283 2556 erroris
1296 2488 1524 2556 Remonstrau·

78 2575 123 2641 tici
134 2583 274 2662 gustum,
287 2582 343 2643 aut
354 2601 410 2662 per
421 2600 535 2661 puram
546 2579 796 2658 neutralitatem,
810 2584 866 2644 aut
877 2602 934 2663 per
947 2579 1128 2664 opinionem
1141 2581 1329 2645 tolerantiae
1338 2603 1374 2645 ac
1382 2580 1525 2644 modera-

79 2664 172 2744 tionis,
184 2668 348 2732 conciones
360 2667 460 2751 ipsius
472 2668 732 2754 frequentabant3
746 2669 827 2732 nulli
839 2673 957 2746 tamen,
971 2669 1054 2754 quod
1066 2669 1174 2748 sciam,
1189 2672 1208 2734 a
1220 2669 1298 2734 meis
1312 2668 1524 2735 abstinebant.

78 2751 269 2821 Advenerant
287 2755 449 2822 Heusdam
470 2758 521 2819 30.
542 2755 621 2841 Maji
640 2757 779 2842 delegati
799 2758 839 2821 ab
859 2756 910 2822 Ill.
927 2757 1118 2822 Hollandiae
1134 2756 1306 2823 Ordinibus
1324 2758 1526 2845 Ruychhaver

16 2871 20 2878 ·
78 2846 173 2909 consul
194 2845 413 2910 Harlemensis
429 2847 452 2911 dr
472 2847 591 2912 Wilsen
602 2848 709 2910 consul
723 2847 1038 2925 Amstclodamensis,
1052 2847 1105 2933 qui
1120 2870 1191 2912 curn
1204 2845 1325 2911 Senatu
1337 2847 1476 2931 agebant
1487 2851 1524 2933 ut

78 2935 223 2998 communi
236 2957 309 3000 cum
321 2935 467 3018 syrrsdrio
480 2957 633 2999 consensu
645 2939 751 2999 ratum
763 2935 918 3000 haberent
928 2959 1034 3000 meum
1042 2936 1076 2999 in
1085 2936 1141 3000 illa
1150 2935 1292 3000 Ecclesia
1302 2935 1524 3000 ministerium.

78 3017 107 3082 ln
124 3044 216 3108 quem
235 3024 332 3088 finem
352 3015 647 3088 Remonstrariticus
668 3026 868 3089 concionator
884 3047 1008 3089 mecum
1020 3025 1053 3089 in
1071 3024 1191 3089 curiam
1203 3028 1331 3088 vocatus
1348 3023 1424 3102 fuit,
1435 3027 1471 3088 ut
1486 3046 1525 3088 ex

77 3109 155 3174 nobis
167 3112 395 3198 intelligerent,
409 3135 449 3176 an
462 3114 582 3198 absque
595 3113 741 3178 scismate
754 3113 934 3178 &divisione
943 3113 1082 3198 corporis
1092 3112 1524 3178 Ecclesiasticiministerium

77 3197 163 3277 obire,
185 3202 208 3266 ts
229 3223 286 3266 uos
306 3204 417 3266 mutui)
429 3201 565 3266 tolerare
576 3203 739 3269 vellemus.
764 3201 846 3266 Mihi
862 3202 956 3267 facile
969 3208 1037 3277 erat
1050 3225 1199 3290 annuere,
1217 3203 1336 3288 quippe
1348 3203 1437 3287 cujus
1450 3225 1523 3267 con-

30 3337 34 3344 .
77 3286 169 3355 nones
181 3294 199 3354 *a
211 3295 280 3356 toto
291 3290 437 3375 synedrio
450 3293 473 3357 d
484 3294 552 3355 tota
564 3291 706 3355 Ecclesia
719 3292 918 3368 audirentur;
935 3297 972 3356 ut
985 3315 1046 3356 non
1059 3314 1138 3376 opus
1151 3296 1234 3358 esset
1247 3295 1370 3376 partem
1383 3295 1439 3355 aut
1450 3313 1524 3375 par-

77 3375 192 3443 ticulam
212 3379 375 3444 Ecclesiae
395 3402 552 3462 separare,
574 3380 623 3443 cui
637 3403 696 3464 ego
709 3381 839 3445 seorsim
853 3381 1066 3447 concionarer.
1091 3381 1182 3456 Quod
1193 3381 1232 3445 ad
1245 3381 1447 3446 tolerantiam
1463 3379 1525 3444 Re·

77 3469 283 3532 monstrantici
293 3468 965 3556 concionatorisin[pag.2b2.]concionibus
975 3470 1156 3534 alternatim
1166 3470 1331 3549 habendis,
1341 3492 1524 3534 eamneces-

78 3555 180 3622 sariam
190 3581 258 3622 esse
268 3557 465 3640 judicabam:
476 3557 730 3643 quandoquidem
740 3580 829 3622 meae
837 3561 1004 3643 potestatis
1012 3583 1075 3623 non
1084 3563 1152 3623 erat
1161 3559 1244 3624 vices
1253 3559 1352 3644 ipsius
1362 3581 1524 3642 occirpare,

78 3649 123 3706 ant
142 3647 179 3730 [l.
192 3647 266 3731 nec]
288 3669 361 3710 eum
374 3646 555 3722 destituere,
572 3648 627 3710 sed
639 3647 778 3731 synedrii
790 3649 813 3712 b
826 3647 935 3712 classis
947 3652 966 3712 a
979 3648 1094 3733 quibus
1106 3649 1276 3734 aliquando
1293 3648 1353 3713 hoc
1366 3647 1524 3732 agendum

78 3739 157 3813 esser,
170 3736 325 3821 siquidem
338 3735 394 3799 ille
407 3735 545 3800 actiones
558 3758 631 3800 suas
643 3736 676 3799 in
689 3736 920 3801 Ecclesiasticis
933 3739 955 3802 b
968 3737 1051 3801 circa
1064 3737 1244 3821 synedrium
1258 3741 1353 3822 atquc
1363 3735 1523 3800 Ecclesiae

77 3823 206 3888 membra
220 3847 284 3888 non
296 3825 488 3889 emendaret.
512 3823 674 3908 Imprimis
688 3827 710 3891 dr
722 3826 803 3889 illud
815 3848 864 3890 me
878 3826 1035 3903 movebat,
1050 3827 1134 3911 quod
1146 3826 1339 3891 nullomodo
1352 3823 1524 3890 communi-

77 3929 96 3971 t:
168 3936 193 3977 rs
205 3937 307 3979 essem
317 3936 390 3978 cum
404 3913 504 3996 ipsius
516 3911 649 3992 ἁταξίκτς
661 3917 683 3980 b
696 3914 898 3998 opinionibus
912 3915 1219 4001 quinquarticulanis
1235 3915 1262 3979 si
1276 3937 1354 4001 quas
1364 3913 1523 3978 concioni·
1541 3965 1545 3973 .

77 3996 96 4060 b*
154 4064 157 4065 γ
170 4003 211 4068 ris
230 4003 449 4088 inspergeret:
470 4025 527 4067 nec
542 4003 681 4087 synedrii
704 4008 893 4068 conventum
905 4027 977 4068 curn
990 4005 1059 4088 ipso
1071 4003 1286 4069 celebraturus
1300 4026 1411 4082 essem,
1431 4007 1524 4090 aquo

77 4085 96 4150 il
156 4115 193 4156 un
205 4114 301 4175 saepe
313 4093 529 4169 abstinuerat;
542 4091 644 4156 multb
656 4093 759 4174 magis
772 4093 986 4172 abstenturus,
1000 4094 1039 4158 ob
1052 4115 1156 4156 meam
1168 4093 1199 4156 in
1213 4093 1358 4175 synedrio
1374 4115 1523 4176 praescn-

76 4175 96 4238 ἦ
181 4183 203 4246 b
227 4181 368 4264 synedrii
390 4181 586 4245 aversionem
609 4181 649 4245 ab
674 4182 833 4246 erroribus
857 4182 1173 4269 quinquarticulanis,
1191 4184 1213 4247 b
1230 4180 1362 4260 ἀταξίαις
1379 4182 1479 4266 ipsius
1490 4182 1524 4245 in

77 4287 96 4326 n
180 4293 218 4334 ne
237 4268 470 4338 Ecclesiastico.
496 4270 575 4335 Cum
603 4293 679 4358 ergo
699 4270 779 4335 mihi
792 4293 897 4335 coram
914 4270 1129 4356 Amplissimis
1146 4269 1196 4336 Ill.
1212 4269 1280 4334 DI).
1303 4269 1457 4335 Ordinum
1469 4271 1523 4334 de-

76 4375 96 4436 p*
152 4359 193 4435 ris,
212 4356 234 4425 dr
252 4359 369 4444 inclyto
389 4358 508 4424 Senatu
526 4358 697 4424 Heusdano
717 4361 941 4424 declarandum
961 4365 1053 4439 esset,
1071 4360 1198 4446 qualem
1215 4383 1373 4426 censerem
1386 4357 1523 4424 [temon-

75 4447 96 4505 tl
156 4449 252 4511 “nrm
275 4449 544 4525 concionatorem
569 4471 641 4513 cum
665 4449 839 4533 coepissem
863 4449 976 4528 dicere,
997 4448 1175 4514 &viderem
1188 4453 1206 4515 is
1219 4449 1395 4515 Secretario
1407 4447 1521 4524 notari,

1444 4535 1523 4618 petii
