3668 4856
261 323 373 388 Tarm.
397 323 455 389 HI.
480 323 528 388 Du
552 324 755 390 Gouvuurrnus
780 347 814 389 rr
838 324 982 390 Coasssr.
1010 323 1136 390 Eccuss.
1161 325 1231 390 Car.
1255 323 1346 390 VIII.
1453 324 1517 388 315

81 506 141 573 stici
151 513 211 594 qua
219 509 307 574 tale:
317 510 362 574 sic
371 511 409 574 de
419 509 482 574 illis
492 512 748 575 aseauttclasse
757 511 1045 596 autapresbyterio
1054 515 1110 575 aut
1119 509 1226 596 aliquo
1235 510 1381 574 ministro
1390 511 1522 595 agendis

82 600 101 664 b
120 597 301 681 exequendis
321 599 515 684 synodaliter
527 621 588 663 non
601 599 778 664 deliberant
789 623 846 665 nec
858 601 1045 664 decernunt:
1063 600 1117 664 sed
1133 603 1259 664 tautum
1271 601 1309 664 de
1322 599 1523 682 imploranda

81 689 99 752 t
116 687 243 770 peteuda
262 709 330 771 ope,
347 689 540 762 executione,
562 688 825 754 determinatione
837 689 1057 774 Magistratus,
1075 711 1101 752 e.
1115 711 1163 775 gr.
1177 689 1302 773 quando
1314 692 1444 772 peccata
1460 711 1521 772 pu-

82 775 149 840 blice
159 777 336 860 grassantia
348 781 423 842 sunt
435 779 619 850 coercenda3
633 777 765 841 libertas
777 801 937 842 sacrorum
946 779 1131 852 obtinenda3
1141 778 1299 854 haeresen,
1310 777 1522 856 idololatriae,

81 863 291 948 blasphemiae,
315 867 503 950 praesertim
523 866 657 950 Papeles
677 869 699 932 tr
720 866 988 945 Autitrinitariae,
1009 868 1138 951 politice
1151 867 1340 931 evertendae
1352 865 1521 950 autrepri·

79 955 209 1020 mendae:
233 955 352 1022 reditus
375 955 414 1019 ad
435 956 503 1039 pios
521 979 596 1020 usus
612 954 784 1033 Ecclesiae,
800 977 986 1039 pauperum,
1001 955 1180 1020 scholarum
1193 955 1341 1020 fundatos
1354 957 1377 1020 b
1391 958 1409 1018 a
1422 955 1519 1019 sacri-

80 1041 149 1128 legis
166 1043 307 1129 harpyiis
327 1046 501 1122 devoratos,
527 1044 703 1109 vindicandi
721 1045 744 1110 b
762 1045 793 1108 iu
818 1045 886 1129 pios
899 1045 1040 1131 aliosque
1054 1046 1199 1109 meliores
1212 1067 1287 1108 usus
1300 1043 1521 1108 convertendi:

80 1132 281 1198 ministrorum
294 1134 452 1218 stipendia
465 1133 684 1200 constituenda
697 1137 752 1198 aut
765 1135 910 1219 augenda
923 1134 992 1212 (ubi
1005 1135 1070 1198 scil.
1084 1133 1204 1198 reditus
1218 1133 1433 1198 Ecclesiastici
1447 1137 1522 1197 suut

77 1221 204 1287 inmanu
215 1221 435 1306 Magistratus,
453 1226 507 1288 aut
520 1223 573 1287 ubi
586 1220 727 1287 delectus
740 1245 778 1287 ex
790 1223 911 1288 aerario
923 1221 1130 1306 Reipublicae
1139 1222 1362 1308 supplendus);
1377 1220 1515 1285 afflictae

77 1311 96 1374 b
115 1316 240 1376 vexatae
259 1311 420 1376 Ecclesiae
434 1312 601 1396 juvandae,
622 1316 678 1376 aut
697 1316 806 1377 contra
826 1313 932 1376 hostes
960 1312 1189 1388 defendendam
1215 1310 1369 1397 reliquiae
1384 1309 1517 1394 Papales

75 1399 269 1476 acerdoturu,
289 1401 524 1479 monachorum,
544 1401 777 1481 canonicorum,
797 1401 959 1480 abbatum,
973 1401 1273 1479 archidiaconorum,
1286 1399 1517 1483 episcoporum,

77 1487 232 1566 altarium,
260 1489 455 1576 imaginum,
479 1490 770 1574 superstitiosarum
791 1491 988 1570 fratriarum,
1012 1491 1176 1569 festorum,
1204 1490 1256 1554 bc.
1284 1489 1518 1572 expurgandae.

77 1575 156 1642 Circa
174 1577 252 1642 haec
270 1579 379 1643 omnia
397 1579 567 1656 Ecclesiae,
579 1579 728 1658 ministri,
742 1580 862 1665 synodi,
876 1584 940 1666 qua
951 1581 1042 1658 tales,
1057 1602 1111 1644 seu
1127 1602 1166 1643 ex
1179 1578 1209 1642 vi
1221 1578 1360 1642 muueris
1372 1576 1422 1642 sui
1437 1576 1517 1640 nihil

78 1671 208 1748 possunt,
227 1665 311 1731 nihil
331 1671 441 1752 agerat,
460 1667 540 1732 nihil
553 1669 728 1734 moliuntur
744 1674 799 1734 aut
814 1673 952 1734 tentant:
967 1670 1020 1734 sed
1036 1672 1162 1733 tautum
1174 1668 1207 1731 in
1224 1689 1297 1731 casu
1311 1665 1521 1731 conscientiae

78 1755 290 1834 determinant,
303 1757 416 1822 docent
427 1757 533 1822 omnia
543 1757 601 1822 illa
617 1762 726 1822 contra
741 1758 871 1822 verbum
885 1758 946 1822 Dei
959 1757 1145 1835 essetafieri,
1153 1757 1228 1822 hinc
1236 1756 1444 1841 magistratus
1454 1755 1520 1819 sive

76 1843 196 1909 smrsim
215 1845 359 1931 singulos
376 1846 442 1911 sive
460 1847 668 1931 collegialiter
691 1869 800 1912 omnes
817 1869 875 1931 pro
891 1848 964 1911 data
977 1846 1137 1911 occasione
1149 1848 1289 1924 monent,
1302 1847 1324 1911 b
1336 1843 1523 1929 suppliciter

77 1939 189 2017 rogant,
216 1939 255 1998 ut
277 1935 360 1999 serit
381 1936 419 2000 de
443 1935 507 2000 illis
530 1935 563 1999 in
573 1936 693 2002 bonum
705 1935 911 2020 Reipublicae
927 1938 950 2002 b
966 1935 1126 2001 Ecclesiae
1138 1935 1313 1999 deliberare
1330 1956 1366 1999 ac
1381 1937 1522 1998 statuere

76 2021 246 2106 dignentur.
271 2023 472 2090 calumniose
484 2025 507 2090 b
518 2025 664 2108 nequiter
678 2025 752 2090 hiuc
764 2025 835 2110 quis
848 2024 990 2103 inferret,
1004 2025 1165 2090 ministros
1177 2025 1200 2090 b
1212 2023 1348 2108 synodos
1365 2045 1422 2106 pro
1435 2022 1521 2086 arbi-

76 2110 130 2174 trio
147 2112 254 2178 omnia
270 2133 382 2198 regere
401 2115 423 2179 tr
443 2117 566 2178 mutare
587 2114 619 2178 in
632 2113 816 2198 Republica,
834 2114 976 2179 &omnia
987 2115 1044 2178 illa
1056 2113 1227 2178 autoritate
1243 2111 1334 2196 quasi
1346 2111 1460 2196 Papali
1472 2111 1521 2176 fa·

75 2220 135 2264 cere
156 2205 255 2286 atque
275 2202 398 2286 exequi.
422 2201 510 2266 Nudi
526 2203 610 2276 enim
623 2203 773 2286 petitores
786 2205 809 2270 b
820 2202 992 2268 monitores
1005 2207 1094 2268 suut:
1120 2200 1156 2266 Si
1167 2201 1371 2286 magistratui
1384 2202 1424 2264 ad
1437 2201 1522 2285 ipso-

75 2309 136 2352 rum
147 2290 274 2355 fidelem
289 2291 495 2355 monitionem
509 2293 532 2357 b
544 2291 731 2375 petitionem
743 2296 882 2356 statuere
896 2292 1050 2375 placuerit
1062 2314 1089 2356 e.
1102 2314 1150 2378 gr.
1164 2292 1202 2355 de
1212 2291 1375 2355 exactione
1387 2291 1523 2356 &exclu-

76 2376 152 2442 sione
178 2379 415 2444 emissariorum
438 2379 579 2464 Papatus
603 2380 751 2466 Belgium
774 2385 918 2446 nostrum
945 2381 1049 2466 magis
1072 2403 1108 2445 ac
1131 2380 1234 2465 magis
1258 2379 1460 2463 replentium,
1485 2379 1522 2443 de

76 2465 225 2532 diruendis
245 2468 389 2553 reliquiis
407 2469 431 2534 b
450 2469 663 2534 monumentis
689 2470 896 2547 idololatriae,
922 2470 959 2534 de
980 2470 1133 2534 reditibus
1161 2467 1402 2546 Ecclesiasticis,
1415 2469 1470 2551 qui
1482 2467 1522 2532 ab

78 2555 179 2622 otiosis
198 2557 363 2622 ventribus
382 2558 521 2623 maximo
538 2581 610 2624 cum
626 2559 772 2624 scandalo
785 2559 1032 2644 abliguriuutur,
1046 2559 1079 2623 in
1096 2558 1241 2623 meliores
1258 2557 1435 2641 &publicos
1447 2579 1523 2621 usus

77 2646 296 2725 murertendis,
308 2647 418 2730 utique
430 2647 491 2712 sibi
503 2649 526 2713 t
538 2646 744 2732 Reipublicae
756 2649 1013 2734 gratulabuntur,
1026 2650 1049 2714 b
1061 2646 1267 2734 Magistratui
1279 2646 1399 2732 gratias
1409 2649 1522 2731 agent:

77 2731 117 2796 sin
129 2755 227 2813 secus,
241 2757 371 2800 manum
383 2737 471 2820 operi
483 2759 545 2801 non
559 2735 770 2802 admovebunt
783 2737 889 2822 (absit,
903 2741 939 2801 ut
951 2737 1093 2802 involent
1105 2737 1137 2800 in
1146 2757 1278 2800 munera
1288 2733 1521 2819 Magistratus),

77 2823 122 2885 sed
146 2823 301 2890 liberatae
328 2825 538 2890 conscientiae
558 2848 633 2890 suae
644 2826 877 2910 tranquillitate
889 2827 1074 2911 gaudentes,
1087 2848 1159 2890 cum
1171 2823 1303 2889 caeteris
1316 2821 1522 2907 Reipublicae

77 2908 176 2976 incolis
195 2913 356 2978 auditores
376 2937 412 2978 ac
427 2918 619 2998 spectatores
631 2919 740 2980 erunt:
754 2938 811 2979 uec
823 2919 930 2979 tamen
942 2914 1009 2980 Deo
1023 2914 1158 2980 assiduis
1171 2913 1316 2998 precibus
1328 2933 1438 2976 causas
1451 2911 1524 2975 illas

77 3003 286 3066 commendare
301 3002 453 3067 desinent.
478 3001 579 3087 Atqui
599 3003 733 3069 instaret
744 3005 814 3088 quis
827 3004 908 3068 forte
921 3027 959 3068 ex
970 3003 1121 3088 malignis
1134 3006 1156 3070 a
1169 3001 1302 3087 stupidis
1316 3001 1524 3066 calumniato-

78 3087 171 3153 ribus:
186 3089 363 3167 ,Quamdiu
377 3091 466 3178 [pag.
477 3091 568 3178 206]
581 3092 726 3157 minister
733 3093 814 3176 quis,
824 3097 880 3156 aut
888 3092 1120 3176 presbyterium
1129 3091 1326 3175 autsynodus
1334 3090 1525 3154 sententiam
1623 3133 1625 3136 -

76 3175 152 3242 illam
163 3180 201 3243 de
213 3180 379 3264 exigendis
395 3180 566 3246 emissariis
578 3180 730 3266 Papatus,
743 3183 781 3247 de
797 3182 1009 3246 monumentis
1021 3180 1218 3246 idololatriae
1234 3178 1392 3258 tollendis,
1406 3178 1443 3243 de
1457 3200 1524 3243 mo·

77 3267 176 3334 rachis
195 3269 220 3334 tr
240 3269 408 3348 canonicis,
429 3269 494 3334 sive
514 3273 587 3334 verb
603 3272 773 3335 secundum
791 3271 964 3336 doctrinam
976 3271 1118 3356 Papatus
1134 3270 1201 3334 sive
1212 3269 1285 3332 ficte
1298 3268 1320 3332 a
1333 3267 1463 3332 abusive
1479 3268 1526 3331 ita

76 3353 168 3434 dictis,
180 3357 384 3443 abrogandis,
397 3358 484 3423 fovet
497 3361 519 3424 tr
531 3360 604 3423 dare
618 3360 778 3424 occasione
790 3361 959 3444 profitetur
969 3383 976 3434 3
986 3360 1057 3443 jure
1070 3359 1184 3423 meritb
1193 3355 1330 3442 impingi
1338 3356 1399 3442 ipsi
1409 3360 1524 3440 potest,

77 3445 150 3525 quod
173 3450 307 3529 usurpet
326 3447 387 3511 sibi
406 3451 599 3532 potestatem
612 3447 832 3534 Magistratus,
845 3449 868 3514 b
881 3453 1108 3532 cousequenter
1123 3447 1241 3512 crimen
1255 3447 1358 3510 laesae
1371 3444 1522 3530 Majesta-

76 3531 120 3609 tis,
135 3540 191 3600 aut
202 3536 351 3600 turbatae
368 3535 575 3620 Reipublicae
588 3537 760 3602 incurrat.'’
776 3540 917 3624 Itepooo:
930 3537 1010 3602 Cum
1023 3538 1140 3621 placita
1151 3535 1312 3600 haeresios
1328 3539 1384 3599 aut
1396 3538 1522 3618 aposta-

75 3620 133 3686 siae
143 3645 221 3689 suae
237 3622 469 3708 Anabaptistis,
482 3624 668 3703 Pontificiis,
680 3625 701 3690 J
703 3627 821 3705 udaeis,
836 3627 980 3691 Arrianis
992 3631 1049 3690 aut
1062 3624 1247 3702 Sociniauis,
1260 3623 1379 3706 absque
1391 3623 1522 3688 crimine

76 3706 169 3777 laeam
181 3713 359 3796 majestatis
376 3713 495 3798 passim
506 3714 540 3778 in
553 3715 664 3799 Belgio
675 3715 818 3799 profiteri
830 3715 924 3780 liceat
934 3739 941 3790 ;
953 3737 1016 3798 quo
1029 3715 1131 3780 colore
1147 3715 1270 3778 dicetur
1281 3712 1356 3776 solis
1369 3712 1523 3778 reforma-

75 3797 111 3863 tis
135 3801 193 3867 hoc
209 3822 275 3866 nou
288 3802 392 3882 licere,
406 3824 541 3887 quorum
552 3804 666 3888 religio
679 3804 746 3868 sola
758 3809 807 3870 est
818 3805 993 3888 publicat
1009 3803 1233 3889 aMagistratu
1246 3802 1429 3885 approbata.
1455 3801 1523 3865 Ad·

75 3885 91 3948 d
143 3891 261 3975 quodsi
275 3889 485 3976 Magistratus
498 3913 602 3956 coram
615 3892 683 3958 Deo
696 3893 727 3956 in
741 3893 932 3958 conscientia
944 3893 1114 3977 protestari
1126 3895 1242 3976 posset,
1259 3890 1320 3955 sibi
1333 3894 1524 3974 potestatem

75 3997 89 4038 ²
151 3980 317 4061 lotentiam
339 4003 399 4046 non
418 4002 487 4046 esse
509 3981 602 4046 malis
615 3981 680 4046 illis
692 4004 730 4046 ex
744 3987 817 4047 voto
829 3982 1045 4047 Ecclesiarum
1058 3985 1114 4046 aut
1129 3980 1348 4045 ministrorum
1360 3979 1523 4044 medendi:

74 4085 91 4127 u
141 4091 175 4132 re
194 4069 366 4134 cessabunt
385 4070 507 4134 monita
529 4070 744 4154 &petitiones
764 4072 852 4148 (utie
876 4092 923 4156 gr.
937 4070 1124 4154 fitTrajecti
1140 4068 1524 4153 adMosam);nunquam

75 4155 91 4216 b
135 4178 171 4222 en
195 4157 343 4223 desinent
365 4159 493 4237 sentire,
513 4161 536 4226 b
555 4160 630 4224 data
649 4161 811 4225 occasione
832 4159 975 4244 profiteri
996 4182 1032 4225 ac
1050 4181 1188 4238 mouere,
1209 4158 1355 4222 omuibus
1374 4157 1524 4222 illicitum

74 4261 91 4306 a
152 4246 185 4312 iu
202 4245 272 4312 foro
288 4247 498 4314 conscientiae
510 4248 744 4326 monachatum,
758 4252 814 4313 aut
828 4249 1047 4328 sacerdotium,
1060 4252 1117 4313 aut
1131 4247 1396 4331 praeposituram,
1409 4250 1465 4310 aut
1477 4246 1524 4310 vi-

73 4351 91 4396 u
139 4341 219 4401 tum
237 4340 295 4401 aut
312 4335 482 4402 missarum
505 4359 540 4401 ac
559 4337 713 4402 festorum
723 4341 762 4422 (e.
772 4360 820 4424 gr.
834 4337 973 4420 corporis
986 4336 1115 4417 Christi,
1127 4335 1351 4401 immaculatae
1368 4335 1525 4418 concepti·

74 4439 91 4483 o
155 4423 286 4505 ¹¹⁰riae,
307 4425 376 4508 bc.)
400 4424 646 4491 celebrationem
674 4425 918 4511 Trajectensem.
944 4425 1031 4492 Idem
1045 4427 1113 4491 dico
1129 4427 1167 4491 de
1181 4424 1321 4490 abusivis
1338 4423 1525 4574 &transfqr-

354 4539 361 4554 ·
1430 4534 1483 4576 ma
1498 4535 1525 4576 is
