3736 4860
309 276 371 339 172
696 278 854 342 Pomanus
870 279 1119 346 Eaenssrrsmers
1143 282 1223 346 Pras
1236 281 1262 347 l.
1286 283 1351 347 lan.
1365 281 1407 346 ll.

310 462 509 546 ,legendum
522 465 678 547 pietatem)
692 466 931 550 suscipiendam
939 471 1158 550 praeparetur.
1173 466 1274 531 Paulo
1286 471 1360 531 aute
1373 489 1447 552 pag.
1465 467 1517 531 41.
1531 468 1666 532 dixerat:
1679 489 1764 532 esor-

308 553 441 630 ,cr'eums
457 552 769 640 &es-rrrsflatioaibus
779 558 969 639 praeparari
980 557 1240 640 baptizandam..”
1249 555 1425 640 Origiuem,
1434 557 1573 633 modum,
1584 559 1605 622 t
1615 557 1765 620 abremm·

306 642 449 707 tiationis
458 642 549 717 ritus,
562 667 707 706 sirceessa
720 645 872 727 temporis
886 651 1127 720 succrescentes
1138 646 1209 709 vide
1219 645 1378 728 explicata
1387 649 1406 709 ia
1416 646 1650 710 Vicecuruiretit.
1662 647 1690 708 2.
1700 667 1763 730 cap.

310 733 360 794 le.
374 731 429 794 ubi
442 753 480 794 ex
492 730 561 794 Lib.
575 731 612 794 de
625 731 747 815 Spiritu
760 731 803 808 S,
816 733 871 816 qui
888 734 1005 797 Basilio
1015 734 1214 810 adscribitur,
1225 757 1294 817 cap.
1304 735 1356 798 27.
1366 734 1568 818 adprieatam
1582 733 1764 798 &arcanam

308 821 508 886 sraelitionem
529 822 638 903 refert:
655 843 727 884 cum
745 823 840 903 paulo
861 827 935 886 aute
956 823 988 886 in
1004 823 1160 906 principio
1177 823 1318 903 eiusdem
1333 824 1447 907 capitis
1468 825 1618 888 exactor.
1634 824 1700 888 aa
1715 825 1765 886 40.

309 912 422 976 diluas.
437 911 466 972 2.
477 930 504 972 o.
519 909 570 974 20.
585 909 674 994 [pag.
686 910 765 994 696]
783 913 810 974 1.
829 912 952 976 Timollr
976 913 1005 974 o.
1019 934 1047 975 a.
1064 913 1114 975 12.
1127 912 1424 995 interpretationem
1438 914 1633 998 Hieronymi,
1644 912 1764 977 Austra-

306 1001 355 1076 sii,
367 998 518 1074 Liadaai,
532 998 612 1074 Feri,
625 999 735 1062 Larini
738 1049 744 1075 ,
758 1000 972 1070 conclusisset,
988 1001 1146 1064 rreraiaem
1158 1021 1316 1065 ousiarum
1331 1021 1453 1084 separe,
1468 1001 1630 1064 daemonis
1643 1023 1764 1065 eonsue-

307 1088 450 1151 tudinem
463 1089 486 1151 ts
498 1087 673 1166 amicitiam
685 1087 807 1151 solenni
820 1089 1059 1152 denuntiatione
1071 1089 1217 1160 rescindi,
1227 1090 1294 1173 jam
1307 1093 1376 1152 tum
1389 1089 1423 1152 in
1439 1085 1765 1173 Ecclesiareceptissi-

309 1199 396 1240 mum
410 1176 519 1239 fuisse.
543 1174 637 1240 Tales
649 1177 839 1241 exorcismos
853 1200 907 1241 seu
922 1179 1100 1260 ejectiones,
1114 1178 1311 1259 rejectiones
1323 1178 1618 1242 abrenuntiationes
1631 1180 1654 1244 tr
1666 1179 1766 1243 exsuf-

309 1265 454 1335 flationes
470 1263 607 1328 Satanae
625 1265 789 1347 Baptismo
806 1267 989 1330 edrrltorum
1005 1267 1256 1349 praemittendas
1268 1288 1331 1329 non
1345 1267 1580 1350 improbamus:
1598 1268 1681 1350 quia,
1693 1267 1766 1330 ntia

309 1355 458 1419 Salviano
472 1353 535 1418 tit.
551 1355 580 1415 6.
594 1355 630 1418 de
645 1354 844 1419 Prouidentia
857 1357 989 1439 aliisque
1003 1356 1150 1420 Patribus
1163 1355 1394 1432 describuntur,
1406 1356 1489 1419 nihil
1500 1356 1588 1419 aliud
1597 1361 1765 1439 suntquam

309 1443 382 1507 fidei
399 1441 610 1518 Christianae,
627 1441 649 1504 dr
666 1442 795 1525 pietatis
808 1443 973 1526 professio,
987 1443 1144 1508 Ethnicae
1158 1444 1366 1521 idololatriae,
1380 1447 1436 1507 aut
1448 1443 1468 1508 J
1471 1444 1602 1508 udaioac
1614 1445 1765 1527 perfidiae,

309 1532 471 1614 totiusque
483 1531 572 1614 regni
587 1529 733 1607 Satanae,
748 1535 844 1614 atque
857 1533 1033 1616 impietatis
1048 1533 1277 1608 mundanae,in
1287 1533 1403 1615 quibus
1412 1537 1505 1596 antea
1515 1533 1766 1610 riserantabne·

310 1621 409 1705 gotio,
423 1621 446 1684 tr
460 1620 704 1683 abrenuntiatio.
720 1619 781 1684 Sed
794 1627 856 1702 quat
868 1621 990 1685 ratione
1003 1621 1081 1684 haee
1094 1622 1201 1684 omnia
1213 1621 1370 1684 ludicrum
1383 1622 1417 1684 in
1430 1621 1568 1696 modum,
1578 1623 1767 1704 perinterro-

310 1709 465 1794 gatioues,
479 1709 735 1790 &responsiones
751 1716 802 1766 τοῦ
815 1711 913 1788 credo,
926 1710 1125 1784 attestantia,
1139 1710 1172 1773 in
1186 1709 1353 1792 Baptismo
1365 1709 1501 1774 Infantis
1516 1712 1768 1774 ostentanturtlr

310 1821 366 1862 eur
385 1797 506 1880 peccati
523 1797 689 1876 originalis
711 1799 864 1882 regnique
885 1800 1090 1864 tenebrarum
1110 1798 1143 1862 in
1161 1797 1343 1864 lnfautibus
1360 1799 1400 1884 (si
1413 1798 1651 1863 considerentur
1662 1799 1694 1861 iu
1706 1821 1768 1861 sese

310 1891 400 1950 extra
412 1886 551 1970 gratiam
563 1886 696 1966 Christi)
711 1888 876 1968 possessio,
888 1887 1092 1951 confunditur
1105 1910 1175 1950 erim
1189 1888 1378 1951 daemonum
1392 1886 1588 1970 possessione
1597 1887 1768 1970 corporali?

310 1976 393 2040 Vide
409 1997 491 2058 quae
503 1975 541 2037 de
553 1973 613 2038 hac
625 1974 699 2038 fictis
712 1978 734 2040 a
750 1977 992 2059 praesuppositis
1004 1975 1168 2039 Infantem
1182 1975 1389 2058 possessione,
1401 1976 1655 2059 daemonumque
1667 1975 1768 2058 ejecti·
1852 1985 1853 2042 ζ

311 2087 370 2128 oue
383 2067 405 2130 tr
419 2063 592 2127 exorcismo
603 2063 707 2127 fusius
720 2064 904 2128 disserimus
916 2065 950 2127 iu
963 2068 994 2129 3.
1010 2065 1096 2130 Part.
1112 2065 1211 2128 Sciret
1226 2064 1340 2149 Dispp.
1355 2067 1399 2129 lit.
1411 2066 1449 2128 de
1459 2066 1642 2130 Exercitum
1652 2076 1732 2148 porr.
1742 2071 1768 2125 t.
1851 2077 1853 2160 ἑ

312 2155 347 2217 ia
363 2155 389 2216 l.
402 2152 572 2236 appendice
581 2173 656 2236 pap.
671 2153 888 2217 lira-1188.
903 2154 946 2216 Et
960 2175 1058 2237 supra
1074 2145 1112 2218 rie
1128 2155 1253 2218 Latione
1263 2155 1390 2238 pedum,
1405 2165 1496 2239 atquae
1509 2155 1632 2218 oscado.
1645 2153 1705 2217 Sed
1717 2153 1771 2216 hoe

312 2243 420 2317 misso,
442 2241 577 2323 aliisque
595 2240 812 2322 compluribus
830 2242 987 2325 adjunctis
1008 2244 1031 2307 h
1047 2242 1323 2306 observationibus
1339 2246 1435 2326 (quae
1456 2243 1508 2306 22.
1531 2246 1736 2305 numerantur
1754 2245 1771 2304 a

314 2331 458 2396 Gaidcae
473 2331 508 2392 in
529 2331 693 2413 Marsipulo
714 2331 914 2411 Crrralomau,
935 2334 958 2396 tr
976 2331 1082 2414 plnres
1100 2335 1118 2394 a
1138 2332 1320 2408 Vieeeomite)
1334 2331 1531 2409 solummodo
1543 2331 1770 2394 consideremus
1851 2341 1853 2396 l

312 2420 493 2484 adultorum
518 2419 804 2500 praeparationem,
828 2422 851 2484 dr
870 2419 1113 2484 instructionem
1136 2420 1168 2482 in
1181 2420 1252 2494 fide,
1266 2420 1455 2502 petitionem
1473 2419 1642 2502 Baptismi,
1658 2419 1770 2502 profes·
1851 2429 1853 2499 ξ

311 2509 445 2594 sionem]
456 2507 568 2592 fidei2&
580 2507 710 2590 pietatis
723 2508 942 2572 Christianae:
956 2511 979 2574 t
996 2508 1159 2572 lulantum
1173 2508 1437 2592 baptizandorum
1449 2508 1644 2572 oblationem
1658 2509 1697 2572 ad
1713 2507 1772 2570 Ba·

312 2598 478 2682 ptisnuun,
495 2596 690 2678 &illaptismi
703 2597 900 2678 petitionem,
917 2620 974 2680 per
987 2598 1140 2661 Parentes
1157 2599 1180 2662 dr
1197 2596 1413 2679 Suseeptores‚
1429 2597 1595 2661 nominum
1607 2596 1771 2680 professio-
1851 2609 1853 2614 ’

314 2709 398 2764 nem,
413 2685 583 2749 eorundem
600 2684 632 2747 in
646 2685 764 2748 tabulis
778 2685 998 2750 ecclesiasticis
1011 2685 1261 2767 inscriptionem,
1274 2686 1297 2749 dr
1310 2707 1418 2749 curam
1431 2689 1526 2768 atque
1539 2685 1773 2769 inspectionem.
1852 2679 1853 2760 l

357 2775 382 2839 Ι.
409 2776 455 2839 De
464 2775 704 2857 praeparatione
716 2773 746 2838 a·
755 2775 947 2838 institutione
955 2798 1010 2838 seu
1020 2774 1277 2848 catechizatione,
1288 2773 1478 2838 adultorum.
1491 2773 1773 2857 Praeparatiocou·
1851 2809 1853 2876 3

311 2864 397 2929 sistit
412 2865 445 2927 iu
458 2862 716 2938 catechizatione,
729 2863 980 2946 &exploratione
993 2864 1077 2927 vitae
1094 2886 1130 2927 ac
1143 2862 1400 2928 conversationis.
1425 2861 1539 2946 Neque
1554 2863 1640 2926 enim
1652 2862 1773 2926 adultus

313 2955 346 3016 in
362 2953 502 3016 moribus
522 2951 684 3034 profanus,
705 2951 879 3034 improbus,
899 2975 935 3016 ac
951 2953 1075 3016 notorie
1092 2952 1295 3016 scandalosus
1308 2951 1347 3014 ad
1360 2950 1562 3034 Baptismum
1575 2950 1702 3015 admitti
1721 2973 1773 3034 po-
1851 2939 1853 3000 i

314 3047 387 3119 test,
401 3042 469 3105 sine
482 3041 672 3104 sacramenti
683 3040 916 3122 profanatione.
927 3041 970 3104 Et
981 3041 1137 3125 quomodo
1150 3041 1206 3105 ille
1219 3042 1338 3125 absque
1348 3039 1616 3105 Deiiahominum
1624 3039 1774 3112 irrisione,

315 3130 512 3196 renuntiabit
525 3129 651 3192 diabolo
663 3151 699 3192 ac
714 3130 841 3206 mundo,
857 3129 939 3193 dicet
951 3153 984 3194 se
997 3130 1186 3212 consepeliri
1199 3129 1327 3194 Christo
1339 3129 1371 3192 in
1385 3133 1519 3193 mortem
1532 3129 1635 3212 ipsius
1647 3151 1704 3212 per
1716 3127 1774 3192 Ba-
1852 3135 1853 3138 ’

315 3221 479 3304 ptismum,
500 3221 536 3281 ut
556 3217 650 3280 sicuti
670 3217 826 3296 Christus,
845 3220 894 3282 dre.
916 3219 1013 3283 etiam
1025 3240 1083 3282 nos
1095 3219 1128 3281 in
1141 3218 1293 3294 novitate,
1306 3221 1356 3283 &a
1374 3219 1462 3284 Hom.
1476 3219 1507 3280 6.
1519 3239 1548 3282 υ.
1562 3219 1592 3280 4.
1618 3216 1775 3292 Quomodo

315 3307 517 3393 profitebitur
530 3309 553 3371 dt
565 3306 732 3389 promittet
743 3307 906 3389 pietatem,
920 3311 1016 3391 atque
1030 3307 1062 3370 in
1075 3311 1112 3370 eri
1124 3312 1160 3371 ut
1172 3309 1194 3373 tr
1206 3306 1400 3372 orthodoxae
1412 3305 1486 3370 fidei
1498 3305 1696 3390 professione
1708 3327 1775 3369 oon·
1851 3359 1853 3398 ,

314 3397 488 3462 stantiam?
500 3393 550 3458 Ne
564 3416 640 3478 ergo
652 3399 797 3458 sanctum
810 3395 902 3459 detur
913 3397 1055 3479 canibus,
1068 3396 1127 3460 hoc
1139 3396 1308 3481 agendum,
1321 3399 1358 3458 ut
1369 3395 1409 3458 ad
1416 3395 1670 3477 resipiscentiam
1682 3394 1775 3458 addu-
1851 3443 1853 3462 .

316 3492 416 3564 eatur,
433 3485 562 3567 ejusque
579 3483 686 3566 aliqua
702 3485 795 3568 signa
815 3485 898 3562 edat,
916 3491 1086 3569 autequam
1107 3485 1295 3568 baptizetur.
1318 3483 1369 3547 Ne
1390 3483 1461 3567 quis
1481 3487 1589 3546 autem
1605 3487 1708 3566 putet,
1724 3501 1775 3544 nos
1852 3481 1853 3536 ἶ

315 3575 411 3639 nimis
428 3573 547 3658 rigidos
564 3595 641 3646 esse,
659 3593 799 3656 propono
811 3573 859 3636 illi
872 3573 930 3638 hos
943 3596 1042 3638 casus.
1069 3571 1102 3636 Si
1115 3574 1187 3656 quis
1203 3595 1266 3638 non
1281 3572 1462 3656 baptizatus
1478 3571 1682 3654 Baptismum
1694 3573 1777 3655 petat
1852 3639 1853 3644 .

317 3665 371 3728 sed
384 3663 491 3726 vivens
504 3662 537 3725 in
549 3661 681 3739 incestu,
695 3661 799 3744 qualis
811 3663 839 3724 l.
851 3664 1028 3727 Corinthi.
1041 3666 1069 3725 l.
1081 3664 1112 3725 2.
1122 3661 1379 3746 autpolygamia,
1389 3665 1445 3725 aut
1453 3653 1602 3724 exere-ens
1611 3659 1776 3736 lenoniam,

317 3758 374 3817 arrt
385 3751 573 3836 pyraticam,
583 3754 639 3813 aut
652 3753 761 3833 aperte
774 3750 935 3829 profitens,
950 3757 1005 3815 aut
1021 3751 1135 3816 saltem
1148 3751 1258 3815 fovens
1271 3749 1548 3828 Manichaismunr,
1565 3747 1776 3812 Marcionitis·

317 3864 416 3920 mum,
432 3838 732 3916 Photiuianismum,
753 3841 801 3904 tae.
824 3837 859 3902 Si
878 3841 973 3918 dicas,
996 3841 1078 3904 tales
1090 3862 1152 3904 nou
1165 3839 1321 3923 petituros
1333 3839 1550 3922 Baptismum:
1569 3835 1705 3921 Regero,
1722 3835 1776 3898 hoe

316 3929 539 3994 universaliter
551 3927 732 4012 negandum
744 3950 805 3991 non
819 3951 896 3992 esse.
910 3930 1002 4014 [pag.
1012 3929 1093 4013 697]
1106 3927 1313 4011 Experientia
1324 3928 1415 3991 docet
1424 3949 1462 3991 ex
1470 3925 1628 4002 Ethnicis,
1637 3925 1659 3990 J
1661 3923 1776 3999 udaeis,

317 4017 607 4094 Mahummedistis,
628 4016 808 4094 haereticis
830 4017 973 4099 profanis
986 4022 1082 4101 atque
1098 4017 1252 4101 improbis
1265 4015 1448 4080 hominibus
1464 4015 1636 4099 aliquando
1652 4013 1776 4098 Baptis·
1851 4043 1853 4054 ⁴

317 4129 404 4171 mum
426 4107 615 4189 petiissent
634 4104 759 4189 flagitia
775 4128 832 4169 sua
844 4105 903 4170 luta
916 4107 1039 4170 ratione
1054 4111 1176 4191 tegant,
1191 4109 1226 4169 ut
1241 4105 1351 4189 poenis
1363 4103 1544 4188 promeritis
1557 4126 1590 4168 se
1601 4103 1775 4176 subdicant,
1851 4123 1853 4190 3

318 4199 355 4260 ut
373 4198 393 4258 ts
412 4194 596 4277 captivitate
610 4197 665 4256 aut
681 4194 833 4259 servitute
846 4217 879 4258 se
891 4195 1038 4273 liberent,
1052 4199 1087 4258 ut
1103 4195 1199 4258 lautis
1216 4194 1355 4266 donariis
1367 4193 1613 4276 baptismalibus
1626 4191 1776 4257 Christia-

317 4307 374 4350 nos
394 4286 579 4367 emungant,
599 4285 636 4345 ut
655 4304 786 4345 munera
802 4288 1044 4366 cousequantur,
1058 4287 1093 4347 ut
1105 4283 1178 4348 fidei
1190 4283 1332 4367 ipsorum
1344 4282 1474 4368 negotia
1486 4281 1615 4365 majoris
1628 4278 1775 4345 momenti

316 4371 567 4447 committantur,
579 4373 602 4442 e
613 4369 673 4434 hac
687 4371 809 4438 ratione
826 4371 1023 4440 Christianos
1039 4373 1161 4454 fallere,
1174 4372 1350 4458 iisdemque
1361 4392 1474 4437 nocere
1486 4370 1618 4457 possint

1733 4454 1778 4522 Dp
1851 4449 1853 4496 j
