3722 4850
308 277 328 340 2
674 272 834 339 Ponrrrcra
852 273 1101 340 Moenusrrsmcrn
1125 273 1206 339 Pras
1219 272 1245 339 l.
1269 272 1335 339 Idu.
1349 271 1390 338 Π.

205 448 208 454 ’
306 463 369 528 tica
391 461 414 528 b
437 461 471 526 in
494 481 611 548 genere
637 461 676 552 de
698 461 767 547 ejus
779 463 918 529 essentia
933 462 1218 548 &proprietatibus
1229 461 1264 526 in
1276 463 1364 527 Locis
1376 461 1596 529 communitus
1608 463 1773 546 passim&

305 551 344 616 de
367 551 435 636 ejus
457 551 550 636 praxi
576 571 613 615 ac
638 550 788 616 methodo
815 553 848 616 in
865 551 1027 618 Eaercitir's
1042 551 1164 637 pietatis
1178 550 1301 615 anobis
1317 551 1479 636 proposita
1495 554 1580 632 sunt,
1592 551 1773 635 specialiter

307 639 361 705 hic
384 639 542 726 agendum
565 639 713 704 duximus
739 641 768 702 1.
792 641 830 706 de
852 641 903 720 iis,
916 640 1033 725 quibus
1044 641 1080 704 in
1090 640 1233 705 Ecclesia
1246 638 1441 706 Precationis
1453 639 1594 706 officium
1608 639 1773 705 incumbit.

310 729 341 793 2.
357 727 406 794 De
431 729 524 794 modo
547 729 698 813 ejusdem.
725 729 755 792 3.
779 727 891 814 Deque
907 730 978 814 ipsa
989 727 1185 794 Precatione.
1203 729 1295 812 Quod
1307 729 1351 794 od
1361 731 1515 814 mineum,
1529 727 1662 793 dicimus
1675 726 1775 793 Verbi

310 815 468 882 Ministris
492 817 685 897 incumbere,
710 821 746 882 ut
769 823 941 902 praeeant3
961 817 1125 882 Fidelibus
1146 818 1169 884 b
1192 816 1402 882 Auditoribus
1425 822 1462 882 ut
1484 821 1590 882 mente
1602 816 1717 881 devora
1728 821 1773 882 at·

309 907 451 988 tendant,
468 927 505 971 ac
519 909 727 991 praeeuntem
743 907 938 992 cogitatione
961 910 1144 990 sequautur,
1161 905 1308 970 interimi
1323 905 1420 970 verbo
1442 905 1557 971 mentis
1581 905 1692 970 eadem
1712 909 1774 970 Deo

308 1016 366 1059 suo
378 995 559 1080 loquantur,
573 999 629 1060 aut
640 995 667 1060 si
680 995 778 1059 etiam
793 996 953 1075 exteriori,
966 994 1132 1060 submisse.
1146 995 1244 1060 Prius
1256 995 1433 1061 ueratrum
1449 995 1604 1080 probatur
1619 1016 1658 1059 ex
1671 993 1776 1060 Actor.

229 1121 231 1128 ,
308 1083 338 1147 6.
352 1105 431 1148 vers.
444 1084 475 1148 4.
489 1084 544 1148 ubi
555 1081 704 1167 Apostoli
717 1083 779 1148 sibi
793 1084 940 1148 tribuunt
954 1092 1180 1160 προσκαρτερεῖν
1198 1091 1236 1171 τῇ
1255 1091 1407 1170 προσευχῇ
1418 1085 1446 1142 &
1458 1084 1595 1162 Διακσνίᾳ
1607 1089 1661 1141 τοῦ
1673 1085 1775 1157 λόγου.

221 1239 224 1243 ,
307 1169 399 1248 Quod
428 1194 491 1237 non
515 1171 760 1257 intelligendum
782 1172 969 1257 simpliciter
993 1174 1030 1238 de
1043 1173 1192 1238 exercitio
1204 1173 1363 1258 precandi,
1378 1173 1418 1236 ad
1429 1173 1514 1257 quod
1526 1193 1635 1237 omnes
1648 1170 1776 1238 Fideles

307 1260 340 1324 in
359 1265 451 1327 coetu
463 1261 519 1325 illo
531 1263 690 1341 tenentur,
703 1263 726 1328 b
738 1261 826 1345 cujus
839 1261 944 1346 gratia
956 1262 1166 1326 conveniunt:
1184 1263 1240 1326 sed
1251 1262 1289 1326 de
1305 1266 1484 1341 προστασίᾳ,
1501 1264 1653 1340 ἡγεμονίᾳ,
1669 1261 1777 1341 ductu,

307 1350 533 1415 antecessione.
555 1350 698 1416 Alterum
721 1349 898 1416 umutrum
920 1350 1073 1434 probatur
1095 1373 1134 1415 ex
1160 1352 1189 1416 1.
1219 1349 1648 1434 mercuriumque
1664 1371 1775 1415 omnes

306 1459 378 1502 cum
401 1437 549 1503 Ministro
572 1438 667 1502 simul
688 1439 774 1503 clara
797 1460 872 1504 voce
894 1439 1031 1504 clamare
1054 1439 1211 1518 debeant;
1235 1439 1268 1503 id
1284 1439 1369 1504 enim
1380 1445 1508 1523 pareret
1519 1438 1775 1505 confusionem&

306 1525 552 1612 intelligentiae,
577 1526 747 1592 attentioni
770 1549 807 1592 ac
819 1527 980 1592 devotioni
991 1528 1024 1592 in
1038 1527 1223 1593 Precatione
1235 1527 1433 1592 adhibendae
1445 1549 1508 1591 non
1520 1529 1566 1591 ita
1578 1527 1776 1592 conveniret:

306 1615 361 1678 sed
385 1615 469 1699 quod
496 1619 576 1700 pura
599 1615 742 1680 oratione
757 1615 901 1696 mentali,
914 1621 971 1682 aut
984 1616 1086 1681 vocali
1098 1615 1306 1696 submissiori,
1319 1619 1437 1700 quaet
1452 1620 1543 1680 coetu
1556 1619 1615 1680 aut·
1624 1613 1779 1680 Ministro

306 1703 449 1768 exaudiri
476 1708 614 1788 nequeat
636 1704 698 1790 (uti
727 1704 756 1769 l.
784 1705 870 1774 Sum.
902 1705 930 1768 1.
957 1727 986 1770 u.
1013 1705 1078 1792 13.)
1105 1705 1238 1769 subinde
1264 1725 1336 1769 cum
1352 1705 1523 1788 ipsoorare
1539 1704 1689 1769 debeant.
1716 1703 1779 1768 Hic

305 1793 450 1875 quaestio
472 1797 626 1873 movetur,
650 1815 691 1856 an
714 1793 748 1856 in
764 1797 855 1857 coetu
879 1792 1040 1859 Ecclesiae
1057 1794 1104 1857 ita
1127 1794 1292 1872 orandum,
1306 1798 1341 1857 ut
1354 1791 1502 1857 Minister
1513 1797 1636 1877 partem
1649 1792 1780 1876 periodi

305 1883 361 1944 aut
384 1881 550 1946 commatis
575 1904 613 1945 ex
637 1882 766 1948 Psalmo
788 1882 897 1966 aliquo
924 1883 1068 1961 Desidia,
1096 1885 1153 1946 aut
1175 1881 1239 1946 alia
1254 1881 1404 1966 quapiam
1427 1880 1621 1946 Precationis
1632 1881 1779 1946 formula

199 1973 203 1982 '
303 1970 498 2052 pronuntiet,
525 1968 548 2035 dc
572 1969 712 2054 Populus
740 1975 796 2035 aut
818 1970 900 2034 alius
916 1969 1063 2036 Minister
1075 1971 1161 2034 clarc
1171 1992 1246 2036 voce
1261 1969 1419 2034 residuam
1434 1973 1560 2054 partem
1572 1970 1777 2053 pronuntiet.

305 2059 396 2143 Recp.
418 2056 577 2123 Pontificii
601 2058 634 2122 in
657 2062 751 2122 cantu
774 2081 831 2123 suo
855 2060 974 2124 chorali
995 2063 1129 2124 utuntur
1140 2058 1326 2142 antiphona,
1339 2081 1435 2143 quam
1451 2059 1707 2141 interpretantur
1721 2081 1779 2122 ro-

201 2183 203 2188 ·
303 2168 371 2210 cem
396 2147 573 2231 oppositam
597 2168 653 2211 seu
672 2150 980 2226 contra-sonantem,
993 2148 1068 2232 quia
1079 2147 1248 2231 inchoatur
1259 2148 1300 2211 ab
1317 2169 1379 2211 uno
1392 2147 1486 2211 unius
1498 2146 1597 2225 chori,
1610 2145 1632 2210 ts
1646 2145 1690 2209 ad
1706 2147 1779 2231 ejus

303 2234 527 2319 symphoniam
536 2235 627 2321 [pag.
637 2234 718 2320 483]
728 2240 875 2300 cantatur
883 2235 1030 2302 Psalmus
1039 2259 1096 2321 per
1104 2236 1310 2316 duoschoros,
1319 2234 1780 2320 ipsaqueautiphonaconjun·

205 2369 209 2376 -
303 2325 424 2407 guntur
438 2323 533 2388 simul
546 2324 607 2388 duo
620 2323 718 2388 chori.
731 2323 816 2389 Hinc
827 2325 987 2390 sententia
998 2347 1079 2409 quae
1095 2329 1224 2390 cantum
1237 2328 1293 2389 aut
1305 2324 1470 2388 Psalmum
1482 2323 1643 2407 praecedit
1655 2323 1781 2388 dicitur

303 2409 498 2496 Antiphone.
512 2411 561 2476 De
572 2411 696 2498 origine
708 2411 967 2498 Antiphonarum
980 2415 1020 2478 ab
1034 2413 1162 2498 Ignatio
1170 2413 1381 2492 AntiochenO,
1392 2412 1456 2479 uin
1465 2411 1632 2476 Occidente
1641 2411 1685 2476 ab
1696 2411 1782 2476 Am·

163 2511 168 2519 '
303 2499 409 2565 brosio
432 2501 514 2565 circa
526 2523 646 2564 annium
658 2501 732 2565 383.
751 2501 852 2586 deque
864 2503 1004 2582 ejusdem
1016 2497 1330 2582 variatione„1u0dis,
1346 2501 1461 2566 ritibus
1477 2500 1591 2580 rideat,
1603 2499 1657 2564 cui
1670 2506 1781 2580 vacat,

158 2623 162 2632 ·
302 2593 570 2654 commentantem
585 2590 766 2656 (leucarum
784 2592 820 2655 ia
841 2591 998 2657 Thesauro
1016 2591 1144 2657 Rituum
1161 2602 1234 2656 tom.
1252 2591 1285 2652 2.
1297 2601 1365 2656 sect.
1390 2591 1421 2655 5.
1446 2610 1513 2674 cap.
1541 2589 1570 2652 7.
1594 2589 1709 2672 lump.
1724 2591 1781 2654 22.

187 2747 190 2754 Δ
302 2679 325 2742 b
348 2676 427 2741 alibi
449 2677 588 2761 passim:
613 2677 668 2742 ubi
691 2679 883 2758 ductarius,
911 2680 1061 2759 Atouinis,
1078 2680 1248 2756 Ducentos,
1273 2679 1376 2767 Hupo,
1390 2678 1610 2756 maneriam,
1625 2677 1783 2743 Geremo·

300 2765 384 2829 ru'ale
402 2766 590 2832 Clericmum
607 2767 804 2852 repulorium
826 2767 858 2834 S.
877 2768 975 2834 Pauli
989 2767 1029 2832 ad
1043 2772 1151 2852 partes
1163 2767 1369 2832 adducuntur.
1385 2765 1436 2832 Ab
1449 2765 1636 2850 Antiphoni
1649 2765 1784 2831 dicitur

299 2853 578 2938 Autipbonorium
596 2855 685 2920 tiber
695 2855 842 2940 publicus
859 2855 894 2920 in
905 2855 1040 2940 Papatu,
1052 2857 1109 2941 qui
1120 2856 1260 2920 continet
1279 2855 1489 2940 antiphonas.
1514 2853 1780 2938 Respousorium

300 2945 358 3021 est,
370 2964 434 3026 quo
446 2943 570 3023 chorus,
583 2965 699 3008 canens
715 2945 883 3028 respondet
895 2945 1038 3009 historiis
1050 2966 1157 3009 sacrae
1170 2943 1352 3028 Scripturas
1368 2945 1402 3008 iu
1414 2942 1614 3028 praecedenti
1629 2943 1782 3010 lectione

301 3029 411 3106 lectis3
435 3032 482 3095 ita
508 3035 544 3095 ut
567 3033 738 3098 secundum
757 3033 900 3097 ordinem
923 3032 1138 3101 Historiarum
1166 3032 1347 3097 ordinatum
1364 3032 1574 3116 respondeant
1587 3030 1700 3096 tristia
1716 3033 1783 3097 tri-

299 3119 413 3200 stibus,
441 3120 526 3184 laeta
552 3121 654 3185 laetis.
667 3118 822 3205 Mysteria
834 3120 913 3187 haec
925 3127 997 3205 post
1009 3143 1117 3185 omnes
1130 3121 1210 3185 alios
1222 3124 1241 3185 a
1251 3121 1491 3186 transcendente
1504 3118 1783 3186 ceremoniarum

300 3207 455 3292 magistro
468 3208 624 3292 explicata
646 3208 746 3273 habes
763 3209 828 3275 Lib.
844 3209 874 3276 u·
885 3221 953 3274 sect.
970 3231 1037 3295 cop.
1053 3211 1104 3275 12.
1121 3207 1183 3274 Sed
1196 3209 1293 3274 misso
1305 3209 1366 3274 hoc
1378 3209 1472 3273 modo
1484 3208 1604 3286 orandi,
1617 3211 1782 3290 canendi,

298 3293 425 3380 legendi
449 3297 501 3382 (ds
524 3318 588 3380 quo
609 3298 643 3361 in
671 3299 701 3360 3.
730 3297 817 3363 Part.
834 3301 886 3364 scl-
900 3299 1017 3384 Dispp.
1030 3299 1075 3363 ur.
1089 3298 1126 3363 de
1142 3299 1293 3376 Rosuriis,
1307 3298 1450 3376 litaniis,
1468 3296 1562 3362 Horis
1577 3297 1782 3376 mannisis).

301 3383 375 3470 Nep.
402 3383 550 3449 Precibus
569 3380 789 3450 ecclesiasticis
811 3386 902 3450 illam
925 3387 1135 3452 divulsionem
1159 3385 1455 3452 &distributionem
1466 3389 1691 3469 conceptuum,
1709 3393 1784 3471 quei

296 3470 372 3535 huic
382 3493 457 3556 pars
468 3479 638 3557 conceptus
654 3475 958 3556 &pronunciationis
970 3475 1091 3560 periodi
1107 3479 1163 3539 aut
1175 3476 1352 3540 sententiae
1361 3473 1651 3560 assignatur,alteri
1663 3474 1781 3540 altera

298 3581 381 3641 pars,
405 3561 580 3626 convenire.
605 3561 768 3637 Quomodo
790 3563 876 3627 enim
898 3563 1096 3648 interruptis,
1123 3563 1345 3647 pendentibus,
1369 3563 1392 3628 ds
1415 3563 1531 3628 hiulcis
1544 3562 1784 3647 conceptibus,

297 3649 770 3734 non-conceptibus·conveniet
791 3650 871 3715 illud
897 3651 924 3714 l.
949 3650 1019 3717 Gor.
1046 3652 1096 3715 14.
1120 3673 1199 3716 vers.
1217 3653 1267 3716 15.
1284 3651 1386 3718 Orate
1402 3652 1519 3736 spiritu
1531 3671 1607 3732 meo,
1620 3649 1784 3719 stomun

297 3735 450 3803 ialedeolu
465 3759 542 3804 creo.
559 3760 640 3804 vers.
655 3739 709 3803 26.
725 3739 841 3804 Omnia
852 3739 895 3804 ud
905 3740 1151 3828 aedificationem
1162 3741 1251 3828 [luat

341 3825 570 3909 §sumemus
578 3828 824 3911 nuncquomodo
832 3828 996 3893 orandum:
1006 3829 1230 3893 ubioccurruut
1243 3827 1542 3904 istaeQuaestiones:
1549 3827 1588 3893 de
1595 3830 1784 3912 qualitate,

297 3933 336 3976 an
349 3913 435 3977 clart
446 3937 530 3995 voce,
544 3937 585 3979 an
599 3915 709 4000 lingat
719 3919 805 3995 nott,
819 3938 859 3980 an
871 3921 957 3982 certe
968 3916 1124 3982 formula:
1138 3916 1176 3981 de
1189 3917 1380 4001 quantitate,
1397 3917 1532 4002 quoties,
1555 3917 1579 3982 b
1593 3921 1786 4001 quantum,

296 4021 333 4064 ac
356 4003 505 4084 quandiu.
532 4005 560 4066 l.
587 4005 711 4086 ercest.
737 4005 787 4068 An
812 4004 956 4070 Precatio
980 4005 1193 4070 ecclesiastica
1217 4005 1286 4070 fieri
1309 4007 1423 4072 debeat
1435 4007 1521 4071 clara
1533 4026 1607 4070 voce
1620 4003 1785 4073 Ministri

295 4089 504 4172 praeeuntis?
533 4093 622 4178 Hesp.
637 4091 748 4156 Praxis
762 4086 1047 4178 Anabaptistarbm
1058 4094 1092 4158 in
1105 4094 1247 4166 coetibus
1267 4094 1332 4160 suis
1352 4096 1483 4180 ejusque
1495 4097 1642 4178 suscepta
1654 4093 1784 4162 defen·

295 4175 342 4240 sio
367 4179 472 4263 Nepai.
495 4178 615 4244 Nostra
637 4181 745 4265 praxis
765 4181 946 4274 &doctrina
968 4184 1127 4334 dffrmul.
1152 4182 1302 4248 Probatio
1318 4183 1440 4266 petitur
1455 4205 1494 4247 ex
1509 4183 1537 4245 l.
1553 4182 1702 4250 coriam
1724 4187 1785 4252 14.

294 4265 350 4329 ubi
377 4265 489 4330 Preces
513 4266 624 4352 lingat
647 4269 816 4354 peregrina
834 4270 867 4332 in
883 4275 974 4334 coetu
1015 4271 1147 4349 eclesiae
1159 4272 1384 4355 pronunciatus
1397 4271 1546 4356 abrogari
1557 4270 1637 4348 vult,
1655 4270 1705 4337 iis
1722 4297 1786 4340 ra-

295 4351 445 4433 tionibus,
460 4376 594 4436 quarum
610 4355 698 4419 nulla
722 4355 877 4422 Ministris
893 4363 999 4422 mente
1014 4359 1115 4423 solum
1128 4364 1184 4423 aut
1195 4361 1312 4424 tacitae
1325 4360 1409 4425 vocis
1423 4381 1584 4424 murmure
1596 4363 1788 4430 orantibus

1656 4453 1789 4532 aptari
