3712 4850
466 515 910 640 POLITICAE
944 514 1635 638 ECCLESIASTICAE

816 726 991 828 PARS
1029 721 1288 828 TERTIA.
1369 767 1372 773 ¹

316 935 455 1046 Lib.
478 937 522 1043 1.
552 937 649 1043 De
668 930 1014 1074 Regimine
1037 937 1101 1040 et
1121 929 1551 1042 Ordinaticne
1571 933 1788 1042 Eccle-

373 1104 504 1214 siae
523 1103 598 1210 in
618 1133 853 1244 genere
875 1105 939 1208 ct
958 1096 1256 1208 absolute
1278 1100 1736 1213 consideratae.

790 1351 1303 1430 TRACTATUSIH.

317 1495 399 1604 (lle
446 1495 846 1604 Antecesscrcce
902 1490 1407 1597 Ecclesiasticcrcrc'
1439 1493 1788 1616 conventibus,

666 1633 906 1777 collegite,
947 1633 1423 1775 correspondecliia

950 1860 1098 1930 Curua
1133 1859 1160 1928 L

656 2028 704 2095 De
721 2027 877 2116 syntria
890 2047 945 2092 sea
956 2026 1158 2106 consistoriis,
1171 2046 1226 2092 seu
1236 2025 1446 2114 presbyteriis.

287 2181 293 2194 ’
365 2193 545 2260 Conventus
564 2213 619 2256 seu
635 2189 770 2276 collegia
793 2193 868 2255 sunt
880 2189 931 2254 vel
942 2189 1036 2255 unius
1048 2189 1209 2255 Ecclesiae
1221 2190 1424 2274 particularia
1437 2213 1493 2256 seu
1504 2191 1640 2277 topicae,
1652 2193 1706 2257 rel
1715 2193 1795 2286 plu-

322 2285 408 2348 rium
423 2280 637 2346 Ecclesiamm
655 2280 688 2344 in
708 2302 771 2344 uno
788 2279 944 2357 districtu,
964 2280 1014 2344 vel
1034 2277 1176 2363 plurium
1196 2277 1443 2344 district-ualium
1460 2280 1493 2344 in
1511 2300 1574 2345 una
1590 2281 1725 2366 regione
1738 2286 1796 2347 ant

321 2370 493 2457 provincia,
505 2370 556 2434 vel
568 2369 708 2454 plurium
720 2368 933 2454 regionalium
946 2373 1002 2434 aut
1012 2368 1256 2453 provincialium
1268 2368 1300 2432 in
1312 2391 1377 2434 una
1390 2370 1529 2450 natione,
1542 2391 1599 2434 seu
1611 2392 1676 2434 uno
1690 2392 1795 2458 reguo

323 2463 346 2528 b
362 2459 506 2544 imperio.
1524 2523 1529 2530 .

365 2551 394 2634 §-
409 2551 440 2614 1.
455 2547 635 2613 Conventus
647 2569 703 2611 seu
714 2546 885 2632 collegium
899 2551 1134 2612 antecessorum
1146 2546 1179 2610 in
1191 2550 1255 2611 una
1267 2546 1411 2612 Ecclesia
1421 2546 1610 2631 particulari
1618 2570 1675 2612 seu
1684 2549 1797 2634 topica

321 2639 437 2704 dicitur
457 2637 686 2724 presbyterium
706 2637 721 2698 1
743 2634 885 2700 Timoth.
905 2637 935 2700 4.
953 2659 982 2700 v.
1007 2636 1058 2700 14.
1086 2635 1131 2700 Et
1149 2637 1345 2723 syriedrium,
1364 2637 1595 2712 consistorium,
1615 2657 1796 2715 consessus,

321 2729 425 2806 sessio,
451 2728 474 2791 u
497 2725 632 2789 dialecto
655 2723 787 2809 Belgica
806 2723 839 2788 in
858 2724 1055 2788 confessione
1067 2726 1154 2790 artic.
1168 2726 1220 2788 30.
1238 2727 1261 2791 dr
1276 2725 1310 2788 in
1322 2724 1456 2810 liturgia
1468 2725 1491 2791 b
1504 2725 1795 2792 constitutionibus

322 2815 554 2884 Ecclesiasticis
576 2811 824 2894 Rettboetdimbl.
848 2813 980 2878 Constat
992 2817 1098 2878 autem
1112 2835 1150 2878 ex
1163 2814 1798 2900 presbyterisdocentibuabgubernan—

323 2905 419 2983 tibus,
436 2902 643 2988 &aliquando
660 2925 699 2967 ex
711 2901 867 2978 diaconis3
881 2902 913 2966 in
926 2901 1077 2967 Ecclesiis
1090 2902 1156 2967 scil.
1173 2901 1440 2990 infrequentibus,
1456 2903 1513 2968 ubi
1531 2903 1640 2968 unicus
1652 2907 1705 2969 est
1718 2928 1798 2972 con-

323 2993 481 3060 cionator:
502 2992 600 3056 immo
621 2991 690 3058 &in
702 2990 978 3076 frequentissimis,
992 3013 1064 3055 cum
1075 2991 1116 3055 ad
1128 2996 1230 3056 certos
1246 2993 1399 3077 quosdam
1415 2995 1505 3057 aetus
1520 2991 1689 3079 regiminis
1703 3017 1797 3060 exer·

323 3083 436 3149 candos
448 3081 694 3160 concionatores,
706 3081 855 3160 seniores,
869 3079 1201 3145 diaconiconveniunt.
1218 3079 1301 3145 Sunt
1309 3085 1416 3146 autem
1425 3086 1514 3146 actus
1522 3082 1573 3147 illi
1580 3105 1606 3148 e.
1617 3104 1665 3168 gr.
1676 3084 1799 3151 electio

324 3195 380 3237 seu
397 3170 521 3235 vocatio
539 3173 715 3254 pastorum,
732 3169 902 3248 seniorum,
923 3169 1136 3248 diaconorum,
1153 3191 1325 3254 omnesque
1345 3170 1589 3236 deliberationes
1609 3172 1799 3239 &actiones

323 3261 426 3344 ipsam
446 3259 632 3324 electionem
653 3281 710 3324 seu
729 3258 897 3323 formalem
915 3258 1113 3322 vocationem
1126 3262 1182 3322 aut
1197 3259 1432 3344 praecedentes,
1448 3263 1505 3324 aut
1520 3260 1758 3344 subsequentes
1774 3265 1800 3328 b

323 3347 534 3414 necessariam
547 3371 619 3412 cum
632 3351 669 3411 ed
685 3347 912 3412 connexionem
924 3346 1091 3412 habentes.

367 3436 416 3501 De
438 3436 627 3500 demissione
647 3435 886 3516 concionatoris,
908 3435 1126 3502 &testimonio
1136 3435 1187 3500 illi
1197 3436 1420 3521 impartiendo,
1437 3436 1572 3522 aliisque
1584 3437 1800 3505 deliberatio-

324 3525 418 3591 nibus
438 3525 461 3590 &
480 3524 604 3589 actibus
620 3524 881 3608 praecedentibus
897 3527 953 3589 eut
964 3523 1171 3608 sequentibus
1184 3548 1256 3591 cum
1269 3530 1307 3590 ert
1318 3525 1571 3591 communionem
1583 3527 1798 3604 habentibus,

323 3615 407 3681 idem
423 3614 627 3678 statuendum
639 3636 759 3678 censeo.
785 3613 966 3695 Aliquando
978 3635 1050 3677 cum
1063 3613 1101 3678 de
1116 3615 1279 3680 vocatione
1296 3618 1352 3678 aut
1364 3613 1547 3679 dimissione
1558 3616 1801 3684 concionatoris

326 3703 484 3788 agendum
505 3706 564 3781 est,
583 3706 756 3768 conventus
772 3701 911 3786 synedrii
923 3724 978 3766 seu
994 3703 1185 3788 presbyterii
1201 3707 1325 3768 constat
1336 3703 1434 3782 etiam
1446 3725 1483 3768 ex
1495 3704 1673 3768 senioribus
1687 3707 1712 3771 s
1725 3707 1799 3772 dia-

325 3793 422 3871 conis,
443 3791 499 3875 qui
517 3814 618 3875 nuper
637 3791 821 3856 muneribus
842 3790 907 3855 illis
922 3790 1024 3856 functi
1036 3796 1121 3870 sunt,
1134 3814 1214 3875 quae
1227 3791 1420 3857 consuetudo
1432 3791 1465 3856 in
1477 3792 1598 3875 aliquot
1610 3791 1719 3880 Belgii
1734 3795 1799 3861 Ec-

325 3880 429 3945 clesiis
442 3880 618 3945 etiamnum
629 3883 783 3946 servatur.
808 3879 1726 3965 Aliquandoapraesentipresbyterio,certoincasuadele
1758 3885 1800 3949 ti-

325 3991 418 4034 onem
437 3969 666 4034 concionatoris
681 3969 875 4034 advocantur
890 3991 1009 4048 omnes,
1022 3968 1122 4054 quiin
1136 3969 1193 4034 illa
1205 3969 1348 4035 Ecclesia
1360 3991 1501 4054 unquam
1512 3993 1642 4035 munere
1655 3971 1728 4038 seni
1758 3974 1800 4039 ris

325 4061 382 4122 aut
397 4057 521 4122 diaconi
536 4057 677 4123 defuncti
693 4061 777 4123 sunt.
800 4055 847 4123 Ut
854 4059 923 4142 jam
934 4080 997 4122 non
1010 4058 1123 4134 dicem,
1136 4058 1168 4122 in
1185 4059 1375 4142 quibusdam
1384 4058 1536 4124 Ecclesiis
1548 4060 1589 4125 ad
1600 4065 1732 4124 conven¹
1758 4085 1800 4126 un

325 4145 472 4211 electioni
488 4146 715 4212 concionatoris
728 4147 921 4212 destinatum
933 4148 1039 4211 vocari
1056 4147 1162 4212 omnia
1175 4146 1337 4212 Ecclesiae
1349 4148 1494 4213 membra
1502 4149 1621 4234 ¹(virilis
1633 4171 1734 4232 seam
1762 4157 1802 4216 ut

322 4236 415 4319 juxta
438 4257 511 4299 cum
535 4236 711 4300 senioribus
734 4239 757 4302 s
781 4235 931 4314 diaconis,
955 4237 1075 4320 quique
1094 4235 1261 4322 capitatim
1286 4236 1476 4322 suffragium
1489 4237 1657 4302 electivum
1674 4237 1730 4302 fen
1758 4245 1801 4306 nt.

326 4321 431 4399 Quare
451 4327 558 4389 autem
575 4325 667 4408 juxta
686 4324 829 4390 ordinem
848 4329 990 4390 nostrum
1008 4325 1267 4390 Ecclesiasticum
1284 4347 1367 4390 anno
1389 4325 1484 4390 1586.
1498 4326 1530 4390 in
1544 4327 1662 4412 synodo
1674 4325 1730 4392 Na
1758 4352 1801 4394 o·

326 4412 393 4477 nali
413 4411 579 4498 Hagiensi,
597 4413 688 4500 [pag.
707 4413 789 4500 115]
810 4416 833 4480 b
860 4414 955 4478 1619.
981 4414 1014 4478 in
1039 4413 1734 4568 synodoNationaliDordracenaprobatpm
1762 4421 1804 4482 ut

1758 4528 1803 4572 vm
