3768 4842
265 335 426 402 Taren.
463 335 489 401 Ι.
523 335 583 400 Du
617 334 840 400 Eccnns1r
874 335 1130 401 Iusr1rurs.
1169 335 1263 404 (lar.
1299 335 1352 401 II.
1501 337 1542 401 37

9 501 11 570 l
81 517 151 586 tide
175 520 302 605 passim
322 522 479 587 Barbosae
494 519 680 589 Collectcrwa
694 523 737 586 nd
754 524 946 602 Braurona,
960 521 990 588 a·
1001 523 1176 588 machaea
1189 522 1241 588 SS.
1255 540 1414 607 corrprepp.
1436 521 1543 590 Cardi-

82 611 135 674 αἱ,
147 613 170 676 t
184 612 363 676 Carururrel
374 610 542 676 tottowils
554 623 639 676 tract.
656 611 694 676 de
705 611 927 678 Praecedentic
941 610 1188 680 cisterciensium
1200 610 1254 676 dc.
1267 610 1322 675 ubi
1339 610 1430 677 &alii
1446 612 1542 696 scrip·

84 703 154 765 toras
178 700 219 764 de
246 699 480 784 praecedentiis
503 699 701 766 clericalibus
729 700 918 765 indicantur.
951 705 1077 779 Quarto,
1091 699 1297 785 praeferenda
1312 703 1543 765 cruntterrena

82 789 309 890 spiritualibus,
323 789 457 873 profana
469 787 576 868 sacris,
588 787 672 854 bona
684 812 721 854 ac
735 789 904 876 privilegia
920 793 1058 869 externa,
1075 789 1199 874 gratiae
1210 788 1327 855 Christi
1341 791 1363 855 tr
1380 789 1542 874 pretiosis·

54 956 59 965 Ι
84 901 169 943 unae
187 877 291 943 fidei:
317 877 475 962 siquidem
499 900 653 962 pauperes
670 879 809 963 &plebei
821 879 950 944 ditiores
963 879 996 942 in
1011 879 1073 944 fide
1085 879 1162 963 (lac.
1181 878 1226 961 2.)
1239 881 1261 944 tc
1273 877 1364 942 bonis
1382 878 1541 962 operibus,

82 969 152 1032 iuter
174 967 290 1032 minus
313 966 519 1051 principalia;
545 970 689 1050 potentes
713 990 787 1032 vero
799 971 854 1032 aut
870 967 993 1043 divitas,
1008 969 1063 1033 sed
1075 967 1136 1031 fide
1149 989 1185 1031 ac
1196 967 1349 1050 operibus
1363 967 1540 1048 inferiores,

81 1057 152 1121 inter
177 1057 359 1141 praecipua
382 1055 543 1122 Ecclesiae
567 1057 709 1121 membra
724 1061 940 1137 numerentur,
953 1079 1028 1142 prae
1042 1057 1113 1121 aliis
1126 1055 1330 1132 honorentur,
1350 1057 1539 1123 adorentur:
1609 1104 1612 1112 ·

80 1147 145 1230 quia
165 1146 240 1211 scil.
269 1145 362 1229 plura
385 1145 505 1222 habent
528 1148 550 1211 h
577 1146 650 1210 dare
678 1150 826 1230 possunt3
854 1151 962 1211 contra
981 1146 1166 1232 negligatur
1178 1145 1324 1224 Lazarus,
1339 1145 1393 1232 qui
1405 1145 1499 1226 nihil,
1518 1149 1541 1213 lc

82 1235 164 1300 uidua
193 1257 283 1320 qnae
303 1238 429 1298 tantum
441 1234 519 1298 duos
531 1235 670 1300 aereolos
682 1234 823 1300 conferre
836 1239 950 1320 potest,
963 1235 1062 1300 immb
1074 1234 1264 1300 sanctissimi
1276 1234 1325 1299 illi
1337 1234 1357 1299 J
1360 1234 1501 1300 ohannes
1517 1239 1540 1302 tc

9 1381 13 1408 ,
80 1323 195 1402 Petrus,
220 1323 343 1408 quibus
364 1346 421 1388 nec
444 1346 557 1388 aurum
572 1347 629 1389 nec
645 1329 812 1410 argentum
830 1328 877 1388 est
889 1325 989 1391 Actor.
1002 1325 1031 1388 3.
1047 1323 1134 1401 Quae
1150 1324 1334 1408 turpissima
1348 1327 1395 1389 est
1419 1346 1538 1400 apoca-

79 1417 207 1492 ssbrldx,
223 1417 310 1477 teste
322 1413 430 1478 Iacobo
447 1415 500 1477 loc.
514 1414 561 1477 cil.
575 1412 650 1497 quia
662 1417 823 1498 spectatur
834 1413 911 1498 quid
923 1414 955 1478 in
970 1413 1111 1479 Ecclesia
1127 1412 1193 1480 &in
1205 1411 1358 1478 Membris
1367 1412 1540 1493 Ecclesiae,

80 1501 153 1586 quod
163 1506 218 1566 est
231 1505 325 1566 extra
336 1525 464 1566 causam
478 1501 607 1567 Sacram
620 1505 643 1569 h
654 1501 920 1567 Ecclesiasticam.

117 1591 145 1654 7.
170 1589 280 1654 XXV.
313 1597 435 1665 Qrmest.
460 1590 510 1655 An
540 1595 697 1678 repugnet
714 1591 846 1668 unitati,
859 1591 1024 1671 essentiae,
1037 1615 1073 1657 ac
1085 1591 1271 1678 perfectioni
1284 1591 1455 1672 Ecclesiae,
1466 1615 1540 1677 par-

80 1680 218 1746 ticularis
249 1679 426 1759 institutae,
454 1679 481 1744 si
505 1679 664 1745 Ecclesiae
677 1681 909 1746 constituantur
923 1682 954 1745 in
967 1681 1128 1760 Ecclesiis,
1143 1684 1189 1748 uti
1201 1680 1361 1746 Ecclesiae
1376 1681 1466 1768 [pag.
1481 1682 1540 1768 40]

79 1767 255 1856 Regulares
278 1767 508 1834 Monachomm
535 1768 567 1832 in
579 1768 730 1836 Ecclesiis
741 1769 917 1836 Urbicariis
930 1770 1040 1856 (etiarn
1058 1770 1253 1858 collegiatis,
1267 1774 1323 1835 aut
1336 1769 1535 1835 cathedrali-

74 1857 142 1938 bra,
165 1858 345 1924 secundnm
358 1857 475 1942 ipsos);
499 1858 673 1944 &collegia
684 1858 718 1922 in
730 1859 884 1944 collegiis,
897 1859 945 1924 uti
960 1862 1189 1928 monasteria&
1205 1859 1357 1925 asceteria
1374 1859 1539 1944 utriusque

78 1969 177 2026 mus,
202 1947 364 2032 imprimis
376 1970 413 2012 ea
425 1970 507 2031 quac
523 1951 636 2012 vocant
648 1951 784 2028 exemto,
801 1951 824 2014 tr
839 1948 1024 2013 innumerae
1040 1949 1107 2015 fere
1119 1949 1349 2028 fraternitates,
1362 1949 1540 2027 societateS,

78 2037 167 2116 rotis,
176 2035 383 2121 juramentis,
396 2036 522 2122 legibus
538 2036 751 2121 peculiaribus
764 2041 782 2100 a
794 2060 923 2122 corpore
935 2036 1158 2105 Ecclesiastico
1171 2043 1194 2108 h
1206 2039 1289 2103 inter
1301 2061 1334 2104 se
1347 2039 1514 2104 distinctae
1525 2044 1540 2104 Ρ

9 2167 11 2192 ι
78 2127 163 2212 sap.
188 2128 253 2212 Aff.
280 2127 309 2189 l.
342 2127 421 2199 Quia
444 2125 526 2190 tales
545 2125 749 2191 Ecclesiasin
761 2126 921 2205 Ecclesiis,
934 2127 1069 2213 collegia
1083 2128 1116 2192 in
1129 2127 1540 2213 collegiishindependen·

77 2221 122 2280 tes
149 2215 244 2300 quasi
268 2215 543 2286 subordinationes
567 2238 603 2279 ac
619 2214 776 2298 discordas
792 2216 971 2280 concordias
988 2217 1116 2302 ignorat
1128 2218 1231 2302 praxis
1245 2216 1428 2301 apostolica.
1453 2217 1539 2282 Exa-

79 2304 215 2369 miuetur
227 2307 331 2368 status
339 2303 501 2369 Ecclesiae
509 2303 829 2389 Hierosolymitanae,
842 2303 1070 2384 Antiochense,
1083 2305 1313 2379 Corinthiacae,
1326 2305 1540 2391 Ephesinaedr

78 2416 130 2458 sex
141 2393 280 2458 aliarum
293 2392 327 2456 in
341 2392 434 2458 Asis:
448 2392 530 2457 nihil
542 2394 607 2458 tale
618 2393 768 2460 invenies.
783 2432 823 2441 —
838 2395 867 2458 2.
884 2396 963 2468 Quia
975 2397 1133 2474 κακοζηλία
1145 2396 1202 2460 illa
1214 2395 1298 2480 sapit
1307 2395 1540 2470 ἱδιοσυγκρασίαν

79 2485 101 2548 t
122 2481 307 2566 snperbiam
319 2480 518 2566 spiritualem
529 2506 536 2558 ;
561 2504 632 2546 cum
645 2483 716 2567 quis
729 2505 893 2548 commune
910 2506 1034 2563 nomen,
1047 2489 1167 2564 votum,
1180 2484 1419 2569 professionem,
1432 2485 1455 2550 dr
1466 2484 1538 2548 uni-

80 2593 168 2636 onem
190 2594 228 2636 ac
239 2570 496 2636 communionem
508 2569 742 2637 Christianismi
754 2571 930 2652 fastidiens,
948 2575 1003 2637 aut
1017 2595 1053 2638 eo
1065 2596 1128 2638 non
1144 2577 1309 2639 contentus
1322 2572 1539 2638 sublimiorem

55 2657 1538 2836 .sttlttdtttmlttctttltt?rttltttthtttlttdtis?

80 2837 223 2915 rationes,
249 2837 452 2917 secessiones,
476 2836 639 2917 factiones,
664 2837 844 2919 divisiones,
858 2839 1016 2919 scismata,
1029 2841 1245 2906 contentiones
1256 2864 1262 2917 ;
1276 2840 1377 2904 autin
1390 2862 1442 2904 aas
1455 2840 1538 2904 desi-

82 2931 167 3006 nunt,
179 2925 265 2992 Vide
280 2928 295 2990 l
316 2925 385 2993 Cor.
399 2925 430 2993 1.
447 2927 497 2994 12.
512 2927 564 2991 13.
577 2929 600 2994 dr
612 2929 710 2993 duduc
724 2949 753 2992 v.
769 2928 819 2992 19.
835 2966 875 2976 -
886 2929 915 2992 4.
930 2929 1148 3015 Qcciopariunt
1159 2929 1358 2994 confusiones
1369 2928 1538 2994 &difficul-

81 3021 158 3080 tates
181 3015 366 3080 innumeras
391 3015 474 3081 circa
500 3017 686 3082 exercitium
699 3015 871 3082 Potestatis
884 3020 907 3084 tr
922 3017 1059 3084 Politice
1075 3018 1326 3084 Ecclesiasticae.
1351 3016 1420 3082 Hoc
1432 3018 1539 3097 videre

82 3109 124 3169 est
135 3105 167 3170 in
182 3103 320 3189 Papam,
332 3105 388 3169 ubi
399 3104 543 3170 infinitae
556 3106 772 3177 contentiones
784 3107 822 3171 de
836 3107 1087 3192 exemptionibus
1100 3107 1308 3193 &privilegiis
1317 3106 1538 3193 Regularium,

81 3199 185 3260 watra
206 3193 394 3278 Episcopus,
419 3194 560 3280 aliosque
579 3193 765 3261 Saeculares
781 3195 996 3262 Ecclesiarum
1008 3196 1170 3274 Rectores,
1187 3197 1302 3282 quibus
1314 3196 1438 3261 fervent
1451 3197 1540 3262 curia

82 3285 102 3349 t
122 3285 229 3348 culina
257 3281 412 3348 Romana.
438 3281 518 3349 Vide
529 3284 651 3370 Scripta
662 3287 836 3370 aduersari
851 3285 1049 3366 Sertorii-slis,
1061 3287 1102 3351 ab
1115 3291 1178 3350 una
1190 3289 1290 3370 parte,
1307 3308 1363 3370 per
1376 3287 1539 3352 siticulosum

81 3375 105 3438 le
127 3373 256 3439 ,vauca
278 3375 302 3438 dr
325 3375 505 3439 sporrone
517 3375 720 3460 tepidarium
736 3375 776 3439 ab
789 3376 889 3440 altera
902 3379 993 3461 parte
1005 3380 1079 3440 ante
1092 3397 1190 3440 annos
1203 3374 1324 3458 aliquot
1341 3374 1399 3439 sub
1411 3376 1538 3442 nomine

83 3463 221 3528 uenata
245 3461 348 3536 edita;
372 3484 514 3527 necnon
533 3463 1335 3551 grandiaillavoluminaltodericidellcputoritus,
1355 3465 1540 3530 Tamburini
1566 3471 1577 3494 ⁸

81 3551 114 3616 dr
124 3551 302 3629 Abderitas,
318 3552 429 3618 lineali
446 3552 598 3638 Ctoppini
613 3553 651 3634 de
665 3553 761 3620 Sacra
778 3556 892 3620 Politia
903 3556 1031 3639 forensi,
1044 3555 1241 3638 aliorumque
1254 3553 1429 3637 compluria
1451 3556 1538 3620 Part.
1631 3575 1638 3590 ·

82 3641 109 3706 2.
131 3640 202 3726 (ubi
229 3641 267 3704 de
296 3641 470 3726 ,llorcuctisl
494 3643 516 3708 tr
540 3642 750 3708 alibianobis
763 3643 910 3709 indicata.
934 3642 1080 3728 Denique
1093 3644 1170 3708 adde
1187 3665 1295 3707 omnes
1308 3643 1386 3708 alias
1399 3642 1538 3708 rationes

81 3734 185 3794 tonus
210 3727 437 3795 Monachatum
449 3729 576 3808 ibidem,
589 3734 612 3798 tc
624 3735 732 3796 contra
747 3731 978 3798 Fratemitates
993 3734 1027 3798 in
1039 3733 1119 3818 disp.
1133 3733 1171 3798 de
1182 3733 1363 3798 Idololatrid
1378 3732 1538 3812 imtireetrt,

82 3819 103 3883 t
126 3821 158 3883 ‘a
180 3821 279 3884 itaet.
291 3821 328 3884 de
338 3821 505 3886 Proerna
524 3821 677 3886 Marianis
691 3821 813 3887 anobis
825 3822 960 3888 antehac
972 3823 1098 3902 allatas,
1112 3825 1135 3889 tc
1147 3821 1232 3886 infra
1244 3819 1333 3887 Part.
1348 3821 1377 3886 2.
1391 3824 1538 3905 repeten-

82 3905 101 3985 d
169 3947 209 3954 —
234 3906 352 3972 XXVI.
384 3915 505 3984 Queat.
533 3907 583 3974 An
606 3909 749 3996 Oollegin
771 3934 826 3976 seu
850 3911 1030 3977 Conventus
1055 3910 1338 3988 Catachizantium,
1360 3911 1428 3978 &in
1441 3911 1538 3976 sacris

84 4017 101 4058 a
153 3996 313 4082 reologicis
324 4019 394 4062 sese
403 3997 642 4076 Exercendum,
655 3999 848 4064 constituant
860 4001 944 4085 apud
955 4023 1012 4065 nos
1025 4001 1199 4085 peculiares
1212 3999 1370 4066 Ecclesias
1382 4000 1415 4064 in
1427 3999 1538 4065 Eccle-

85 4087 101 4146 εἴ
176 4085 277 4170 iisque
300 4086 361 4151 hoc
372 4086 441 4170 pari
457 4087 579 4154 ratione
591 4087 726 4173 impingi
742 4090 852 4173 possit,
864 4112 901 4154 ac
913 4088 1048 4170 Ascetis,
1062 4089 1237 4168 Monaohis,
1252 4091 1274 4154 tc
1287 4088 1421 4154 Fratriis
1433 4088 1538 4173 Papa·
1624 4167 1628 4174 ι

87 4175 101 4234 t
166 4175 254 4258 desp.
281 4177 354 4260 Nep.
377 4173 464 4240 Nam
477 4179 512 4240 ut
524 4175 723 4242 Domesticae
739 4178 899 4244 Ecclesiae
913 4181 1007 4266 (quae
1024 4179 1070 4243 ita
1083 4177 1254 4260 dicuntur),
1267 4182 1323 4243 aut
1336 4177 1537 4243 Parochiales

87 4258 101 4324 ί
149 4267 257 4327 sentus
279 4265 313 4328 in
336 4265 527 4350 quibusdam
552 4264 731 4331 reformatis
754 4267 915 4346 Ecclesiis,
928 4291 989 4332 non
1002 4268 1124 4334 faciunt
1135 4267 1327 4352 peculiarem
1343 4267 1536 4344 Ecclesiam

86 4369 101 4412 u
150 4351 462 4432 confoederationem,
479 4354 755 4436 coordinationem,
768 4359 959 4440 potestatem
972 4359 994 4423 lc
1006 4357 1157 4422 Politiam
1169 4357 1426 4436 Ecclesiasticam
1441 4379 1537 4441 pecu·

89 4435 101 4500 l
157 4462 209 4521 nu:
232 4444 286 4508 sed
308 4465 404 4510 unam
428 4444 621 4531 eandemque
647 4444 692 4524 in,
716 4467 798 4527 cum,
822 4449 845 4514 t
868 4445 926 4512 sub
947 4469 1009 4512 uno
1022 4447 1537 4601 οοᾱθωᾳυθΡτοεὺγίεήοῖἰιὲεΠὲέἶ

1529 4583 1537 4613 i
