3722 4850
309 315 422 381 Tasci.
435 315 475 384 II.
501 317 549 382 Da
563 317 696 398 Pascua,
710 318 884 398 Bausmcn,
902 318 1055 384 Doroaoo.
1067 318 1161 385 Eoos.
1185 317 1256 384 Car.
1270 318 1329 383 Ill.
1511 320 1550 383 51

94 505 159 588 grat
182 507 291 568 coatus
306 501 480 584 Ecclesiae,
503 527 540 569 eo
552 505 686 586 eundem
699 506 877 570 concitatur
887 511 1009 586 cantus,
1023 528 1096 572 cum
1107 506 1241 572 caeteris
1253 505 1413 572 exercitiis
1425 507 1553 572 eeclesi-

94 591 205 656 asticis.
229 590 380 657 Facessat
402 614 479 677 ergo
502 592 617 658 chorus
640 616 713 658 curn
736 595 1077 661 stallisbambonibus
1090 595 1308 661 suissolorum
1321 595 1554 674 canonicorum,

96 679 327 759 monachorum,
351 679 529 746 eboralium
549 705 721 766 puerorum
743 684 850 748 cantui
877 684 1065 749 destinatus.
1090 683 1207 750 Confer
1230 707 1312 769 quae
1335 683 1420 748 infra
1431 684 1497 749 tit.
1523 685 1552 748 4.

94 769 291 854 disputamus
303 769 341 836 de
356 771 501 855 Templis.
515 771 544 836 5.
556 771 680 850 Quaest.
691 769 793 846 Quam
801 771 951 856 frequens
963 773 1077 838 debeat
1090 795 1157 838 esse
1170 772 1290 839 Cantus
1298 772 1554 838 ecclesiasticus?

95 857 179 941 Resp.
203 857 240 922 ld
263 859 415 942 cujusque
431 859 593 925 Ecclesiae
606 859 743 924 arbitrio'
754 860 1009 944 relinquendum.
1022 860 1145 926 Saltem
1157 862 1261 927 cavari
1275 862 1379 941 debet,
1391 884 1431 925 ne
1443 867 1555 926 cantus

94 967 179 1010 omne
203 951 341 1031 tempus,
367 951 423 1012 aut
437 948 595 1032 potiorem
609 949 762 1032 temporis
774 953 899 1032 partem
912 950 946 1014 in
959 950 1057 1014 sacris
1070 950 1277 1015 conventibus
1293 953 1441 1034 occupet;
1459 954 1555 1034 atque

94 1033 164 1100 adeo
176 1034 386 1119 precationes,
399 1036 488 1100 verbi
500 1036 600 1101 divini
611 1037 772 1116 lectiones,
785 1038 949 1104 conciones
966 1040 1166 1103 submoveat:
1180 1039 1229 1102 uti
1242 1039 1377 1104 antehac
1388 1038 1511 1103 facturn
1522 1039 1556 1103 in

95 1120 231 1207 Papam
256 1123 313 1188 ubi
335 1123 488 1208 theologi,
512 1147 591 1209 quos
614 1127 780 1190 canonicos
804 1127 977 1211 appellant,
990 1127 1083 1192 initio
1099 1127 1132 1191 in
1144 1127 1252 1206 verbo,
1266 1127 1423 1210 precibus,
1441 1130 1464 1194 8]
1480 1132 1556 1192 curii

93 1212 269 1276 animarum
293 1211 485 1292 laborantes,
502 1219 598 1296 atque
614 1214 674 1279 hoc
686 1219 832 1298 respectu
845 1215 943 1280 tantis
956 1216 1111 1282 reditibus
1125 1215 1235 1292 dotati,
1248 1215 1406 1299 paulatim
1417 1215 1452 1278 in
1463 1237 1556 1280 voces

94 1301 302 1381 mntillautes,
318 1306 485 1384 praeberes
496 1302 589 1382 nihil,
602 1302 845 1387 degeneriarunt.
859 1303 910 1368 lta
926 1307 962 1368 ut
974 1305 1127 1388 quidquid
1140 1304 1376 1369 reformationis
1387 1305 1423 1369 ia
1440 1305 1556 1371 Cenat.

98 1389 276 1455 intestino
287 1411 363 1473 prae
374 1412 408 1454 se
420 1391 562 1470 tulerint,
576 1391 674 1455 etiam
687 1391 778 1478 [pag.
792 1392 873 1480 544]
890 1393 984 1457 hodie
998 1394 1060 1458 duo
1072 1394 1165 1476 quasi
1178 1393 1361 1458 essentialia
1374 1391 1439 1457 sint
1451 1393 1555 1477 requi·

93 1476 149 1542 sita
174 1477 330 1554 canonici,
353 1482 391 1543 ut
417 1480 549 1544 stallum
560 1479 679 1544 habeat
690 1479 724 1542 in
737 1479 843 1557 choro,
860 1483 883 1547 8]
899 1503 1007 1546 ιοεεει]
1023 1482 1057 1546 in
1073 1482 1230 1566 capitulo:
1241 1483 1334 1565 juxta
1349 1481 1556 1546 novissimam

14 1617 16 1620 .
95 1566 387 1632 determinationem
411 1567 610 1633 celeberrimi
633 1569 816 1633 canonistas
839 1573 970 1655 Aupum
998 1572 1138 1636 Barbara
1160 1572 1196 1636 εἰ]
1219 1582 1306 1636 tract.
1331 1571 1369 1636 dr
1393 1571 1558 1636 Caaorticis

93 1675 155 1740 cap.
183 1657 235 1720 12.

662 1801 850 1868 Garun
895 1801 978 1868 ΙΙΙ.

479 1986 528 2052 De
541 1985 679 2073 Organis
692 1989 716 2054 lt
727 1987 832 2054 (lanta
845 1988 994 2074 organico
1007 1989 1040 2052 in
1054 1986 1170 2086 Sacris.

92 2172 138 2236 De
157 2182 252 2238 canta
280 2172 427 2256 orpaaico
454 2173 641 2256 replicaturi
653 2192 765 2238 samaa
788 2173 813 2237 1.
834 2173 1083 2238 Controversiam
1099 2173 1284 2256 praecolere.
1310 2172 1352 2236 II.
1374 2171 1556 2240 Controuer-

134 2261 198 2326 sias
208 2261 314 2345 mapis
323 2261 542 2346 particulares.
567 2262 627 2326 III.
644 2262 743 2327 Casas
760 2261 915 2346 quosdam
930 2260 961 2327 a·
970 2261 1165 2345 problemata
1175 2261 1278 2346 anapia
1290 2261 1439 2344 practica.

133 2449 161 2532 5.
177 2449 207 2514 1.
230 2445 270 2512 In
293 2448 508 2512 controversia
520 2447 691 2532 principali
704 2446 909 2524 enucleandis,
922 2449 1090 2511 occurrunt
1113 2446 1142 2510 l.
1154 2445 1376 2531 Praecognita.
1399 2447 1429 2509 2.
1447 2445 1557 2530 Hypo·

93 2534 207 2615 theses,
231 2535 395 2620 postulata
414 2533 598 2611 hittipero.
623 2533 778 2602 astans
791 2535 1033 2600 controversiae.
1057 2537 1086 2598 4.
1104 2533 1365 2619 Argumenta
1377 2533 1558 2600 Solutiones

92 2624 316 2708 objectionum.
344 2625 373 2688 1.
387 2624 606 2708 Praecoprtitio
617 2624 828 2688 terminorum
841 2628 890 2688 est
904 2624 934 2686 1.
951 2645 1070 2702 eorum,
1084 2623 1139 2706 qui
1152 2623 1192 2687 ad
1206 2623 1384 2706 subjectum
1396 2624 1557 2706 quaestio·

92 2712 140 2776 nis
152 2713 324 2797 pertinent:
334 2716 410 2778 sunt
422 2716 529 2790 autem
543 2711 663 2777 (lautus
675 2735 732 2777 seu
744 2710 878 2790 Musica,
891 2712 1053 2796 Organon,
1067 2710 1190 2776 Musica
1203 2711 1363 2796 organica,
1374 2733 1429 2776 seu
1438 2710 1558 2776 Cantus

91 2801 270 2886 organicus.
297 2801 327 2866 1.
349 2802 468 2867 Cantas
484 2803 533 2865 est
545 2823 641 2865 sonus
653 2801 850 2866 modulatus:
870 2805 906 2864 ut
918 2801 1031 2865 docent
1044 2800 1182 2886 Physici.
1195 2798 1416 2884 Distinguitur
1429 2799 1461 2862 in
1478 2799 1554 2864 sim-

92 2889 216 2971 plicam,
238 2891 263 2956 dc
278 2890 312 2952 in
328 2911 392 2954 non
404 2889 591 2973 simplicem,
604 2891 628 2956 dt
639 2890 692 2954 hic
703 2911 831 2954 rursum
843 2887 876 2952 in
890 2887 1051 2968 Tractum,
1066 2889 1135 2954 trin
1146 2887 1388 2952 Harmonicum.
1412 2886 1555 2952 Hermo-

91 2977 180 3044 nicus
199 2999 328 3044 rursum
352 2977 440 3043 varie
460 2977 613 3043 dividitur
633 3001 672 3043 ex
691 2977 784 3042 modo
804 2999 842 3042 ex
855 2978 999 3064 materit,
1013 2978 1035 3043 8]
1048 2976 1169 3042 medio:
1187 2999 1250 3041 nou
1263 2976 1336 3040 aliis
1347 2974 1557 3042 divisionibus

91 3067 129 3130 ad
149 3066 293 3132 Musicos
317 3067 507 3146 amandatis,
532 3067 710 3131 delibamus
726 3066 933 3145 solummodo,
947 3065 1022 3150 quia
1034 3068 1174 3150 tangunt
1186 3064 1268 3130 hanc
1280 3069 1423 3130 nostram
1434 3064 1558 3149 discep-

91 3156 258 3236 tationem,
277 3155 357 3220 duas
374 3178 413 3221 ex
431 3155 537 3233 modo,
561 3161 583 3217 1]
602 3177 700 3219 unam
722 3177 762 3220 ex
785 3153 908 3236 objecto
920 3151 976 3218 seir
988 3155 1134 3234 materia,
1147 3155 1244 3221 unam
1260 3153 1395 3238 denique
1408 3169 1446 3218 ex
1463 3159 1559 3220 causa

89 3265 144 3307 εει]
157 3244 276 3309 medio.
300 3243 350 3309 Ea
364 3244 457 3310 ειιοιίο
469 3243 674 3309 mensurandi
687 3242 770 3308 alins
787 3249 836 3308 est
848 3243 992 3326 simplex,
1006 3264 1102 3326 quem
1115 3242 1276 3307 choralem
1288 3244 1312 3308 dt
1324 3241 1556 3326 Gregorianum

88 3333 275 3416 appellant;
296 3332 379 3398 alius
401 3332 624 3411 chromaticus,
649 3355 703 3396 seu
729 3331 884 3416 figuralis,
906 3353 999 3414 quem
1011 3330 1261 3396 Ambrosianum
1274 3331 1394 3395 dicunt.
1417 3329 1557 3396 Rursum

88 3441 125 3486 ca
136 3422 234 3488 morte
245 3420 391 3485 variandi
403 3426 513 3486 eontra
525 3425 677 3504 punctum
690 3421 713 3485 b
726 3420 944 3484 harmonicam
952 3420 1204 3500 consonantiam,
1214 3419 1296 3483 alius
1305 3423 1354 3484 est
1362 3417 1557 3498 Motatticus,

89 3509 173 3576 alius
195 3508 436 3594 Madrigalieus.
460 3512 510 3576 Ea
530 3509 661 3574 materia
681 3532 736 3573 sau
750 3508 883 3592 objecto,
901 3508 982 3573 alius
999 3513 1047 3572 est
1059 3531 1148 3575 sacer
1164 3530 1220 3572 seu
1235 3507 1392 3591 specialis,
1405 3507 1496 3591 isque
1509 3509 1559 3572 vel

88 3599 121 3662 in
139 3620 237 3664 nsum
259 3598 430 3686 privatum,
454 3598 505 3662 vel
521 3597 553 3660 in
576 3619 667 3662 usum
693 3596 954 3673 ecclesiasticum
968 3597 1051 3662 alius
1064 3595 1240 3662 communis
1253 3617 1308 3660 seu
1325 3595 1487 3678 profanus.
1510 3597 1560 3662 Ea

90 3689 199 3754 &aad
209 3707 268 3752 sen
284 3687 398 3766 medio,
411 3686 493 3751 alius
507 3690 556 3751 est
571 3686 699 3764 vocalis,
716 3687 798 3750 alius
815 3685 1079 3764 instrumentalis,
1093 3686 1175 3750 alius
1187 3684 1318 3748 mixtus.
1343 3685 1373 3750 2.
1397 3683 1559 3768 Orpenna,

14 3835 16 3840 .
86 3799 141 3842 εει]
166 3777 421 3841 instrumentum
440 3773 688 3860 (synecdochice,
709 3773 878 3852 Musicum,
894 3775 978 3858 quod
990 3772 1131 3838 Hebraei
1143 3773 1307 3857 appellant
1320 3759 1369 3858 rb?
1404 3773 1434 3837 2.
1462 3771 1559 3839 Chro-

14 3867 16 3926 J
87 3866 148 3932 air.
161 3870 197 3928 l.
212 3865 266 3927 22.
280 3864 386 3930 Arios.
400 3864 431 3928 6.
447 3863 492 3946 5.)
503 3893 510 3937 ;
523 3863 557 3926 in
570 3883 686 3947 genere
702 3867 751 3926 est
764 3883 856 3927 omne
868 3863 1081 3927 inanimatum
1089 3861 1201 3941 ἄψυχον
1209 3863 1253 3946 (1.
1267 3863 1335 3926 Cor.
1352 3859 1402 3924 14.
1417 3859 1460 3943 7.)
1476 3863 1560 3944 quod

14 3977 15 4000 ³
87 3957 221 4037 praeter
233 3973 342 4016 vocem
355 3952 530 4016 humanam
546 3952 569 4016 tt
581 3951 763 4028 animalem,
776 3949 947 4016 adhibetur
959 3951 999 4014 ad
1014 3955 1144 4014 cantum
1157 3953 1213 4013 aut
1226 3970 1339 4013 sonum
1351 3949 1559 4015 modulatum.

14 4041 15 4112 ᾗ
84 4041 257 4106 Dividitur
271 4045 380 4106 autem
395 4040 428 4104 in
440 4038 608 4120 ψηλαφητὲν
624 4038 727 4122 (Quod
743 4038 840 4102 etiam
855 4035 995 4112 speraris
1008 4040 1030 4104 tt
1042 4036 1162 4098 ’ἐντατον
1176 4038 1371 4122 appellant);
1385 4037 1453 4103 &in
1465 4059 1554 4098 πνευ-

14 4123 16 4196 ἷ
84 4127 289 4204 permissere
301 4125 496 4204 ἔμπνεεστονι
509 4125 589 4190 illud
601 4128 668 4191 solo
680 4127 775 4210 pulsu
787 4130 974 4191 concentum
983 4127 1057 4190 edit:
1069 4125 1154 4190 istud
1164 4126 1214 4190 vel
1224 4130 1317 4191 vento
1325 4128 1349 4192 dt
1357 4126 1453 4190 simul
1461 4129 1560 4204 tactu,

14 4267 16 4276 r

14 4237 15 4244 ¹
86 4221 135 4285 sel
166 4218 240 4283 solo
264 4221 369 4281 vente.
393 4215 494 4280 Porrb
521 4215 746 4279 dichotomiam
769 4215 851 4280 hanc
863 4213 1006 4278 omnium
1018 4215 1306 4280 instrumentorum
1318 4213 1462 4294 insinuat
1474 4213 1559 4280 Scri·

84 4314 199 4393 ptura.
218 4308 246 4371 1.
262 4307 333 4370 Cor.
348 4305 398 4369 14.
414 4304 443 4370 7.
458 4305 481 4369 h
496 4301 572 4369 Gen.
586 4304 616 4367 4.
631 4305 683 4366 21.
708 4302 773 4368 Ubi
789 4302 1014 4388 synecdochice
1027 4325 1065 4367 ex
1077 4324 1203 4386 quoque
1216 4323 1343 4387 genere,
1360 4325 1424 4368 una
1439 4304 1560 4387 species

14 4441 16 4470 ;
83 4394 291 4481 principalis,
315 4398 371 4458 aut
394 4392 533 4459 maxime
556 4395 634 4458 nota
656 4391 825 4457 indicatur.
850 4391 951 4458 Locus
963 4392 1213 4458 nuliatenus.
1227 4393 1257 4456 5.
1277 4391 1306 4456 7.
1324 4394 1374 4457 10.
1395 4413 1452 4476 per
1467 4391 1560 4454 indu·-

1424 4478 1561 4542 ctionem
