3712 4850
237 291 244 302 '
306 293 368 355 178
667 290 746 354 Pras
771 289 795 352 Ι.
821 289 868 354 Da
892 290 1028 355 (larsem
1053 291 1156 354 Poma.
1183 289 1274 355 Ecca.
1299 289 1363 354 Lm.
1373 251 1412 353 Ἰ.

306 484 421 542 statem
443 482 606 541 externam
624 479 654 541 lr.
670 503 696 542 e.
711 479 969 562 politic-aurenca
982 501 1071 566 sarra
1089 482 1109 544 ἃ
1127 479 1359 556 Ecclesiastica,
1373 499 1440 560 carp.
1454 479 1483 536 il.
1499 479 1519 541 ἃ
1534 476 1564 540 ·l·.
1580 476 1706 540 anolus
1724 499 1779 539 er-

306 569 458 652 positam.
480 570 498 629 2
530 569 625 648 (laria.
639 569 758 632 suflicit
781 572 912 632 externa
928 568 984 632 illa
998 571 1018 633 d
1034 567 1184 632 directim
1201 568 1359 630 Potestate
1373 567 1398 629 si
1412 587 1474 629 non
1491 565 1611 629 auferri
1630 564 1778 629 Potesta-

306 663 370 722 tem
384 657 527 741 tyrannis
544 657 710 740 (imlirecte
723 657 789 721 scil.
804 660 826 722 a
842 663 1081 740 consequenter,
1095 658 1170 721 dum
1182 658 1327 741 legitimo
1343 655 1437 733 bellu,
1451 660 1507 718 ant
1521 653 1682 718 l‘utestate
1696 660 1777 738 qua-

219 789 227 802 ·
307 747 353 809 vis
378 746 599 820 coactiva,e0s
627 747 699 810 inde
718 747 819 830 pellit,
834 756 888 810 aut
905 747 1001 810 etiam
1019 744 1147 830 propter
1159 748 1277 810 scelera
1290 749 1311 811 ἃ
1325 745 1449 830 flagitia
1462 748 1604 807 extremo
1618 744 1778 828 supplicio

307 835 417 912 afficit)
431 835 744 899 saltem-exercitium
758 837 825 918 ejus
837 836 983 918 impediri
995 860 1001 910 ;
1016 837 1113 900 donec
1126 859 1234 919 pressa
1247 838 1268 901 &
1282 835 1469 918 perturbata
1480 833 1623 897 Ecclesia
1632 833 1779 897 ordinem
1805 885 1812 894 .

306 930 409 1004 nacta,
436 929 492 986 aut
511 924 684 988 ordiniano
700 925 848 988 restituta
865 947 1040 1008 manusque
1050 927 1117 1007 y'am
1130 925 1246 989 liberas
1260 927 1282 991 &
1295 924 1457 1008 expeditas
1471 923 1603 1000 liabens,
1618 921 1779 986 Ecclesia·

307 1015 385 1078 stiae
413 1035 540 1076 causam
566 1010 704 1072 ἀτάκτων
726 1014 859 1078 istorum
888 1014 1048 1078 examinet
1075 1037 1110 1078 ac
1127 1014 1286 1096 dijudicet.
1311 1013 1385 1076 Non
1402 1019 1449 1077 est
1465 1033 1542 1098 ergo
1555 1011 1702 1076 Potestas
1718 1011 1778 1074 illa

282 1113 290 1126 '
308 1101 528 1188 Magistratus,
558 1103 688 1185 ejusque
712 1103 897 1168 exercitium
911 1125 1005 1166 causa
1025 1104 1154 1182 directe,
1170 1126 1282 1186 perse,
1296 1105 1318 1168 &
1330 1103 1475 1186 proxime
1488 1101 1695 1175 constituens,
1709 1100 1779 1165 tor-

310 1214 411 1271 maus,
436 1191 623 1266 reformans,
652 1183 911 1256 Ecclesiasticum
937 1203 1059 1276 corpus,
1085 1193 1281 1276 &publicum
1294 1193 1327 1255 in
1341 1215 1377 1256 eo
1390 1192 1527 1256 cultum:
1553 1191 1607 1254 sed
1620 1197 1668 1255 est
1680 1213 1780 1254 causa

310 1282 377 1345 sine
402 1285 465 1364 qua
478 1303 550 1358 nou,
566 1302 620 1344 seu
634 1303 799 1345 removens
813 1280 1083 1365 impedimentum.
1108 1281 1182 1346 Nou
1196 1286 1244 1346 est
1255 1303 1332 1366 ergo
1345 1281 1543 1358 conveniens,
1556 1281 1671 1343 nedum
1687 1285 1724 1343 ut
1738 1280 1782 1342 sit
1819 1285 1833 1306 ⁸

311 1370 480 1434 necessarii
500 1369 592 1452 juris,
609 1374 645 1432 ut
673 1369 883 1455 Magistratus
896 1369 1092 1435 Potestatem
1105 1371 1250 1454 tyrannis
1268 1369 1544 1454 &usurpatoribus
1561 1369 1702 1434 ablatam
1718 1369 1782 1432 sibi

309 1460 462 1526 tribuat&
474 1458 508 1521 in
521 1481 554 1522 se
567 1458 751 1525 transferat.
766 1459 832 1523 Hoc
846 1459 932 1523 eninr
946 1464 1028 1523 esset
1041 1483 1102 1524 non
1117 1465 1183 1523 tam
1195 1461 1307 1524 tollere
1319 1459 1520 1543 tyrannidem
1535 1457 1782 1522 &Antichristi-

311 1550 479 1626 anismam,
506 1569 600 1630 quam
631 1553 754 1612 mutare
779 1547 966 1632 subjectum,
992 1547 1081 1613 Haut
1107 1551 1196 1634 [pag.
1211 1549 1291 1634 212]
1317 1548 1410 1613 aliter
1423 1547 1498 1612 acsi
1514 1545 1727 1632 Magistratus
1741 1548 1783 1611 ad

266 1647 271 1656 '
313 1637 475 1720 querelam
500 1639 521 1701 &
545 1637 743 1719 postulatum
768 1637 887 1716 Mariti,
914 1639 1152 1722 usurpationem
1174 1638 1348 1702 Potestatis
1373 1636 1530 1701 maritalis
1555 1637 1701 1700 adultero
1726 1641 1785 1700 aut

312 1726 432 1810 raptori
446 1726 566 1789 adimat
579 1730 634 1788 aut
647 1726 826 1809 prohibeat,
837 1732 932 1810 atque
942 1731 1005 1790 una
1019 1729 1152 1792 eandem
1161 1727 1356 1791 potestatem
1367 1726 1546 1790 maritalem
1556 1724 1687 1789 inillam
1699 1725 1785 1789 Foe-

270 1807 289 1822 ”
311 1817 432 1880 minam
456 1816 538 1900 (jure
555 1814 646 1897 quasi
659 1815 753 1898 spolii
767 1823 822 1879 aut
839 1816 1080 1897 confiscationis
1095 1821 1150 1880 aut
1163 1816 1260 1880 officii
1274 1814 1392 1880 Marito
1404 1814 1563 1899 praestiti)
1577 1815 1609 1878 in
1623 1837 1656 1878 se
1673 1819 1785 1902 traps-

313 1905 405 1983 ferat
430 1906 452 1970 &
479 1905 547 1987 ipse
575 1909 716 1987 usurpet.
741 1903 830 1978 Quod
856 1909 939 1968 esset
964 1911 1087 1970 mutare
1104 1906 1293 1984 adulterum,
1308 1926 1370 1969 non
1383 1903 1587 1980 adulterium,
1600 1904 1784 1987 subjectum

276 2071 286 2088 Ι
313 1993 530 2077 turpitudinis,
556 2015 617 2055 non
632 1993 874 2077 turpitudinem.
899 1993 944 2058 Ut
957 2017 1033 2079 ergo
1046 1994 1257 2079 Magistratus
1270 2017 1326 2078 per
1339 1994 1536 2058 Potestatem
1549 2015 1639 2056 suam
1652 1992 1786 2056 directi-

315 2105 396 2157 vam,
422 2104 614 2165 supremam,
639 2081 661 2145 dr
684 2082 868 2160 coactivam,
896 2084 950 2146 sed
978 2089 1151 2161 externam,
1177 2083 1373 2167 prohibendo
1397 2083 1576 2146 adulterum
1590 2087 1645 2146 aut
1658 2082 1787 2146 alienae

232 2204 239 2219 ·
314 2171 457 2255 conjugis
476 2175 648 2254 raptorem,
662 2171 750 2236 nullo
758 2173 830 2256 jure
844 2172 905 2235 sibi
918 2173 1076 2236 vindicare
1093 2177 1197 2256 potest
1209 2173 1367 2237 intemam
1381 2175 1403 2238 δι
1419 2175 1520 2230 clastra
1533 2172 1622 2234 illam
1636 2169 1787 2238 Potesta-

316 2265 381 2324 tem
410 2259 520 2323 Mariti
543 2260 576 2323 in
603 2258 740 2324 Uxorem
768 2273 877 2346 (quam
890 2262 1069 2324 maritalem
1088 2263 1267 2344 vocamus&
1281 2263 1302 2326 &
1316 2265 1352 2324 nt
1365 2261 1448 2326 idem
1462 2259 1671 2346 Magistratus
1684 2260 1787 2326 fures.

315 2350 499 2433 praedones
525 2370 561 2412 ac
573 2354 770 2433 grassatores
787 2351 920 2414 arcendo
934 2354 952 2413 a
966 2351 1055 2414 bouis
1068 2352 1277 2428 subditorum,
1293 2351 1325 2414 iu
1342 2351 1555 2434 possessiones
1568 2349 1640 2414 illas
1653 2372 1717 2413 uon
1733 2350 1788 2412 iu-

270 2501 281 2520 ,
316 2439 423 2502 volant
447 2437 617 2502 &exclusis
634 2439 861 2522 proprietariis,
874 2438 1059 2503 Dominium
1073 2440 1277 2524 proprietatis
1293 2439 1355 2503 sibi
1370 2439 1542 2516 vindicant,
1555 2439 1616 2503 hoc
1627 2437 1696 2502 scil.
1709 2439 1789 2502 fun-

316 2529 473 2612 damento,
502 2528 586 2608 quod
598 2526 737 2592 habeant
750 2527 934 2591 Dominium
947 2551 1129 2611 supremum
1143 2532 1165 2594 dr
1175 2528 1429 2611 jurisdictionem
1441 2529 1524 2592 circa
1535 2528 1592 2591 illa
1604 2529 1687 2591 bona
1702 2528 1790 2611 ejus-

318 2625 379 2700 (pre
398 2638 628 2699 possessorem;
654 2621 810 2700 quatenus
831 2622 905 2680 suut
927 2617 985 2680 illa
1001 2618 1033 2681 in
1047 2624 1104 2682 sua
1117 2617 1310 2702 Republica;
1328 2617 1372 2682 sic
1385 2618 1482 2682 etiam
1496 2622 1623 2702 propter
1636 2618 1790 2681 exerciti-

219 2719 229 2736 ·
318 2729 370 2770 um
400 2705 571 2768 Potestatis
596 2728 671 2768 suae
700 2712 848 2770 externae
876 2729 911 2771 ac
933 2708 1105 2771 saecularis
1123 2711 1204 2771 circa
1219 2707 1404 2784 Ecclesiam,
1418 2709 1440 2774 &
1453 2707 1486 2771 in
1499 2707 1618 2770 bonum
1631 2707 1790 2787 ejusdem,

316 2817 379 2858 non
392 2793 528 2877 acquirit
540 2793 601 2856 sibi
614 2794 774 2858 internam
787 2793 981 2860 Potestatem
994 2797 1027 2859 in
1045 2796 1287 2874 Ecclesiasticis
1305 2796 1567 2860 seu-Potestatem
1580 2795 1791 2860 Ecclesiasti-

317 2907 385 2948 cam
399 2883 578 2946 formaliter
590 2883 634 2947 sic
647 2883 774 2948 dictam.
801 2885 910 2968 chyou.
939 2886 966 2948 l.
981 2885 1117 2949 Videtur
1128 2886 1275 2950 Potestas
1288 2885 1512 2950 Ecclesiastica
1524 2888 1542 2948 a
1554 2883 1671 2948 nostris
1685 2883 1793 2949 refor-

318 2972 493 3036 matoribus
516 2972 671 3035 translata
684 2972 782 3036 fuisse
796 2973 829 3036 in
841 2974 1062 3058 Magistratus,
1076 2979 1132 3038 aut
1148 2976 1262 3039 saltem
1275 2975 1472 3039 occasionem
1486 2975 1593 3038 datam
1610 2973 1790 3058 Magistra·
1805 3043 1821 3062 ⁸

318 3062 365 3125 tui
389 3084 460 3125 eam
483 3061 544 3124 sibi
557 3061 734 3140 tribuendi;
748 3085 819 3125 cum
830 3063 960 3126 brachio
973 3064 1127 3127 saeculari
1141 3064 1188 3128 usi
1198 3069 1273 3128 sunt
1284 3067 1395 3128 contra
1409 3063 1603 3128 Potestatem
1619 3061 1793 3128 Ecclesia-

318 3151 441 3228 sticam,
469 3173 550 3232 quae
577 3155 652 3214 tuuc
677 3155 745 3214 erat
757 3174 853 3234 penes
866 3152 1051 3236 Episcopus.
1077 3155 1166 3237 Resp.
1194 3155 1264 3236 ,l'cp
1290 3152 1488 3217 Potestatem
1501 3151 1714 3236 Magistratus
1727 3153 1795 3218 im-
1849 3215 1854 3232 ,

319 3240 494 3323 plor-eamr,
512 3240 641 3322 ejusque
667 3241 785 3304 auxilio
810 3243 832 3307 &
856 3241 1014 3324 praesidio
1038 3264 1109 3307 cum
1133 3242 1201 3305 Deo
1214 3242 1263 3305 usi
1277 3247 1368 3316 sunt;
1382 3263 1464 3325 quae
1477 3242 1543 3306 illis
1555 3241 1631 3305 solis
1648 3242 1796 3324 &jaree

320 3330 404 3392 lacto
435 3328 646 3410 competebat,
675 3330 708 3392 in
737 3329 919 3394 defensione
943 3331 1008 3394 scil.
1036 3331 1276 3394 Ecclesiasticae
1302 3330 1461 3394 libertatis
1487 3353 1522 3394 ac
1548 3329 1741 3395 Potestatis:
1772 3335 1797 3398 ἃ*

320 3417 459 3480 coactiva
473 3416 661 3481 coercitione
674 3418 780 3501 Papae
794 3422 815 3484 a
830 3419 1072 3502 Episcoporum,
1084 3420 1139 3502 qui
1148 3418 1387 3502 usurpationem
1399 3419 1573 3484 Potestatis
1583 3418 1797 3484 Ecclesiasti-

321 3530 374 3569 cae
388 3508 409 3571 dr
422 3505 623 3589 tyrannidem
635 3530 725 3570 suam
741 3508 804 3570 alia
816 3507 982 3590 tyrannide
996 3511 1017 3573 &
1031 3509 1236 3591 usurpatione
1250 3508 1409 3572 coactirae
1424 3507 1605 3592 &politicae
1616 3507 1798 3574 Potestatis

321 3594 524 3681 (nominatim
536 3594 569 3656 in
585 3592 769 3679 Germania)
782 3596 1003 3674 defendebant,
1018 3600 1039 3662 &
1052 3597 1227 3662 Ecclesiam
1240 3598 1475 3680 opprimebant.
1498 3596 1579 3661 Erat
1592 3619 1667 3682 ergo
1686 3602 1797 3665 totum

321 3685 380 3746 liae
393 3707 449 3767 pro
465 3683 624 3747 Potestate
642 3688 663 3749 a
681 3686 828 3749 libertate
846 3686 1068 3750 Ecclesiasticd
1082 3695 1147 3750 tum
1165 3687 1274 3769 populi
1287 3691 1356 3750 tum
1369 3687 1462 3760 cleri;
1480 3708 1541 3750 non
1556 3691 1665 3750 contra
1679 3687 1799 3772 legiti-

321 3795 406 3836 mam
424 3773 618 3836 Potestatem
631 3773 896 3851 Ecclesiasticam,
910 3775 963 3836 sed
976 3780 1085 3838 cantra
1100 3776 1303 3858 tyrannicum
1316 3776 1343 3857 ej
1349 3799 1383 3840 us
1397 3777 1531 3840 abusum
1546 3777 1568 3841 δι
1583 3769 1797 3860 usurpatores

321 3861 504 3944 Episcopus,
530 3861 648 3926 Errant
660 3884 748 3947 erga,
763 3864 816 3948 qni
832 3863 915 3940 hinc,
930 3867 964 3925 ut
977 3866 999 3929 &
1013 3887 1051 3927 ex
1065 3865 1208 3947 exemplo
1224 3864 1315 3928 Pauli
1332 3865 1449 3948 (Actor⁸
1464 3866 1517 3929 25.
1535 3865 1600 3946 10.)
1615 3887 1733 3948 prorue
1765 3892 1799 3932 n-

322 3950 363 4012 tis
377 3951 416 4011 ad
429 3951 595 4013 Caesarem
608 3974 775 4034 perperam
788 3952 939 4028 inferunt,
954 3975 1044 4034 posse
1058 3976 1168 4018 causas
1181 3952 1420 4017 Ecclesiasticas
1435 3958 1453 4016 a
1465 3953 1611 4038 legitima
1628 3953 1737 4020 Potest
1767 3964 1800 4021 te

323 4043 345 4103 dr
354 4038 471 4120 judicio
489 4039 709 4104 Ecclesiastico
722 4063 777 4123 per
792 4041 1046 4125 provocationem
1059 4041 1189 4108 autulio
1206 4065 1393 4128 quocunque
1408 4043 1499 4106 modo
1510 4043 1549 4106 ad
1562 4041 1737 4128 Magistrat
1767 4071 1797 4111 nr

323 4125 499 4192 transferri.
524 4126 553 4190 N
558 4151 608 4192 am
635 4133 662 4192 l.
680 4131 772 4193 Pauli
784 4129 962 4214 illegitimis
979 4132 1001 4194 &
1017 4131 1144 4214 injustis
1158 4131 1317 4212 judicibus
1333 4130 1478 4196 Potestas
1492 4131 1722 4198 Ecclesiastico
1733 4157 1745 4199 r
1765 4157 1799 4200 m

323 4217 539 4298 competebat:
554 4219 727 4281 constituta
737 4220 803 4300 jam
818 4218 958 4281 Ecclesia
972 4217 1163 4298 Christiana,
1178 4221 1199 4284 d
1214 4221 1357 4284 abductis
1371 4221 1560 4304 discipulis&
1571 4225 1745 4288 communi(
1765 4249 1800 4290 ne

323 4302 522 4388 Synagogae,
553 4327 632 4388 quae
653 4307 720 4388 jam
748 4307 950 4383 olnlurnerat,
975 4312 997 4371 &
1022 4314 1250 4393 consequenter
1270 4313 1288 4371 a
1301 4309 1368 4374 Deo
1383 4311 1500 4392 rejecta
1512 4313 1648 4386 eratfd.
1673 4314 1801 4380 Deinde

324 4391 468 4456 Potestas
491 4393 620 4478 politica
644 4394 819 4458 Saulredriu
846 4399 920 4457 tunc
934 4395 1067 4478 imperio
1084 4395 1224 4461 llomuuu
1241 4398 1393 4482 subjecta,
1411 4403 1478 4462 tam
1492 4400 1594 4464 recensa
1613 4403 1634 4464 a
1653 4401 1753 4467 liruilr
1766 4409 1799 4468 ta

1720 4517 1749 4558 e¹
1765 4499 1803 4574 rt,
