3712 4850
282 271 396 338 Tarcr.
420 272 464 338 II.
487 271 535 350 Da
558 270 696 353 Persam,
721 275 792 339 Pon.
817 298 852 339 ar
876 274 986 339 Cruor.
1011 276 1137 341 Eccuas.
1161 277 1231 342 Car.
1257 275 1295 340 X.
1458 277 1522 343 233
1624 307 1630 318 ·
1735 256 1738 270 Ι

89 452 158 519 Holl.
180 455 358 542 Deputatis,
379 461 513 546 aliisque
537 461 750 530 Conventibus
773 463 1004 528 Ecclesiasticis
1025 465 1114 550 [pag.
1138 464 1220 549 280]
1241 462 1335 527 toties
1355 465 1528 543 teutatum,

26 564 31 575 ·
88 545 191 627 quoties
199 547 360 616 mollior&
373 551 485 616 melior
498 552 606 637 aliqua
618 553 740 618 occasio
752 575 785 618 se
797 553 910 618 offerre
923 553 1098 618 videbatur.
1116 553 1160 617 Et
1171 575 1274 630 nem0,
1287 552 1335 616 uti
1346 574 1448 635 spero,
1461 556 1528 616 tam

89 633 240 700 infrunitus
254 637 352 703 bucco
363 643 431 704 tam
443 640 566 706 servilis
579 641 736 724 parasitus
749 643 832 707 inter
843 641 1152 727 Ecclesiasticosqui
1164 642 1300 723 fratrum
1313 663 1442 709 suorum
1450 641 1527 704 fide-

88 723 124 787 les
137 746 187 808 pro
200 725 279 791 dure
291 727 364 806 Dei,
377 751 435 812 pro
447 729 662 795 Ecclesiarum
674 730 836 796 Potestate
848 754 884 796 ac
895 731 1044 796 libertate
1057 735 1075 796 a
1087 753 1234 816 supremo
1246 729 1401 815 magistro
1413 729 1529 793 collata

88 811 200 892 labores,
212 816 396 882 rebellionis
409 818 558 884 adversus
567 817 728 903 synodum
736 819 952 895 Nationalem,
963 825 1018 886 aut
1026 821 1173 884 turbatae
1180 820 1267 904 pacis
1278 819 1435 902 publicae,
1445 818 1529 902 apud

87 901 242 984 superiores
263 908 286 971 u
308 905 475 972 inferiores
494 906 704 990 Magistratus
724 915 894 974 accusaret.
919 907 1068 974 Monendi
1081 931 1287 996 ergoomnes,
1302 907 1357 992 qui
1372 909 1528 972 sacram&

86 991 338 1076 simplicissimam
357 995 518 1060 Ecclesiae
537 996 689 1061 Politiam
712 998 902 1081 apostolicae
920 1021 976 1082 per
994 999 1101 1063 omnia
1120 998 1325 1076 conformem,
1344 1000 1401 1061 aut
1416 996 1530 1060 saltem

86 1080 209 1162 proxime
221 1083 250 1146 ei
262 1085 485 1162 assimilatam,
503 1107 540 1149 ex
552 1086 658 1151 animo
670 1087 812 1171 cupiunt,
825 1091 861 1151 ut
873 1110 997 1172 semper
1008 1087 1086 1172 ipsis
1099 1089 1235 1172 pendeat
1248 1090 1370 1162 hamne,
1384 1084 1528 1150 &Patro-

86 1173 149 1233 natu
167 1175 220 1235 aut
239 1171 389 1238 Sessione
409 1177 534 1239 utentes
553 1180 752 1260 quacumque
773 1176 847 1240 dats
862 1178 1022 1242 occasione
1035 1178 1241 1241 admoneant:
1255 1175 1282 1240 si
1295 1197 1357 1259 quo
1369 1175 1463 1238 modo
1476 1174 1530 1238 det

86 1257 167 1336 Deus,
188 1261 329 1346 aliquem
348 1267 406 1326 aut
417 1263 540 1345 aliquos
553 1265 706 1329 absistere
719 1266 760 1330 ab
773 1266 822 1342 iis,
836 1288 970 1349 quorum
983 1266 1071 1349 prius
1080 1267 1145 1350 juri
1158 1265 1264 1330 divino
1280 1267 1297 1327 e
1312 1263 1466 1328 diametro
1478 1285 1529 1327 re-

27 1415 28 1419 ,
85 1353 207 1430 pugnam
223 1351 363 1415 alterum
375 1374 438 1416 non
450 1352 512 1417 nisi
524 1375 596 1417 cum
609 1353 785 1438 ignominia
801 1355 960 1420 Ecclesiae
974 1358 997 1422 lc
1010 1353 1157 1438 Synedrii
1170 1359 1260 1418 extra
1272 1375 1380 1418 casum
1392 1351 1528 1416 uecessi-

85 1437 156 1514 alis,
171 1439 319 1524 usurpari
331 1445 453 1524 potest:
467 1442 581 1506 saltem
597 1443 644 1507 ibi
655 1443 805 1522 locorum,
818 1444 874 1508 ubi
890 1467 929 1508 ex
941 1444 1075 1529 collegio
1088 1443 1277 1509 Senatorum
1292 1463 1416 1525 semper
1427 1440 1529 1524 aliqui
1581 1464 1585 1473 ·

86 1523 254 1594 insaniores
264 1529 360 1594 electi
369 1527 521 1615 Synedrio
529 1532 697 1596 intersunt.
706 1571 746 1579 -
757 1533 788 1596 4.
801 1533 901 1599 Οοηεί.
912 1531 944 1598 N
946 1557 986 1597 cn
994 1539 1101 1598 tamen
1111 1533 1204 1596 debet
1212 1530 1530 1616 particularisaliqua

84 1613 209 1682 Ecclesia
220 1639 332 1682 omnes
344 1619 424 1683 alias
436 1621 576 1703 ejusdem
588 1621 794 1686 confessionis
806 1624 829 1688 b
842 1623 1001 1706 synodalis
1013 1621 1307 1706 correspondentiae
1322 1619 1480 1684 Ecclesiae
1494 1618 1527 1680 in

84 1703 287 1772 observatione
297 1707 462 1772 Canopum
474 1712 551 1792 pure
564 1710 892 1791 circumstantialium,
902 1713 1178 1790 autobtrusorum,
1188 1731 1347 1794 quaecum
1357 1707 1529 1791 ipsasimul

85 1799 128 1856 aul
138 1794 232 1878 ipsius
246 1797 395 1880 exemplo
407 1820 470 1862 non
483 1803 657 1872 mutarunt,
671 1800 888 1878 condemnare,
901 1801 1058 1865 unitatem
1069 1801 1208 1875 turbare,
1223 1800 1338 1862 nedum
1351 1796 1530 1860 stabilitam

84 1886 378 1968 mmcspondeutiam
391 1886 543 1952 deserere.
556 1925 599 1934 —
609 1886 640 1954 5.
655 1891 755 1954 Conci.
769 1887 985 1954 Multominus
993 1890 1086 1954 debet
1094 1889 1246 1965 Ecclesia,
1256 1909 1337 1973 quae
1346 1886 1465 1970 absque
1474 1907 1530 1968 pe·

85 1972 167 2036 riculo
189 1974 359 2052 scismatis,
381 1979 438 2039 aut
453 1977 654 2054 turbationis,
666 1978 748 2042 circa
765 1979 919 2043 dictorum
932 1979 1095 2043 Canonum
1107 1975 1398 2042 observationem&
1413 1997 1527 2038 execu-

82 2059 184 2126 tionem
196 2063 273 2146 quid
287 2067 403 2141 mutat,
416 2087 567 2149 usurpare
584 2064 779 2130 Potestatem
789 2065 907 2152 Synodi
918 2067 1099 2144 nationalis,
1112 2067 1134 2132 lt
1147 2067 1289 2130 omnium
1300 2065 1393 2129 istius
1405 2085 1526 2128 corres-

85 2150 254 2230 pondentiae
273 2151 500 2232 Ecclesiarum‚
520 2154 553 2218 in
574 2155 752 2234 condendis,
774 2156 1014 2234 substituendis,
1035 2154 1324 2239 &praescribendis
1338 2152 1528 2217 Canonibus.

84 2235 228 2304 Hocenim
240 2246 370 2333 saperet
382 2241 589 2326 Diotrephem
603 2245 852 2324 φιλοπρωτεὺοντα
863 2248 886 2311 lt
898 2248 1027 2324 ἰσοτιμίᾳ
1038 2245 1252 2309 Ecclesiarum
1264 2266 1301 2308 ac
1310 2240 1530 2306 Ministrorum

82 2326 162 2392 nimis
174 2329 345 2394 manifeste
361 2337 565 2416 repugnaret.

118 2418 141 2500 ἓ.
154 2419 182 2481 3.
206 2421 262 2484 ΙΙΙ.
286 2417 410 2498 Quaem.
434 2421 486 2484 An
507 2420 696 2506 Syuedrium
718 2421 856 2508 aliquod,
877 2427 933 2486 aut
949 2421 1093 2506 Synodus
1106 2421 1323 2498 districtualis,
1340 2443 1396 2484 seu
1412 2418 1530 2483 Classis

83 2501 262 2572 Poteslatern
287 2507 405 2573 habeat
428 2509 581 2589 Canones,
601 2515 657 2575 aut
676 2509 821 2588 Decreta,
846 2515 902 2575 aut
915 2511 1165 2577 Constitutiones
1181 2509 1343 2590 condendi,
1357 2509 1529 2574 secundum

83 2615 148 2676 quas
169 2619 280 2662 omues
302 2595 454 2675 Ministri,
478 2598 634 2677 Seniores,
658 2598 792 2664 Diaconi
815 2600 902 2664 illius
924 2600 1125 2684 particularis
1149 2600 1320 2678 Ecclesiae,
1345 2602 1401 2663 aut
1420 2620 1530 2662 omnes

84 2681 155 2748 illius
177 2685 341 2750 districtus
365 2691 421 2752 aut
444 2687 561 2753 Classis
584 2688 745 2754 Ecclesiae
768 2711 878 2774 regere
902 2692 925 2756 δι
948 2689 1018 2774 regi
1041 2690 1201 2754 debeant?
1226 2691 1314 2773 Resp.
1336 2686 1370 2752 Si
1387 2686 1550 2764 admoui-¹

82 2771 188 2838 tionum
209 2779 338 2840 tantum
358 2779 380 2845 lt
401 2777 604 2842 consiliorum
627 2777 728 2842 vicem
752 2783 923 2862 praestent,
947 2779 1138 2844 conceditur.
1166 2776 1223 2842 Sin
1244 2781 1400 2862 tauquam
1421 2797 1530 2839 ueces-

84 2862 152 2926 ario
173 2864 401 2944 observandae,
430 2871 486 2930 aut
509 2869 662 2952 tanquam
686 2865 829 2931 canones
852 2890 908 2951 per
936 2868 1183 2951 praecedaneam
1207 2867 1406 2952 singulorum
1433 2863 1531 2927 Mini-

84 2955 204 3017 strorurn
221 2953 489 3038 subscriptionem
505 2959 561 3019 aut
577 2959 734 3020 exsertam
752 2957 1013 3040 approbationem
1029 2956 1245 3036 obstricturos,
1265 2959 1413 3038 putamus
1429 2952 1531 3017 ordini

84 3042 225 3106 communi
251 3045 275 3108 b
298 3042 455 3108 Potestati
478 3043 676 3129 Synodorum
699 3046 908 3110 nationalium
932 3069 969 3110 ac
992 3045 1233 3129 provincialium
1257 3044 1392 3108 nimium
1406 3043 1532 3126 praeju-

84 3129 177 3210 dicari,
197 3132 348 3198 unionem
370 3133 502 3208 turbari,
526 3132 718 3198 factionibus
738 3137 760 3200 b
780 3135 960 3199 schismatis
973 3134 1090 3199 ostium
1102 3135 1235 3218 aperiri;
1251 3136 1274 3199 b
1290 3133 1354 3196 tale
1368 3132 1444 3217 quid
1461 3153 1533 3194 cum

84 3225 208 3303 tempore
228 3225 429 3298 eventurum,
449 3223 542 3307 quale
559 3223 636 3286 olim
657 3223 800 3288 Corinthi
817 3224 864 3309 (1.
881 3225 1018 3289 Corium.
1039 3229 1067 3286 1.
1086 3225 1151 3308 Epo
1166 3245 1238 3288 scra
1258 3223 1353 3288 Pauli
1373 3221 1437 3301 dc.)
1459 3221 1481 3286 ἃ
1498 3219 1532 3283 in

86 3304 202 3391 Papatu,
224 3309 281 3375 ubi
299 3311 382 3376 alius
404 3311 497 3376 dicit:
522 3333 582 3396 ego
598 3335 667 3376 sum
687 3313 723 3377 de
742 3313 854 3397 regula
866 3313 1036 3392 Francisci,
1054 3313 1153 3376 alius:
1167 3334 1227 3396 ego
1244 3312 1281 3375 de
1293 3309 1405 3395 regula
1421 3308 1532 3373 Domi-

84 3396 136 3460 uici
151 3401 199 3466 lec.
224 3399 318 3476 Quod
341 3401 413 3486 quis
436 3399 613 3484 Imperator
632 3401 709 3465 olim
728 3402 765 3465 de
788 3402 928 3480 medicis,
953 3401 985 3466 id
1002 3403 1039 3465 dc
1055 3401 1187 3486 regulis,
1207 3400 1399 3478 Canouibus,
1415 3398 1532 3464 &Con-

85 3485 291 3554 stitutionibus
312 3488 545 3554 Ecclesiasticis
561 3490 680 3574 justius
697 3491 846 3575 conqueri
868 3495 973 3575 posset
992 3489 1144 3569 Ecclesia,
1156 3490 1328 3554 multitudo
1344 3488 1466 3573 Legum
1482 3509 1533 3551 me

86 3577 222 3656 perdidit:
249 3578 407 3664 siquidem
430 3583 478 3644 tot
501 3601 632 3662 corpora
651 3579 733 3662 juris
749 3580 891 3645 canonici
906 3580 1150 3658 constituantur,
1165 3583 1242 3664 quot
1254 3584 1328 3643 sunt
1340 3578 1465 3641 classes.
1490 3575 1535 3640 Et

86 3662 150 3730 haec
171 3669 301 3754 quidem
321 3668 359 3732 de
380 3669 471 3733 modo
489 3671 511 3734 lt
528 3689 615 3733 more
631 3667 902 3734 Constitutionum
914 3670 947 3733 in
960 3668 1122 3734 Classibus
1138 3669 1417 3744 condendarum&
1433 3664 1533 3749 Syne-

86 3753 157 3832 driis,
169 3779 208 3820 ne
223 3757 316 3843 [pag.
332 3756 413 3842 281]
427 3756 555 3842 quidem
571 3757 698 3836 auditis,
710 3759 826 3822 nedum
839 3758 991 3823 consultis
1003 3758 1283 3841 imponendarum3
1297 3756 1416 3840 absque
1431 3753 1532 3838 Syno-

33 3861 41 3893 a
86 3841 106 3904 d
158 3867 180 3908 m
200 3845 413 3910 nationalium
434 3849 457 3912 la
478 3846 720 3930 provincialium
740 3847 929 3922 autoritate;
949 3849 971 3913 lu
992 3846 1119 3932 quidem
1135 3869 1192 3930 per
1208 3846 1331 3910 Classes
1344 3845 1435 3920 tales,
1452 3865 1534 3927 quae
1604 3891 1606 3896 ,

86 3931 106 3994 ir
146 3941 263 4013 center,
284 3936 312 3999 si
330 3957 394 3998 uon
413 3939 450 3999 ut
469 3935 653 4019 plurimum,
670 3935 777 4000 aeolis
792 3935 880 4000 verbi
890 3935 1058 4014 MinistriS,
1071 3937 1094 4001 b
1107 3958 1169 4000 non
1181 3935 1333 4019 paritera
1349 3932 1533 3997 Senioribus

84 4021 106 4100 jc
150 4045 158 4064 ⁵
172 4023 337 4089 ‘'anonurn
350 4022 382 4086 N
384 4024 815 4108 ationaliumfpraescriptum
827 4025 1074 4090 constituuntur.
1099 4023 1188 4089 Haec
1199 4023 1355 4089 mouenda
1367 4021 1532 4085 duximus:

87 4129 106 4172 ur
198 4113 297 4192 iares,
322 4114 349 4177 si
361 4113 438 4197 {fieri
451 4113 561 4197 possit,
574 4114 698 4199 aliquos
710 4115 889 4192 reddamus,
906 4115 938 4178 in
952 4113 1238 4178 Constitutionibus
1251 4111 1467 4178 classicalibus
1480 4133 1532 4174 cu-

86 4220 106 4281 p:
230 4202 424 4287 tiplicandis,
441 4203 530 4267 novis
543 4202 838 4288 subscriptionibus
856 4209 1041 4288 quacunque
1055 4203 1239 4285 particulari
1252 4202 1413 4266 occasione
1426 4200 1534 4264 oblata

87 4309 106 4354 u:
166 4292 233 4370 .„is,
246 4293 269 4356 b
281 4291 409 4356 infinita
424 4291 508 4356 facta
514 4291 675 4378 perpetuis
692 4314 727 4357 ac
740 4293 942 4375 generalibus
950 4289 1533 4356 determinationibuscircumscriben-

87 4378 106 4445 dr
166 4382 227 4432 ⁸⁶⁸3
241 4381 326 4446 nihil
337 4403 431 4448 curae
446 4381 667 4466 &prudentiae
679 4379 1098 4461 Ministrorcrm,Senioru1n,
1109 4379 1533 4464 Synedriorumessetrelin-

831 4505 832 4508 ¹
1433 4487 1534 4552 quen·
