3668 4856
293 297 356 362 282
599 299 680 364 Plus
703 297 762 364 llI.
785 296 834 362 De
858 297 1010 364 Eranusa
1033 297 1125 363 Euan.
1149 317 1179 362 ru
1203 319 1328 363 assuas.
1350 295 1415 362 Ina
1440 295 1468 361 1.

290 485 358 568 ejus
382 485 485 550 libelli
508 485 703 551 mentionem
729 483 791 551 feci
818 485 935 570 disput.
960 487 1057 571 hujus
1078 489 1170 571 parte
1182 483 1291 569 priori.
1305 481 1367 548 Sed
1379 505 1451 548 cum
1465 483 1567 548 libelli
1579 483 1613 547 in
1626 483 1658 547 8.
1677 506 1766 548 anno

294 573 389 640 1641.
410 575 487 640 editi
500 597 632 640 examen
645 579 664 640 a
676 598 727 640 me
739 576 936 659 postulatum
953 575 1004 653 sit,
1018 599 1118 660 eoque
1129 576 1284 641 hactenus
1296 595 1355 657 per
1366 571 1427 636 Dei
1439 571 1579 658 gratiam
1590 571 1768 638 defunctus

292 663 369 728 sim:
398 686 460 729 non
486 668 533 729 est
556 665 641 749 quod
664 668 770 730 actum
783 687 943 749 ragamus;
957 688 1029 730 eum
1040 665 1096 750 qui
1108 663 1265 729 utrumvis
1277 661 1411 739 noverit,
1423 662 1533 726 ambos
1544 661 1689 740 noverit3
1703 661 1768 726 nisi

290 752 374 837 quod
387 752 420 817 in
433 753 542 818 libello
555 753 588 818 in
601 754 631 817 4.
644 754 772 818 nomine
784 754 910 838 aliquot
921 755 1136 820 membrorum
1150 751 1312 818 Ecclesiae
1328 749 1769 836 Angla-Amstelodamensis

291 841 438 925 publicae
451 842 535 908 edito
548 843 587 906 ad
600 842 824 927 particularem
837 865 965 908 causam
980 843 1320 908 Amstelredamensem
1334 838 1467 904 subinde
1480 840 1653 905 verbanno
1666 845 1770 924 atque

292 931 393 995 altero
409 931 619 996 descenditur.
636 931 694 996 Cui
707 931 789 996 nihil
802 935 820 996 t
831 932 923 998 nobis
935 937 1119 1017 reponetur,
1132 936 1202 997 tum
1216 929 1292 1016 quia
1303 929 1405 995 nostri
1416 927 1479 994 fori
1490 950 1549 994 nec
1560 928 1657 1012 hujus
1670 929 1768 994 insti·

292 1020 356 1083 tuti
379 1025 437 1099 est,
462 1025 530 1085 tum
548 1021 624 1105 quia
646 1021 853 1104 particularia
867 1021 923 1085 illa
935 1044 993 1086 nec
1005 1023 1122 1087 scimus
1132 1043 1190 1086 nec
1201 1018 1403 1104 inquirimus.
1416 1016 1526 1083 Unum
1541 1021 1671 1083 tautum
1683 1017 1771 1083 scira

292 1109 407 1184 velim;
431 1114 494 1191 qua
520 1109 696 1188 vocatione,
716 1116 780 1194 qna
802 1113 960 1194 potestate
973 1111 1013 1175 ab
1029 1110 1173 1176 Ecclesia
1186 1108 1313 1194 publica
1326 1106 1771 1192 Angla-Amstelredamensi

293 1201 349 1262 aut
373 1197 500 1263 aliunde
528 1198 590 1263 sibi
617 1198 712 1277 facta,
736 1221 845 1264 curam
862 1199 940 1284 ejus,
964 1201 987 1265 a
1007 1222 1135 1265 eausam
1149 1197 1334 1281 susceperit,
1347 1195 1430 1261 forte
1443 1197 1466 1261 b
1479 1197 1596 1282 unguis
1607 1195 1641 1259 in
1658 1196 1771 1262 ulcere

293 1285 406 1351 fuerit:
431 1309 504 1352 cum
525 1290 636 1352 contra
659 1288 826 1353 olassiemn
839 1289 983 1373 regimen
995 1289 1174 1365 contendat,
1188 1290 1348 1371 pastorem
1359 1308 1423 1350 non
1435 1307 1527 1369 posse
1540 1284 1643 1350 ullum
1656 1289 1772 1350 actum

292 1397 387 1441 curae
409 1376 653 1442 Ecclesiasticae
680 1381 737 1442 aut
753 1379 922 1462 pastoralis
935 1401 1081 1444 exercere
1093 1377 1126 1442 in
1140 1377 1244 1442 aliena
1259 1374 1412 1454 Ecclesia,
1425 1375 1551 1439 etiamsi
1567 1373 1625 1438 illa
1636 1373 1680 1439 ab
1697 1375 1772 1460 ipso

292 1463 352 1530 hoc
368 1467 555 1549 postularet.
572 1463 634 1530 Sed
645 1487 817 1552 pergamus
831 1489 916 1532 nunc
927 1469 967 1532 ad
983 1467 1210 1533 discussionem
1222 1463 1456 1548 exceptionum,
1470 1485 1549 1548 quas
1562 1465 1771 1548 argumentis

294 1554 447 1619 nostriso
493 1555 571 1619 onit.

339 1643 368 1728 §-
393 1644 423 1706 2.
447 1578 649 1728 digumenta
668 1647 849 1709 nostrorum
861 1644 939 1710 facit
951 1645 1109 1731 quinque:
1123 1666 1163 1708 an
1176 1643 1283 1710 omnia
1295 1641 1470 1728 collegerit,
1484 1642 1600 1724 &quae
1612 1639 1772 1728 colligere

294 1731 356 1815 ipsi
375 1731 479 1797 risum
490 1732 564 1812 fuit,
578 1733 708 1798 candide
722 1733 800 1798 satis
815 1735 974 1814 retulerit,
988 1738 1158 1820 cognoscat
1169 1733 1269 1798 lector
1281 1755 1320 1797 ex
1331 1731 1530 1818 argumentis
1541 1751 1610 1815 cup.
1620 1732 1770 1814 praeced.

296 1824 315 1884 a
333 1819 424 1885 nobis
437 1821 580 1905 prolatis,
593 1822 616 1886 ds
629 1844 668 1887 ex
679 1822 844 1888 autoribus
858 1823 977 1888 ibidem
989 1823 1106 1901 citetis,
1120 1823 1254 1908 aliisque
1267 1820 1415 1886 omnibus
1428 1820 1484 1906 qui
1499 1820 1537 1884 de
1550 1818 1772 1885 Consiliorum

295 1909 437 1975 utilitate
452 1910 627 1995 disputant,
640 1911 776 1997 denique
789 1935 827 1976 ex
839 1912 879 1976 iis
891 1934 973 1999 quae
984 1935 1069 1977 nunc
1080 1909 1109 1972 ἓν
1119 1909 1237 1987 παρόδῳ
1248 1909 1443 1976 notabimus.

346 1997 389 2076 ,L
402 2001 477 2084 Arq.
489 2022 531 2064 ex
541 1999 642 2065 Actor.
659 2001 710 2065 15.
727 2004 836 2066 contra
852 2001 936 2086 quod
948 2001 1083 2086 excipit:

345 2089 393 2166 ,l.
417 2088 539 2173 Enccpt.
568 2089 687 2154 Paulus
711 2090 734 2155 tr
754 2091 918 2154 Barnabas
934 2113 995 2156 nou
1008 2090 1142 2175 profecti
1157 2089 1282 2155 suntad
1295 2092 1484 2154 conventum
1495 2086 1773 2174 Hierosolymita·

301 2199 405 2256 ,num,
433 2182 469 2241 ut
492 2177 647 2262 judicium
670 2201 764 2243 suum
776 2179 1002 2244 submitterent·
1015 2180 1133 2264 judicio
1144 2178 1390 2264 Apostolorum:
1405 2177 1496 2264 [pag.
1513 2177 1591 2264 162]
1603 2177 1668 2242 hoc
1681 2177 1774 2243 enim

301 2266 506 2342 ,detraxisset
530 2266 692 2331 infallibili
710 2268 850 2352 ipsorum
864 2268 1046 2334 autoritati:
1060 2271 1115 2334 sed
1127 2272 1265 2347 tantum,
1278 2271 1314 2332 ut
1329 2265 1510 2332 conferrent
1521 2288 1594 2331 cum
1605 2266 1685 2346 illis,
1700 2269 1774 2334 &os

300 2355 505 2432 ,obturarent
526 2355 754 2440 impostoribus
772 2357 837 2422 illis
850 2357 904 2444 qui
918 2359 1170 2443 praetendebant
1181 2380 1215 2423 se
1227 2357 1340 2422 missos
1352 2355 1393 2421 ab
1405 2355 1578 2441 apostolis,
1591 2355 1776 2422 &utnulla

302 2443 459 2527 ,suspicio
468 2447 657 2528 superesset,
668 2446 760 2531 quasi
772 2444 891 2511 Paulus
899 2447 996 2511 aliam
1006 2447 1183 2513 doctrinam
1191 2447 1341 2524 traderet,
1351 2467 1449 2530 quam
1457 2444 1574 2532 reliqui
1582 2442 1773 2528 apostolia

297 2534 388 2616 Resp.
412 2531 486 2598 Una
510 2555 582 2597 cum
603 2533 736 2619 reliquis
760 2535 975 2615 decreverunt,
1000 2558 1035 2601 ac
1058 2537 1180 2620 pariter
1191 2559 1225 2601 se
1238 2557 1309 2600 oum
1321 2535 1387 2599 illis
1405 2535 1530 2599 decreto
1546 2533 1622 2598 huic
1634 2533 1775 2636 ejusque

295 2621 510 2686 observationi
534 2622 747 2705 subjecerunt,
772 2646 868 2709 quam
895 2623 1047 2690 Ecclesiis
1071 2625 1288 2710 imponebant,
1312 2623 1379 2688 sive
1404 2621 1775 2702 fallibilesessent,s1re

294 2710 498 2786 infallibilem
523 2710 589 2775 sive
606 2715 701 2776 antea
720 2712 780 2776 hoo
795 2718 881 2778 certo
893 2713 1013 2796 judicio
1029 2715 1195 2790 sciverint3
1213 2713 1325 2778 sivein
1338 2712 1526 2797 syuodoillt
1542 2735 1581 2777 ex
1593 2712 1775 2778 collatione

296 2799 526 2864 sententiarum
548 2800 689 2883 primum
712 2801 888 2866 didicerint.
912 2804 1012 2868 Actor.
1039 2804 1091 2868 15.
1111 2824 1140 2869 υ.
1161 2804 1213 2866 22.
1235 2802 1287 2866 25.
1309 2802 1361 2866 28.
1386 2801 1474 2866 Idem
1490 2800 1613 2866 faciunt
1624 2800 1775 2888 delegati

297 2889 540 2973 particularium
556 2888 781 2968 Ecclesiarum,
795 2891 895 2975 quiin
908 2892 1098 2957 classibus&
1111 2891 1238 2978 synodis
1251 2891 1452 2956 conveniunt.

341 2977 513 3052 Quaeritur
534 2976 588 3042 hic
614 2981 739 3043 tantum
765 2980 803 3043 de
819 2980 956 3044 essentia
968 2982 991 3046 tr
1002 2982 1105 3046 ronna
1116 2978 1447 3065 correspondentiaedt
1463 2978 1726 3058 combinationis,
1739 2981 1775 3045 in
1829 2999 1831 3062 ,

299 3065 423 3130 actibus
447 3065 615 3151 regiminis
643 3067 787 3132 socialis:
817 3066 912 3133 Illam
937 3069 1099 3149 evicimus,
1124 3069 1278 3157 quidquid
1294 3069 1336 3133 sit
1349 3069 1387 3134 de
1399 3069 1503 3146 modo,
1519 3068 1636 3135 detine:
1651 3065 1776 3135 Modus

297 3155 413 3240 aliquis
438 3178 488 3220 ex.
514 3176 562 3240 gr.
576 3153 794 3233 tallibilitatis,
808 3161 864 3221 unt
876 3158 1062 3224 intentionis
1074 3182 1130 3224 seu
1143 3159 1215 3224 finis
1228 3160 1251 3224 lt
1263 3180 1339 3223 usus
1355 3158 1568 3246 particularis,
1581 3179 1650 3222 rem
1661 3157 1775 3242 ipsam
1829 3163 1831 3198 ⁸

295 3243 466 3328 &speciem
480 3244 527 3308 rei
540 3266 602 3307 non
619 3244 753 3309 variant.
770 3244 831 3311 Sed
848 3251 884 3311 ut
895 3247 1124 3313 absurditatem
1136 3249 1231 3333 hujus
1244 3247 1437 3331 exceptionis
1450 3245 1592 3312 rudiores
1604 3245 1777 3314 evidenter

295 3332 545 3416 deprehendant,
569 3333 650 3398 dabo
674 3333 795 3398 simile:
824 3334 896 3401 Duo
914 3341 970 3401 aut
982 3342 1047 3402 tres
1058 3337 1113 3402 isti
1126 3337 1225 3422 bajuli
1237 3359 1317 3402 onus
1329 3335 1410 3400 illud
1426 3336 1523 3401 simul
1534 3357 1598 3400 non
1609 3335 1775 3416 tulerunt,
1813 3348 1822 3366 '

296 3421 351 3486 sed
374 3422 494 3506 singuli
518 3422 652 3486 seorsim
675 3425 698 3489 8
720 3423 970 3508 independenter
992 3426 1152 3503 tulerunt3
1177 3427 1447 3510 &consequenter
1458 3425 1575 3490 debent
1587 3445 1699 3490 omnes
1713 3425 1776 3490 alii

295 3510 432 3595 posthac
444 3511 576 3575 seorsim
588 3509 688 3576 ferre:
702 3511 817 3590 Probo,
831 3515 907 3598 quia
919 3515 975 3579 illo
988 3517 1036 3579 rel
1049 3515 1106 3580 illo
1123 3514 1254 3599 speciali
1265 3515 1358 3580 modo
1371 3536 1434 3579 non
1446 3514 1591 3580 tulerunt
1602 3538 1610 3590 3
1627 3535 1774 3594 rursum,

296 3599 372 3684 quia
394 3599 455 3663 hac
479 3600 530 3663 vel
552 3599 608 3662 illa
631 3600 761 3684 speciali
778 3603 953 3668 intentione
965 3603 1162 3669 solummodo
1174 3603 1280 3682 simul,
1292 3607 1369 3669 tunc
1380 3603 1533 3668 tulerunt.
1546 3601 1635 3688 Ergo
1646 3601 1775 3669 fmstra

296 3688 455 3772 allegatur
476 3687 621 3772 ipsorum
634 3690 815 3774 exemplum
827 3692 1088 3777 adprobandum,
1102 3693 1257 3758 aduobus
1271 3697 1327 3758 aut
1338 3692 1442 3758 tribus
1451 3691 1670 3777 bajulisposse
1680 3691 1772 3758 idem

296 3777 376 3841 illud
388 3781 444 3842 aut
455 3775 559 3840 simile
571 3799 650 3842 onus
663 3778 810 3861 bajulari.

345 3867 394 3942 ,2.
414 3867 537 3949 Except.
551 3863 625 3930 Non
638 3870 764 3932 tantum
776 3870 1005 3936 conveniebant
1016 3869 1062 3935 ibi
1073 3871 1213 3936 seniores
1226 3893 1297 3936 cum
1316 3870 1488 3956 Apostolis,
1502 3869 1668 3936 sedetiam
1682 3893 1700 3935 u
1740 3872 1772 3937 l-

302 3954 422 4031 ,titudo
445 3954 639 4018 Ecclesiae”.
666 3957 755 4042 Reap.
779 3957 883 4023 Autor
902 3960 1023 4024 nudum
1034 3960 1095 4025 hoc
1107 3959 1295 4024 antecedens
1306 3959 1469 4044 proponit,
1482 3959 1657 4044 &exponit
1666 3962 1711 4046 (qr
1739 3962 1773 4026 ›d

296 4066 355 4106 nos
375 4065 438 4106 non
457 4043 642 4125 negamus):
663 4045 718 4109 sed
737 4069 933 4131 consequens
945 4049 1127 4133 supprimit.
1153 4048 1236 4124 Quid
1249 4071 1326 4134 ergo
1343 4049 1422 4128 vult,
1435 4053 1471 4113 ut
1482 4048 1591 4113 nullus
1603 4049 1646 4114 sit
1657 4071 1711 4114 cos
1739 4073 1774 4114 us

297 4130 549 4210 Ecclesiasticus,
574 4132 663 4196 nulla
686 4135 872 4201 deliberatio
897 4137 935 4201 de
959 4137 1099 4222 negotiis
1121 4137 1294 4216 Ecclesiae,
1319 4138 1439 4222 absque
1454 4137 1715 4204 namuurum
1739 4143 1774 4204 a?

297 4219 370 4284 Non
394 4223 474 4304 puto
499 4225 555 4284 aut
579 4221 690 4304 praxin
716 4224 765 4288 sui
789 4230 907 4303 coetus,
931 4230 987 4290 ant
1003 4226 1099 4290 etiam
1111 4226 1212 4310 ipsius
1224 4226 1418 4292 confusionis
1430 4226 1715 4311 Anabaptisticael
1738 4249 1774 4292 oc

297 4312 365 4372 tam
387 4308 565 4373 necessario
588 4310 766 4377 observare.
790 4311 872 4378 (lum
898 4315 948 4379 12.
965 4312 1113 4381 October.
1128 4315 1222 4380 1658.
1236 4315 1269 4380 in
1282 4315 1387 4402 Savoy
1400 4315 1578 4402 presbyteri
1591 4319 1614 4382 8
1626 4316 1714 4402 deleg
1738 4317 1775 4381 ai

297 4396 626 4482 congregationalium
635 4398 850 4467 Ecclesiarum
858 4405 891 4468 in
900 4402 1021 4490 Anglia
1032 4403 1343 4472 convenirentdsine
1351 4406 1531 4492 praesentit
1539 4405 1718 4472 multitudir
1738 4406 1773 4483 is,

1712 4517 1776 4562 ‘eu
