3732 4840
216 337 219 348 ·
267 301 423 374 taxer.
459 298 483 374 Ῑ.
519 303 578 375 Da
613 303 835 378 Eccnasrn
871 302 1125 376 Insertum.
1162 308 1257 374 Car.
1296 304 1355 378 Vl.
1493 303 1534 374 97

11 535 12 538 =
81 491 273 575 particularia
298 495 414 578 &ipsis
450 517 597 580 expresso
620 519 657 560 ao
683 495 813 580 speciali
835 493 953 578 Synodi
977 495 1125 559 mandato
1148 495 1324 579 designata,
1342 517 1378 558 ac
1396 493 1530 558 circum-

79 582 189 665 scripta
209 581 336 668 negotia
358 591 470 648 curent
482 587 505 652 tr
517 590 731 668 exequantur,
743 588 870 668 praeter
881 583 1093 666 praesentiam
1109 583 1143 647 in
1158 583 1357 647 examinibus
1370 581 1535 646 Ministro-

11 695 13 750 ς
80 692 154 734 mm.
178 669 265 736 Unde
290 673 391 736 invito
415 696 509 738 sensu
532 675 623 758 praxi
649 673 864 740 Ecclesiarum
878 672 1092 757 Belgicsrum,
1116 695 1216 737 novus
1229 672 1344 754 aliquis
1358 673 1380 738 b
1393 671 1533 754 peculia·

11 781 12 794 *
80 758 118 824 n‘s
128 760 289 826 nnnisterii
302 761 518 827 Ecclesiastici
530 764 648 850 gradus
661 767 769 848 (quem
785 762 910 826 nullum
927 766 1103 846 agnoscunt
1115 766 1243 826 nostrae
1255 761 1428 838 Ecclesiae,
1442 783 1535 844 prae-

80 853 123 912 tcr
132 847 374 929 Concionatoris,
387 849 539 930 Senioris,
553 851 710 931 Ductoris,
726 851 875 932 Diaconi)
888 855 944 915 aut
956 855 1097 934 potestas
1117 851 1282 935 regiminis
1298 873 1334 915 ac
1342 848 1536 934 jurisdictio-

11 979 12 984 κ
81 937 131 1012 nis,
155 942 209 1002 ant
233 939 384 1022 dignitas,
408 944 465 1004 ant
487 941 700 1024 praesidentia
727 943 749 1007 h
774 943 903 1020 ὑπεροχὴ
926 940 1150 1004 Ecclesiastico
1164 962 1244 1024 quae
1260 939 1302 1003 sit
1314 939 1536 1023 Episcopatus,

79 1025 182 1090 saltem
192 1027 283 1110 qnasi
294 1027 514 1114 Episcopatus,
530 1031 626 1095 nulla
641 1031 744 1116 specie
761 1033 800 1096 ab
812 1029 1039 1116 acquisieram
1052 1029 1308 1094 aestimatoribus
1317 1028 1424 1113 colligi
1433 1029 1535 1091 debet.

11 1121 13 1132 '
81 1113 203 1180 Possent
215 1118 329 1182 eadem
340 1120 564 1202 consequentia
575 1119 667 1186 nobis
679 1121 802 1204 imponi
815 1119 932 1204 gradus
946 1139 1121 1196 censorum,
1135 1118 1364 1194 abstentorum,
1378 1117 1535 1181 actuario-

11 1261 12 1264 ,
81 1225 153 1274 rom,
179 1205 393 1284 visitatorum,
411 1208 669 1274 confirmatorum
682 1211 738 1292 qni
754 1209 941 1275 confirmant
955 1208 1094 1291 aliquem
1107 1206 1140 1270 in
1152 1206 1338 1284 ministerio,
1352 1205 1536 1270 Consolato-

11 1357 12 1370 ,
81 1315 154 1368 mm,
168 1295 377 1369 Quaesturam
389 1296 612 1375 classicorum,
629 1297 811 1364 Petitorum
824 1301 846 1363 tr
859 1295 1108 1360 Sollicitatorum
1122 1298 1152 1380 (q
1158 1317 1212 1360 uos
1225 1294 1343 1359 Politia
1355 1294 1433 1358 alibi
1445 1300 1535 1359 vocat

11 1385 12 1398 ²
78 1379 241 1467 Magistros
265 1383 445 1448 libellorum
469 1387 674 1472 supplicum),
703 1387 978 1462 Examinatorum,
1004 1384 1234 1469 Delegatorum
1261 1383 1471 1448 classicalium
1496 1385 1535 1446 ad

78 1469 241 1554 Synodum,
262 1471 480 1556 Inspectorum
492 1475 548 1559 qui
562 1475 707 1540 alumnos
722 1482 777 1542 ant
789 1475 946 1541 studiosos
958 1474 1139 1558 theologiae
1157 1473 1310 1558 dirigunt,
1328 1471 1534 1555 Scriptorum,

11 1559 13 1568 ¹
78 1560 125 1642 qui
149 1561 263 1628 librum
288 1562 428 1646 aliquem
441 1564 586 1628 scribunt
596 1565 724 1630 nomine
736 1565 853 1630 Classis
866 1567 922 1628 aut
938 1560 1066 1647 Synodi,
1081 1561 1291 1626 Collectorum
1303 1565 1326 1628 lc
1338 1561 1535 1625 Distributo·

78 1671 141 1712 nrm
167 1673 221 1714 seu
250 1649 513 1734 Dispensatorem
535 1653 590 1735 qui
613 1654 783 1719 collectam
799 1655 940 1736 aliquam
952 1674 1009 1736 pro
1022 1651 1167 1715 exulibus
1181 1654 1237 1714 ant
1250 1650 1400 1715 Ecclesiis
1418 1651 1534 1714 exteris

79 1741 217 1804 rurant&
232 1739 437 1818 distribuunt,
452 1739 695 1825 Disputatornm
708 1745 731 1808 tt
745 1743 951 1820 Collatorum,
965 1741 1100 1824 quicum
1114 1739 1305 1804 heterodoxo
1315 1740 1422 1822 aliquo
1431 1762 1535 1804 corani

78 1825 232 1909 disputant
243 1828 451 1906 accusarunt,
461 1829 732 1898 Gratulatornm&
745 1831 1001 1912 ἒυχαριστοὺντων,
1016 1828 1070 1913 qui
1080 1829 1206 1892 nomine
1216 1829 1431 1893 Ecclesiarum
1442 1828 1534 1892 Prin·

79 1915 192 1999 cipibus
207 1915 488 2002 &Magistratibus
504 1920 718 2004 gratulantur,
732 1923 789 1985 aut
802 1920 923 2004 gratias
937 1923 1038 2004 agunt
1050 1919 1099 1983 ac.
1125 1917 1176 1981 Ad
1192 1918 1270 1982 haec
1283 1919 1367 1982 enim
1380 1918 1403 1981 lt
1418 1919 1536 1982 similia

79 2025 166 2087 opera
188 2027 224 2070 ac
245 2005 375 2090 negotia
397 1996 549 2072 Minister
572 2004 689 2093 aliquis
716 2013 772 2074 aut
785 2005 925 2072 Ministri
941 2007 1051 2092 aliqui,
1066 2005 1260 2090 asynedrio,
1274 2012 1329 2072 aut
1342 2007 1460 2086 Classe,
1478 2012 1533 2070 aut

79 2089 196 2177 Synodo
223 2118 279 2178 pro
303 2118 337 2160 re
357 2100 433 2159 nata
445 2097 578 2161 subinde
591 2098 772 2181 specialiter
785 2097 930 2181 deputari
943 2097 1054 2160 solent.
1080 2094 1140 2159 His
1153 2098 1200 2159 ita
1216 2097 1369 2179 expositis
1381 2097 1474 2160 facile
1488 2102 1537 2159 est

79 2183 231 2268 colligere,
260 2185 336 2268 quid
360 2184 403 2248 sit
426 2186 463 2249 de
488 2185 590 2250 Grotii
617 2188 777 2252 calumnia
800 2187 892 2250 modo
915 2189 1107 2260 memorata;
1132 2185 1299 2269 &quidde
1312 2185 1537 2268 consequentia
1580 2267 1583 2274 1

11 2279 13 2324 ἶ
79 2273 229 2336 Frnrua'sci
254 2275 389 2352 rhosoni,
416 2274 564 2338 relationi
587 2274 764 2341 Reverendi
790 2275 934 2359 mihique
958 2274 1142 2338 amicissimi
1161 2274 1200 2339 D.
1218 2273 1536 2339 JohannisDnreide

11 2405 13 2424 .
81 2357 224 2426 Eoelesiis
250 2362 473 2427 transmarinis
497 2370 723 2449 superstructa,
746 2365 778 2428 in
800 2364 910 2428 libello
923 2363 1063 2428 Oxoniae
1076 2385 1159 2426 anno
1175 2364 1268 2427 1641.
1293 2363 1428 2449 Anglicb
1442 2364 1536 2442 edito,

79 2449 119 2512 lit.
146 2452 233 2516 Certo
257 2452 291 2514 in
315 2451 410 2535 briese
433 2454 569 2518 trectises
592 2455 714 2519 anicien
739 2454 777 2540 by
795 2454 914 2517 diverse
930 2453 985 2518 aa.
1009 2451 1074 2516 Ubi
1087 2453 1221 2536 probare
1233 2459 1365 2516 conatur
1377 2453 1536 2518 Ecclesiae

79 2559 179 2603 omnes
196 2540 396 2618 reformatas,
409 2541 597 2607 nominatim
610 2542 747 2608 Politiae
759 2542 1000 2606 Ecclesiasticae
1013 2540 1205 2605 Genevensis
1219 2541 1242 2604 lt
1256 2541 1397 2606 Gallicae
1409 2543 1537 2606 zelatri-

11 2671 13 2712 ,
79 2649 124 2690 ces
147 2628 265 2692 habere
288 2629 394 2714 reipsa
417 2629 601 2713 Episcopos,
629 2633 655 2696 dr
679 2631 893 2696 substantiam
919 2630 1089 2714 potestatis
1114 2633 1209 2713 atque
1222 2631 1320 2694 officii
1337 2631 1536 2715 episcopalis,

11 2725 12 2779 Ξ
79 2720 168 2800 atque
191 2719 269 2782 adeo
296 2719 450 2802 quidquid
475 2719 568 2784 initio
591 2720 827 2785 reformationis
851 2719 919 2783 sine
932 2719 1124 2802 Episcopatu
1137 2723 1193 2782 aut
1208 2726 1317 2784 contra
1333 2743 1405 2784 eum
1419 2720 1458 2783 ab
1473 2719 1537 2784 illia

79 2811 177 2871 anun
190 2812 249 2884 est,
266 2807 345 2870 illud
359 2807 391 2871 in
403 2812 544 2872 extremo
556 2809 754 2876 necessitatis
767 2831 853 2886 casu,
867 2808 920 2892 qui
934 2809 1037 2892 legem
1053 2831 1117 2870 non
1129 2807 1202 2886 fert,
1216 2813 1322 2874 actum
1339 2831 1417 2874 esse.
1429 2808 1537 2874 Verba

11 2971 12 2988 χ
80 2899 179 2959 numm
208 2895 388 2979 praedictae
413 2898 577 2962 relationis
594 2898 634 2964 D.
647 2898 747 2963 Durei
763 2898 817 2961 hic
829 2897 963 2962 exhibeo
980 2919 1018 2960 ex
1031 2897 1156 2981 anglico
1169 2897 1202 2960 in
1215 2897 1350 2962 latinum
1363 2899 1536 2962 translata:

11 3027 13 3064 ,
80 2983 150 3048 tirel
175 2985 305 3050 Classici
332 2987 517 3064 &caveatas
540 3009 595 3052 uec
606 3010 672 3053 noa
685 2988 804 3073 Synodi
815 2988 851 3050 ia
864 2986 1033 3050 llollaadid
1045 2988 1141 3071 qurtm
1154 2988 1333 3069 saepissime
1344 2987 1518 3052 habeantur
1526 3012 1538 3064 ;

11 3073 13 3100 ³
80 3073 120 3134 illi
143 3075 299 3138 reirairum
322 3076 456 3158 singulis
481 3078 647 3156 inermibus,
675 3078 732 3142 trac
756 3078 851 3142 semet
872 3076 1011 3151 intrariae,
1030 3087 1133 3138 lernaea
1150 3096 1214 3138 racia
1231 3077 1274 3138 itu
1287 3077 1379 3141 ¹arridei
1394 3078 1538 3164 assiriae-re

79 3165 160 3241 anni,
177 3185 262 3242 cirin,
274 3165 448 3228 seccessilote
463 3167 565 3242 coacti,
579 3169 657 3230 ulios
674 3166 827 3252 qrmsdura
840 3165 1053 3230 constituerint
1066 3165 1219 3253 officiatis,
1232 3165 1345 3249 picibus
1356 3167 1455 3249 scrupis
1466 3169 1537 3231 esrai-

11 3251 13 3276 *
81 3254 201 3316 arauris
224 3265 358 3335 potestas
381 3253 413 3319 a·
434 3255 578 3338 inspectio
601 3256 766 3320 conamen
786 3265 840 3331 cst,
853 3275 948 3340 qrtaia
961 3254 1089 3338 reliquis
1102 3254 1184 3338 pariis
1199 3255 1360 3338 Collepis).
1386 3255 1539 3319 Vocantur

11 3359 12 3362 ’
79 3353 174 3405 ornem
201 3342 341 3426 Dclcqali
363 3363 417 3406 seu
435 3344 555 3428 Syrmdi
578 3345 736 3428 Deputuli,
762 3365 898 3429 pecorina
908 3343 1070 3426 provincio
1082 3343 1233 3424 pisciculos
1247 3343 1343 3407 ‹licrut
1359 3364 1471 3408 anuos.
1496 3345 1539 3408 Hi

11 3453 12 3484 1
81 3430 224 3512 &prelati
247 3431 357 3494 catera
370 3452 443 3495 siros
455 3445 621 3496 coarmatus
633 3434 721 3497 certis
734 3432 764 3497 a·
775 3432 957 3516 'aliquantas
969 3430 1188 3506 occasionibus,
1203 3433 1369 3515 praecipue
1383 3438 1453 3497 cert
1466 3454 1537 3496 coii-

11 3529 12 3536 ’
80 3520 181 3584 stilico
194 3531 329 3601 tempore
341 3520 461 3604 &praedi
471 3521 688 3600 Provinciam,
702 3521 756 3586 att
767 3523 943 3585 corasallaat
957 3521 1048 3606 [pag.
1059 3519 1137 3604 114]
1148 3519 1453 3604 epicaustorium·
1462 3543 1539 3608 (μω-

11 3619 12 3682 f
81 3609 165 3674 trinta
183 3607 343 3690 negotioli
358 3629 470 3674 conisae
481 3631 618 3696 (praeque
629 3611 839 3694 disponendae
850 3609 881 3675 a·
897 3609 1022 3694 sphaco
1032 3610 1253 3692 proponendae
1265 3611 1338 3673 siat
1363 3612 1401 3674 Ia
1413 3611 1538 3696 Syncdo
1639 3665 1646 3675 .

79 3699 229 3777 prosterni
237 3698 390 3780 peculiari
394 3719 450 3762 sico
457 3701 518 3764 loco
525 3700 638 3776 sederit,
647 3699 760 3786 qicitus
771 3698 900 3764 Pracscs
910 3695 1030 3784 Epicadi
1038 3699 1123 3762 birras
1130 3698 1226 3781 (telina
1233 3700 1381 3763 Isiacorum
1387 3711 1422 3764 aa!
1433 3701 1539 3783 paritas

11 3821 12 3862 3
81 3786 136 3848 lom
159 3787 199 3850 ot
219 3787 282 3851 illis
303 3787 449 3872 reqrtirot,
470 3808 537 3851 rem
550 3809 706 3873 quintaeque
716 3788 909 3871 propositam
922 3785 1047 3872 Spriodc
1063 3787 1216 3870 apericus,
1231 3788 1429 3872 ajaccione.
1442 3809 1537 3852 siniam

11 3939 12 3942 ,
80 3875 103 3938 n
147 3875 1538 3964 lapriuseaponant,qinomsieffrupinspraodaliurapastulentia·lt'collipantur.Confera-

80 3967 103 4025 n
151 3964 267 4027 *elatio
289 3987 361 4028 cum
384 3964 434 4042 iis,
451 3988 531 4048 quae
548 3967 669 4030 anobis
677 3967 746 4050 jam
758 3966 842 4029 dicta
854 3969 945 4038 sunt;
971 3973 998 4026 a
1010 3965 1181 4046 judicetur,
1195 3989 1234 4029 an
1247 3965 1396 4049 apologia
1411 3965 1537 4030 Musoni

81 4073 103 4134 pr
179 4052 373 4117 contionibus
390 4053 603 4118 Ecclesiarum
617 4055 861 4118 reformaturum
875 4058 964 4117 extra
979 4053 1132 4138 Angliam
1145 4055 1236 4118 nobis
1252 4055 1473 4137 amplectenda
1486 4057 1537 4120 sit.

11 4143 12 4196 ἶ
82 4139 103 4204 N
165 4141 262 4206 aliam
286 4141 390 4206 moliti
414 4165 522 4207 sumus
542 4143 575 4207 in
588 4145 715 4227 Desper.
732 4145 834 4208 Conari
847 4143 990 4227 Pupulus
1005 4143 1067 4206 dih.
1083 4143 1192 4208 Esca.
1209 4145 1237 4208 1.
1254 4165 1320 4226 cup.
1335 4144 1364 4206 9.
1382 4143 1412 4210 a*
1425 4157 1493 4209 sect.
1508 4147 1538 4209 2.

81 4251 103 4292 u
164 4231 214 4294 12.
230 4235 300 4294 turn
314 4254 352 4296 ex
368 4232 414 4295 rei
429 4232 562 4296 veritate
570 4237 643 4296 tum
660 4237 816 4296 exurente
830 4231 1054 4308 Ecclesiarum,
1072 4253 1153 4314 quae
1170 4234 1262 4298 aliter
1276 4232 1402 4297 defendi
1415 4234 1538 4298 riolnnt.

11 4345 12 4348 ¹
81 4315 103 4381 11
145 4321 204 4384 rirn
230 4319 307 4384 haec
334 4320 461 4403 aliaque
486 4319 620 4385 Politiae
633 4326 758 4384 nostrae
772 4320 1013 4384 Ecclesiasticae
1027 4320 1323 4404 interpretamenta,
1337 4343 1466 4386 monere
1480 4345 1538 4386 rios

11 4459 12 4466 ,
81 4406 103 4470 ὼ
143 4415 186 4448 ·“*
215 4409 493 4474 utinexecutione
507 4411 574 4492 ejus
587 4411 670 4474 canti
683 4409 1009 4486 simus,&iarnini1na
1023 4409 1126 4492 specie
1139 4411 1285 4490 ὑπεροχῆς
1298 4433 1333 4473 ac
1346 4412 1538 4475 dominatio-

796 4505 810 4564 7
1479 4499 1539 4579 nis,
