3768 4842
321 305 363 376 30
557 233 1638 386 PaschDr‘Onaso-roPonrr.,Eocn.L1s.I.l

321 499 442 566 deratio
468 496 515 586 (in
542 497 678 564 infantia
701 502 826 562 tantum
850 497 1013 580 praestita,
1029 501 1148 580 postea
1164 502 1225 560 ned
1236 496 1340 560 verbis
1352 517 1409 562 nec
1421 496 1569 580 operibus
1581 497 1713 578 testata)
1730 495 1794 561 hic

255 627 259 635 ·
321 587 506 655 suffecerit?
530 589 560 655 4.
589 587 680 668 Ouia,
708 587 881 669 compulsio
907 586 965 650 illa
988 588 1010 651 ta
1037 585 1157 650 coactio
1181 586 1219 650 ad
1239 586 1493 650 communionem
1509 585 1789 660 Ecclesiasticam,

321 685 431 762 (quarn
443 677 539 742 sforte
563 676 706 742 nonnulli
718 675 751 738 in
764 675 911 740 omnibus
927 675 1005 739 olim
1017 674 1050 738 in
1066 673 1203 738 infantia
1216 673 1391 759 Baptizatis
1405 675 1508 739 locum
1520 675 1637 740 habere
1648 675 1787 759 velint),

321 771 481 854 repugnat
508 766 605 832 statari
634 764 809 849 spiritualis
833 765 924 848 regni
951 762 1080 841 Christi,
1112 765 1134 829 a
1159 762 1301 829 libertati
1312 763 1537 841 conscientiae;
1561 764 1783 830 &Ecclesiam

320 855 423 940 replet
434 854 577 940 profanis
589 853 781 940 hypocritim
796 875 926 937 eamque
939 852 1133 918 conformem
1145 853 1247 916 reddit
1261 874 1360 939 regno
1373 852 1542 932 mundano,
1557 856 1650 936 aquo
1663 849 1783 917 tamen

320 944 380 1012 hae
391 947 482 1028 parte
491 965 591 1029 quam
603 942 740 1008 maxime
758 941 974 1026 distinguitur.
988 941 1113 1006 Confer.
1128 944 1215 1006 Part.
1229 941 1376 1007 sabine
1390 942 1539 1006 Libertate
1555 941 1782 1009 Conscientiae.

206 1082 212 1097 .
321 1033 351 1098 5.
378 1031 459 1113 Quia
479 1037 663 1118 sequeretur
674 1030 812 1095 infantes
824 1032 926 1095 multa
937 1031 1050 1115 majori
1063 1031 1185 1095 ratione
1198 1035 1326 1115 propter
1338 1030 1526 1114 implicitam
1542 1030 1782 1096 confoederati-

321 1143 414 1187 onem
436 1125 459 1188 &
482 1121 711 1206 professionem
733 1121 767 1184 in
780 1119 945 1203 Baptismo
958 1120 1145 1203 praestitam
1159 1121 1197 1183 ad
1209 1118 1357 1198 Coenam,
1370 1123 1393 1186 b
1405 1121 1596 1204 completam
1611 1120 1782 1186 Ecclesiae

320 1211 574 1300 communionem
597 1210 818 1287 admittendos,
843 1209 987 1294 quamvis
1000 1209 1147 1292 explicita
1158 1209 1253 1272 fidem
1265 1208 1419 1292 profiteri,
1433 1209 1781 1274 &confoederationem

320 1321 379 1384 pro
404 1323 461 1366 sua
479 1305 570 1384 parte
582 1303 743 1384 praestare
759 1303 927 1381 nequeant.
951 1295 989 1362 In
1002 1297 1062 1362 hoc
1075 1297 1159 1361 enim
1171 1297 1351 1362 viderentur
1362 1319 1439 1381 prae
1451 1297 1613 1382 implicitis
1628 1297 1692 1362 illis
1705 1298 1782 1362 foe-

321 1389 437 1454 deratis
461 1389 578 1454 adultis
601 1388 704 1473 magis
728 1410 858 1471 capaces
871 1409 948 1464 esse,
962 1387 1048 1470 quod
1059 1386 1216 1471 privativa
1229 1390 1284 1451 aut
1296 1386 1392 1450 etiam
1410 1387 1567 1451 contraria
1579 1387 1780 1472 ignorantia,

322 1477 439 1543 adhaec
465 1478 672 1564 negligentia,
690 1477 894 1562 profanitate,
910 1477 944 1540 in
956 1499 1080 1541 sacrum
1092 1475 1201 1540 foedus
1215 1478 1237 1541 lt
1249 1475 1504 1542 Ecclesiasticam
1517 1475 1778 1540 communionem

321 1589 383 1632 non
393 1565 566 1632 incurrant.
577 1565 658 1630 -Χ,
676 1565 799 1646 Quaest.
814 1565 863 1628 An
880 1587 956 1650 ergo
973 1565 1200 1629 cireainfantes
1212 1587 1270 1648 per
1278 1563 1648 1648 BaptismumEcelesiae
1657 1565 1782 1628 visibili

321 1656 442 1735 insitos,
466 1657 571 1721 nullos
584 1677 677 1720 curae
689 1658 711 1721 a
723 1654 954 1719 communionis
970 1654 1146 1738 spiritualis
1158 1658 1246 1718 actus
1260 1657 1382 1718 exseret
1394 1653 1546 1728 Ecclesia,
1563 1653 1624 1720 nisi
1636 1653 1710 1736 ipsi,
1721 1654 1782 1718 ubi

256 1818 264 1833 Ι
321 1744 524 1825 adoleverint,
536 1767 607 1810 eam
619 1746 753 1828 patant?
777 1745 867 1827 Resp.
892 1742 1034 1808 Minime.
1059 1741 1143 1807 Nam
1155 1742 1187 1806 in
1200 1765 1273 1806 eum
1285 1743 1380 1806 finem
1392 1742 1521 1808 nomina
1534 1742 1780 1826 Baptizatorum

320 1833 402 1898 libro
417 1834 570 1918 peculiari
585 1833 715 1898 inscribi
731 1837 830 1911 curat,
842 1836 878 1895 ut
893 1854 969 1915 prae
982 1832 1053 1896 aliis
1066 1831 1127 1895 loci
1139 1831 1225 1895 illins
1237 1831 1348 1896 incolis
1360 1831 1540 1896 infidelibus
1552 1834 1575 1898 b
1588 1835 1607 1895 a
1618 1832 1780 1916 religione

321 1922 444 2002 alienia,
467 1923 593 1990 eosdem
619 1927 772 2006 tanquam
791 1920 852 1986 Dei
864 1924 887 1986 b
899 1919 1060 1986 Ecclesiae
1073 1920 1200 1999 liberos,
1215 1920 1426 2008 crescentibus
1443 1920 1535 2000 annis
1548 1922 1724 1985 successiva
1738 1922 1782 1985 ad

320 2011 600 2092 Catechizationes,
614 2011 653 2076 ad
666 2010 861 2076 Coneionum
872 2010 1169 2094 frequentationem,
1182 2013 1205 2076 a
1218 2009 1333 2093 positis
1346 2009 1498 2092 ponendis
1510 2009 1550 2073 ad
1562 2008 1635 2073 fidei
1647 2008 1778 2092 profes·

319 2101 443 2167 sionem
473 2105 496 2168 b
522 2123 636 2166 coenae
650 2101 903 2165 communionem
917 2099 1078 2164 adhortari
1095 2121 1130 2163 ao
1142 2083 1328 2182 promobere
1341 2105 1459 2181 posset.
1473 2097 1563 2173 Quod
1576 2101 1594 2161 a
1608 2098 1777 2184 diligenti-

319 2190 380 2256 bus
392 2189 588 2270 Pastoribus,
602 2193 624 2256 b
637 2190 717 2253 bene
729 2189 908 2253 constitutis
921 2187 1083 2272 Synedriis
1097 2189 1180 2271 apud
1192 2211 1249 2252 nos
1261 2186 1330 2252 fieri
1343 2187 1501 2252 videmus:
1516 2190 1782 2271 &exstantsuper

213 2349 223 2373 Ι
319 2278 380 2344 hac
395 2302 430 2343 re
441 2279 574 2365 (sibene
586 2278 730 2361 memini)
742 2279 869 2344 Decreta
883 2278 1093 2364 Spaotioruat.

365 2370 420 2432 3.-
436 2370 575 2452 -Quaest
584 2366 640 2432 XL
649 2367 701 2431 An
709 2367 885 2452 promiscua
895 2365 1030 2451 quilibet
1038 2365 1197 2432 auditores
1206 2365 1600 2430 constituantEcclesiam?
1608 2367 1697 2449 Hesp.
1707 2365 1780 2430 An-

321 2457 438 2522 ditores
462 2462 536 2522 sunt
563 2461 684 2542 septem
697 2477 860 2542 generum,
886 2458 916 2520 l.
940 2456 989 2520 vel
1003 2456 1173 2538 bostcsqui
1184 2457 1326 2520 oderunt.
1342 2455 1370 2517 2.
1387 2456 1435 2519 vel
1452 2451 1608 2520 aerttvaies
1620 2455 1675 2538 qui
1688 2455 1780 2520 nullo

243 2565 245 2572 “
321 2547 426 2612 studio
449 2547 592 2612 veritatis
615 2546 711 2624 ducti,
734 2545 867 2629 odioque
881 2547 983 2628 ejus&
1001 2567 1106 2609 amore
1119 2545 1229 2628 procul
1243 2540 1373 2623 habitis,
1387 2547 1510 2609 tantum
1526 2545 1599 2612 data
1614 2544 1779 2608 occasione

321 2641 378 2699 aut
401 2635 482 2700 forte
498 2635 635 2714 fortuna,
653 2639 708 2699 aut
720 2657 757 2698 ex
771 2633 995 2698 consuetudine
1007 2635 1151 2709 audiunt,
1164 2634 1338 2698 nescientes
1353 2655 1408 2697 cur
1420 2633 1551 2697 audiant
1562 2657 1569 2710 ;
1582 2634 1637 2717 qni
1661 2633 1779 2697 idcirco

320 2730 357 2790 ut
384 2725 524 2803 veniunt,
545 2725 590 2790 sic
602 2724 765 2788 discedunt
778 2723 907 2787 tabulae
919 2745 1019 2787 rasae.
1044 2724 1074 2786 3.
1099 2723 1148 2786 vel
1160 2724 1257 2787 crossi
1273 2723 1457 2809 hypocritae,
1470 2723 1525 2806 qui
1542 2722 1671 2806 propte'r
1683 2744 1778 2786 mun·

321 2815 419 2878 denas
441 2813 706 2879 considerationes
730 2813 873 2890 audiunt,
895 2835 933 2876 ne
947 2811 1056 2889 athei,
1070 2817 1126 2875 aut
1137 2811 1292 2876 Libertini
1309 2817 1364 2876 aut
1380 2811 1507 2877 sectarii
1528 2813 1621 2896 vulgo
1634 2811 1777 2875 audiant.

321 2905 351 2968 4.
375 2904 427 2968 vel
450 2903 656 2968 catechumeni
675 2902 807 2966 honesto
831 2901 936 2966 animo
959 2902 1056 2967 &fine
1068 2902 1214 2965 discentes
1227 2901 1286 2982 (sic
1298 2923 1350 2964 eos
1362 2924 1445 2965 nunc
1457 2900 1536 2964 libet
1548 2900 1742 2985 distinguere
1758 2903 1778 2964 a

321 2992 586 3077 competentibus)
597 3017 604 3067 ;
628 2992 683 3076 qai
707 2991 766 3056 hoc
790 2995 890 3075 agunt
917 2995 952 3054 ut
971 2989 1138 3073 proficiant
1151 2990 1183 3053 iu
1196 2991 1376 3076 cognitione
1389 2989 1517 3067 Christi,
1530 2993 1553 3056 b
1565 3011 1598 3053 se
1610 2992 1725 3072 parant
1737 2990 1779 3054 ad

321 3081 489 3166 petendam
524 3082 693 3165 aliquando
721 3079 982 3147 communionem.
1010 3081 1040 3142 5.
1064 3081 1114 3144 vel
1137 3080 1345 3144 calcabatueai
1369 3091 1576 3164 cotapetcatea
1601 3077 1656 3162 qni
1681 3099 1776 3142 cursu

319 3169 529 3236 institutionis
555 3176 682 3254 peracto
706 3169 788 3234 inter
814 3169 995 3234 candidatos
1018 3169 1179 3234 Ecclesiae
1203 3191 1316 3233 nomen
1341 3191 1433 3232 sunm
1457 3167 1656 3251 profitentur.
1681 3169 1710 3230 b'.
1726 3167 1777 3232 vel

319 3260 460 3338 abstenti,
487 3281 728 3344 percensuram
753 3258 975 3341 suspensionis.
1001 3259 1031 3322 t.
1055 3258 1116 3323 Vel
1136 3259 1391 3323 eatotnauuticoti
1406 3268 1418 3333 ξ
1436 3257 1491 3342 qui
1518 3261 1625 3320 tamen
1644 3255 1777 3320 subinde

320 3349 430 3414 audire
457 3370 521 3414 non
545 3348 702 3426 desinunt,
732 3349 822 3434 [pag.
837 3347 896 3431 32]
920 3370 977 3412 nec
1000 3352 1104 3412 sectae
1128 3347 1262 3430 alicujus
1275 3347 1528 3412 communionem
1541 3346 1679 3430 amplexi
1690 3351 1776 3412 sunt.

320 3437 421 3502 Primi
444 3438 570 3523 generis
594 3430 682 3502 fiullo
699 3438 790 3501 modo
803 3440 878 3500 sunt
890 3438 927 3500 de
940 3437 1092 3502 Ecclesia.
1117 3435 1263 3514 Secundi,
1276 3436 1375 3515 tertii,
1388 3438 1410 3502 b
1423 3421 1551 3519 septimi
1563 3435 1700 3520 generis,
1713 3457 1776 3500 non

320 3527 383 3592 nisi
399 3527 580 3610 aequivoce.
604 3526 726 3604 Quarti,
741 3525 845 3610 quinti
857 3528 880 3592 lt
892 3526 973 3590 sexti
987 3525 1123 3610 generis,
1137 3525 1319 3610 analogice3
1333 3524 1366 3587 hi
1393 3529 1502 3589 tamen
1526 3523 1655 3608 propius
1679 3524 1718 3587 ad
1739 3521 1776 3582 τὲ

321 3617 489 3690 univocum
502 3616 664 3695 accedunt,
678 3637 773 3699 quarn
787 3615 844 3678 illi.
872 3653 911 3662 —
937 3613 1009 3678 XII.
1038 3613 1160 3693 Qitaest.
1186 3614 1236 3677 An
1250 3614 1499 3679 Catechumeni?
1519 3615 1606 3696 Resp.
1620 3613 1701 3678 Dia.
1726 3611 1776 3676 Ex

201 3761 211 3782 ,
321 3705 464 3788 proxima
488 3703 688 3789 praecedenti
711 3703 983 3776 detemninatione.
1023 3703 1067 3767 Et
1090 3703 1165 3768 hinc
1178 3700 1678 3770 lumeninfertnroontroversiae
1691 3701 1775 3768 inter

322 3792 390 3858 Nos
413 3797 436 3862 fi
463 3793 656 3872 Pontificius,
669 3792 720 3856 An
734 3791 959 3857 Catechumeni
971 3792 1036 3856 sint
1048 3792 1082 3856 in
1094 3792 1247 3858 Ecclesia.
1270 3790 1318 3858 De
1342 3790 1485 3857 Ecclesia
1496 3791 1661 3869 invisibili,
1675 3790 1775 3874 siqui·

322 3883 393 3946 dem
409 3884 474 3947 sint
485 3905 558 3948 vere
569 3883 687 3961 fideles,
700 3883 825 3946 nullum
841 3887 889 3947 est
902 3882 1043 3946 dubium.
1057 3882 1105 3945 Dc
1118 3882 1238 3946 visibili
1251 3882 1458 3965 respondetur
1471 3904 1542 3947 cum
1555 3879 1774 3944 distinctione:

322 3972 370 4035 uti
378 3973 446 4056 jam
458 3973 587 4038 dictum.
611 3971 655 4035 Et
667 3993 741 4036 sane
755 3993 818 4035 non
829 3971 951 4036 censuit
964 3995 1016 4036 eos
1029 3971 1173 4036 absolute
1187 3971 1395 4036 excludendos
1411 3971 1596 4054 antiquitas,
1610 3966 1680 4032 curii
1696 3967 1775 4033 Am-

320 4059 419 4126 brosii
455 4061 681 4125 Catechumeni
720 4061 905 4126 electionem
933 4062 972 4124 ad
999 4061 1215 4145 episcopatum
1239 4083 1301 4125 non
1328 4059 1531 4143 improbavit,
1560 4057 1644 4144 (vide
1679 4059 1773 4123 Vitam

318 4150 509 4236 Artabrosii;)
534 4153 556 4216 lt
580 4151 618 4215 de
641 4148 948 4214 Catechumenorum
971 4151 1110 4214 nondum
1134 4149 1373 4234 baptizatorum
1396 4149 1499 4213 salute
1512 4153 1579 4212 tam
1592 4148 1672 4212 bene
1688 4148 1774 4230 jndi-

321 4240 420 4304 cavit:
446 4243 482 4304 ut
506 4239 610 4304 videre
634 4244 682 4304 est
698 4240 729 4302 in
745 4241 892 4306 Oratione
907 4240 1063 4304 Arabrosii
1074 4237 1206 4304 deobita
1227 4240 1443 4305 Valcatiaiani.
1470 4277 1510 4286 -
1531 4221 1624 4301 Xltl.
1651 4237 1771 4315 (lowest.

320 4327 373 4393 Aa
385 4328 536 4394 abstenti
550 4332 573 4395 s
586 4327 761 4413 Suspensi?
786 4330 874 4412 Hesp.
887 4330 950 4414 aff.
966 4327 1079 4412 Neque
1091 4328 1176 4392 enim
1189 4330 1265 4393 moti
1279 4332 1353 4394 aunt
1375 4337 1412 4414 a,
1424 4332 1524 4398 κτήσει
1547 4348 1707 4391 sacrorum
1719 4349 1771 4390 seu

321 4419 550 4484 communionis
574 4441 692 4498 sacrae,
716 4418 770 4483 sed
782 4422 908 4481 tantum
924 4419 1025 4496 χρήσει
1041 4419 1080 4482 ad
1093 4423 1228 4501 tempus.
1253 4417 1274 4482 J
1276 4439 1331 4482 are
1347 4437 1423 4502 ergo
1436 4417 1514 4500 ipsis
1527 4419 1685 4493 manente,
1700 4438 1772 4480 usus
1857 4474 1863 4486 ,

1683 4504 1771 4569 istius
