3752 4858
287 311 351 382 224
674 311 839 385 Poarrrcss
866 310 1117 384 Eccnrsmsrrcss
1140 311 1221 382 Pasa
1247 309 1273 384 I.
1297 309 1364 384 Lis.
1387 310 1431 384 II.

287 504 434 590 exempla
444 502 529 588 apud
540 502 772 588 Philosophum
780 507 855 569 sunt
863 501 1050 582 σιδηρόξυλσν
1060 501 1363 583 &remitambin
1374 500 1499 569 Scholia
1514 499 1761 590 logico-Theo-

288 595 411 680 logicis,
424 592 588 678 proprium
601 593 878 668 communicatum,
894 590 1088 657 catholicum
1099 589 1291 668 Romanum,
1304 591 1449 658 Ecclesia
1460 593 1659 659 dioecesiana
1674 617 1760 659 unns

288 683 476 768 Episcopus,
490 680 679 746 universalis
690 703 773 746 unus
784 681 891 765 Papa3
910 680 1048 746 breviter
1060 703 1143 745 unus
1155 679 1329 767 singularis
1340 681 1436 746 homo
1447 682 1619 768 collegium
1632 703 1760 768 corpus,

288 772 478 850 communio,
498 770 714 855 congregatio,
723 773 907 849 conventus,
924 773 1043 850 coetus,
1055 769 1157 846 ocuti,
1170 791 1279 836 omnes
1295 771 1312 833 1
1327 769 1471 836 Corinth.
1486 772 1538 836 10.
1552 793 1582 836 r.
1597 771 1647 834 17.
1665 773 1759 857 Hesp.

289 861 320 926 3.
339 859 445 926 Coena
463 863 512 924 est
530 881 604 944 pars
623 857 791 924 ministerii
802 881 810 936 3
831 859 886 924 sed
905 858 1019 938 danda,
1042 858 1235 944 accipienda,
1248 859 1466 924 manducanda
1478 859 1623 924 sociatim
1634 882 1724 926 more
1736 862 1761 926 ts

288 949 391 1015 formai
413 947 566 1014 convivii:
581 948 675 1032 juxta
696 947 970 1012 institutionem&
993 948 1176 1032 exemplum
1195 947 1317 1013 Christi
1337 947 1618 1032 &explicationem
1630 948 1726 1013 Pauli
1742 951 1756 1012 l

292 1039 448 1122 manin:
459 1038 510 1102 10.
529 1037 552 1103 lc
574 1037 625 1101 11.
646 1037 864 1121 &exemplum
876 1036 1017 1120 ejusdem
1028 1037 1130 1102 Actor.
1141 1038 1195 1100 20.
1208 1034 1414 1101 Manducatio
1426 1037 1503 1122 agni
1515 1037 1677 1122 paschalis
1690 1043 1761 1102 erat

289 1129 535 1202 sacramentum,
554 1127 578 1192 b
600 1146 675 1210 pars
695 1127 800 1190 cultus
819 1125 986 1209 publiciin
1002 1123 1045 1190 V.
1065 1122 1115 1204 T,
1137 1125 1299 1209 fiebatque
1310 1125 1345 1189 in
1356 1125 1503 1191 domibus
1515 1126 1660 1212 privatis.
1681 1124 1760 1191 Inde

289 1221 396 1282 tamen
408 1237 471 1280 non
483 1214 628 1298 sequitur
639 1213 730 1279 illam
741 1213 1018 1279 manducationem
1030 1211 1129 1278 fuisse
1138 1213 1325 1293 solitariam,
1338 1215 1490 1299 cujusque
1501 1215 1586 1279 inter
1593 1213 1759 1280 Israelita

256 1346 260 1354 -
289 1305 468 1390 sigillatim,
480 1303 537 1387 qui
545 1302 608 1367 ·hoc
623 1305 758 1387 peteret.
772 1302 968 1368 Exercitiam
981 1301 1250 1368 &administratio
1266 1302 1452 1386 disciplinae
1463 1303 1696 1369 ecclesiasticae
1707 1307 1759 1368 est

164 1451 168 1458 .
289 1415 363 1479 pars
371 1391 541 1458 ministerii
549 1391 669 1475 publici
677 1391 950 1478 (illisenimdatse
958 1395 1033 1456 sunt
1039 1392 1143 1456 claves
1151 1389 1258 1476 Regni
1273 1390 1440 1456 coelorum
1457 1392 1565 1458 Mauo.
1580 1393 1664 1476 16.):
1685 1391 1760 1457 inde

289 1488 398 1548 tamen
409 1503 474 1546 non
485 1480 639 1564 sequitur,
652 1479 803 1564 privatim
810 1480 851 1545 ab
864 1502 927 1545 unc
935 1480 1003 1545 solo
1011 1477 1159 1544 Ministro
1167 1479 1392 1544 decernendam
1403 1481 1612 1546 &executioni
1621 1481 1757 1546 (tandm

289 1568 656 1637 excommunicationem.
668 1567 739 1634 Hoc
747 1569 832 1646 enim
843 1569 996 1652 competit
1003 1567 1317 1654 collegiobplurium
1329 1567 1532 1635 asmciationi
1540 1571 1651 1636 Matlt.
1665 1571 1761 1636 18.1.

293 1663 363 1728 Cor.
374 1661 405 1725 5.
425 1666 447 1722 tr
459 1659 478 1722 2
494 1659 563 1724 Cor.
576 1658 607 1722 2.
620 1658 712 1742 Hesp.
725 1657 756 1720 4.
769 1657 819 1722 De
830 1657 990 1743 Baptismi
1005 1656 1281 1722 administratione
1296 1656 1330 1721 in
1341 1657 1435 1722 domo
1446 1657 1572 1744 privata
1585 1659 1689 1724 Actor.
1705 1659 1759 1724 16.

291 1771 388 1834 supra
395 1746 632 1832 respondimus:
651 1746 686 1810 in
701 1745 852 1812 Ecclesiis
861 1747 928 1812 scil.
942 1745 1157 1826 clandestinis,
1169 1745 1194 1810 b
1204 1745 1238 1809 in
1250 1745 1354 1830 prims
1366 1747 1476 1832 aliqua
1486 1745 1648 1812 Ecclesiae
1660 1749 1761 1814 colle·

292 1834 655 1920 ctioneacplantatione,
668 1835 824 1919 quaedam
831 1834 1110 1914 fierianttclerari,
1123 1834 1759 1918 quaeiunonfiuntinncelesiaoruinaca

339 1927 391 2006 ,4.
410 1926 481 1994 Ros.
496 1922 769 2000 Quemadmodum
792 1923 891 1988 etiam
901 1922 1149 1989 circumcisionis
1160 1927 1395 1988 sacramentum
1406 1924 1441 1988 in
1452 1923 1494 1990 V.
1507 1922 1545 1990 Τ.
1557 1947 1620 1990 non
1632 1947 1763 2010 semper

296 2016 348 2095 ,in
371 2016 440 2080 loco
460 2013 589 2098 publico
610 2012 708 2078 saeris
728 2011 887 2078 exercitiis
910 2013 1069 2078 destinato
1092 2012 1297 2077 celebratum.
1318 2013 1419 2097 Hesp,
1439 2011 1579 2078 Rursum
1598 2014 1764 2100 ignoratio

292 2103 426 2184 elenchi.
438 2101 514 2168 Non
525 2101 708 2185 disputatur
723 2101 761 2166 dc
773 2101 851 2179 loco,
864 2100 921 2166 scd
932 2101 970 2166 de
985 2104 1089 2180 coetu,
1100 2101 1139 2165 de
1150 2100 1381 2182 communione,
1390 2102 1559 2186 desynaxi,
1568 2103 1607 2168 de
1617 2101 1763 2168 Ecclesia

292 2192 448 2270 fidelium,
468 2193 524 2256 aut
539 2193 630 2274 parte
641 2190 720 2274 ejus,
732 2193 783 2255 cui
798 2189 903 2256 Coena
919 2189 1131 2269 distribuitur,
1144 2189 1235 2276 [pag.
1250 2189 1330 2275 762]
1343 2190 1408 2255 sive
1420 2190 1455 2255 in
1466 2191 1680 2276 loeopublico,
1693 2193 1763 2256 sire
1874 2257 1875 2276 2

291 2282 326 2347 in
343 2280 428 2360 navi,
449 2279 516 2344 sive
537 2279 571 2343 in
587 2299 709 2362 campo,
729 2279 762 2344 in
775 2279 871 2358 saltu,
883 2279 917 2343 in
929 2278 1029 2362 sylva,
1042 2278 1076 2343 in
1089 2277 1250 2362 speluncd,
1262 2282 1373 2362 crypta
1385 2279 1602 2366 subterranea,
1618 2281 1651 2344 in
1667 2280 1763 2346 domo

292 2369 430 2456 privata,
449 2367 535 2434 infra
555 2371 612 2432 eut
623 2389 721 2451 supra
735 2369 835 2434 Actor.
851 2369 881 2432 l.
896 2389 924 2432 v.
940 2368 991 2433 13.
1004 2369 1028 2434 d
1041 2369 1095 2433 20.
1106 2388 1137 2436 υ.
1149 2367 1194 2450 8.)
1206 2370 1378 2432 conventus
1390 2372 1517 2454 agatur.
1529 2366 1629 2454 Resp.
1644 2369 1675 2433 2.
1687 2367 1761 2434 (tir-

293 2457 517 2524 cumcisionem
529 2457 648 2541 absque
657 2457 765 2542 aliquo
776 2460 933 2522 conventu
945 2457 1088 2521 fidelium
1096 2460 1267 2540 peractam,
1279 2456 1419 2521 nondum
1431 2457 1602 2541 probatum
1609 2457 1759 2523 vidimus.

292 2545 625 2632 Exignotobinoerto
636 2544 720 2610 nihil
730 2545 809 2611 certi
820 2545 964 2612 concludi
971 2549 1086 2630 potest.
1096 2543 1159 2612 Sed
1167 2544 1450 2612 deciscumcisicne
1462 2568 1560 2631 supra
1567 2547 1641 2613 Sect.
1651 2547 1683 2613 2.
1690 2567 1762 2632 cap.

293 2638 351 2704 ott.
363 2635 469 2702 ubido
479 2637 543 2701 loco
555 2631 723 2718 Baptismi.

343 2725 393 2806 ,5.
416 2725 487 2790 aar.
510 2721 661 2808 Aegrotis
685 2723 836 2807 privatim
858 2723 1069 2789 annuntiatur
1090 2722 1252 2808 euangelii
1270 2723 1445 2789 consolatio
1465 2727 1562 2810 atque
1581 2724 1761 2790 absolutio:

298 2814 428 2899 ,quidni
439 2833 517 2898 ergo
532 2811 742 2878 absolutionis
754 2812 853 2877 etiam
860 2817 1095 2878 aeramentum
1103 2811 1168 2878 illis
1176 2811 1374 2878 concedatur.
1384 2814 1476 2898 Κεφ.
1485 2835 1591 2878 merae
1599 2813 1763 2879 humanae

294 2903 502 2982 ratiunculae,
515 2901 706 2966 stramineac
714 2902 967 2985 consequentiae.
976 2900 1084 2966 Etiam
1093 2901 1234 2985 parvulis
1245 2902 1452 2986 septannibus
1463 2902 1640 2968 inarticulc
1648 2904 1763 2968 mortis

295 2991 477 3058 constitutis
498 2989 660 3075 euangelii
680 2991 853 3056 consolatio
872 2994 983 3056 contra
1005 2999 1127 3056 metum
1147 2990 1270 3069 mortis,
1287 2991 1311 3056 s
1330 2990 1415 3055 vitae
1431 2987 1577 3057 melioris¹
1591 2992 1763 3076 promissio

295 3079 480 3146 annuntiari
491 3082 614 3164 potest:
638 3079 755 3164 quibus
766 3083 875 3144 tamen
887 3079 1024 3144 Coenam
1036 3100 1100 3144 non
1111 3083 1189 3162 puto
1201 3077 1333 3164 porrigi.
1345 3077 1437 3144 Adde
1448 3081 1533 3163 quod
1544 3079 1678 3144 cuilibet
1693 3081 1764 3145 sire

296 3169 491 3255 agonizanti,
503 3168 569 3234 sive
585 3189 662 3233 sano
677 3167 818 3252 quidem,
829 3167 885 3234 sed
896 3168 1029 3252 pauperi
1044 3167 1172 3253 spiritu,
1185 3167 1354 3245 laboranti,
1366 3173 1508 3248 onerato,
1520 3169 1605 3234 inter
1615 3168 1764 3234 infideles

296 3262 353 3324 aut
367 3257 543 3323 haereticos
555 3255 727 3337 habitanti,
740 3257 912 3323 consolatio
925 3256 1137 3322 annuntiaris
1148 3278 1346 3340 quocumque
1359 3257 1525 3322 elementis
1538 3257 1613 3322 fidei
1623 3257 1762 3334 imbuto,

297 3350 354 3414 aut
370 3347 396 3412 si
416 3346 489 3411 istic
507 3345 615 3410 nullus
636 3346 679 3412 sit
690 3345 803 3424 fidelis,
816 3346 946 3430 propria
957 3369 1015 3410 sua
1030 3346 1281 3418 annuntiatione,
1293 3367 1350 3410 seu
1365 3345 1579 3429 applicatione
1593 3349 1764 3411 contentus
1786 3407 1788 3412 .

297 3458 365 3502 esse
376 3435 480 3515 debet,
493 3435 613 3518 absque
624 3435 691 3500 ullo
702 3457 762 3500 usu
775 3434 910 3511 (leenae,
915 3435 1009 3519 juxta
1020 3435 1101 3498 illud
1111 3433 1287 3519 Augustini
1296 3431 1402 3498 Tract.
1419 3435 1461 3499 33
1473 3436 1508 3498 in
1523 3433 1657 3500 dobant
1673 3436 1764 3502 mede

297 3525 328 3593 e·
344 3525 554 3592 manducasti.
575 3523 618 3588 Et
637 3528 683 3589 sic
702 3524 903 3607 respondent,
924 3523 1117 3600 Bctduinue,
1135 3524 1262 3606 chaip,
1275 3521 1440 3603 Helenus,
1453 3524 1537 3608 apud
1556 3523 1762 3591 Prutmm

299 3616 423 3697 Quaeri.
444 3615 497 3684 65.
508 3612 561 3676 66.
575 3611 791 3692 67‚adistum
803 3634 920 3676 casum.
934 3611 1070 3696 Anquis
1081 3612 1115 3676 in
1142 3633 1243 3696 agone
1274 3611 1386 3692 mortis
1413 3612 1604 3677 constitutus
1615 3613 1656 3677 ab
1668 3611 1764 3677 hete-

297 3703 415 3768 rodoxo
423 3699 581 3780 Ministro,
594 3701 810 3786 antaprivato
829 3699 916 3765 fideli
930 3698 1067 3766 Coenam
1080 3703 1188 3784 petere
1199 3699 1223 3763 b
1234 3699 1375 3784 accipere
1385 3701 1510 3785 possit?
1523 3699 1653 3786 Negant
1675 3702 1763 3768 euim

298 3793 359 3857 hac
381 3791 519 3856 ratione:
539 3789 646 3873 Hujus
664 3791 749 3856 enim
766 3790 813 3855 rei
832 3792 921 3874 (sunt
941 3787 1072 3854 Hutteri
1092 3788 1284 3856 &Prulmeri
1308 3786 1765 3876 casamassancia„

297 3901 397 3968 amesa
422 3879 605 3964 Scripturas
631 3879 811 3962 exemptum
838 3877 938 3945 lactet.
967 3878 1098 3944 Interim
1127 3879 1303 3962 agonizans
1336 3879 1599 3962 promissionibus
1620 3900 1764 3964 euange-

298 3969 726 4054 licisseeripat,otcsej1e
748 3967 936 4034 cananae
957 3967 1077 4051 &lmen
1099 3967 1226 4034 sadum
1252 3967 1564 4034 sitentimesceadum
1573 3968 1763 4052 wentam.

100 4043 107 4059 ’
211 4095 214 4102 ·
299 4057 370 4124 Hoc
387 4057 514 4142 applica
532 4056 860 4122 admanducationem
871 4055 1059 4136 solitariam,
1071 4055 1305 4140 praesertimin
1320 4077 1395 4122 casu
1407 4057 1536 4123 mortis:
1556 4057 1765 4144 autsineges

300 4168 410 4232 parem
429 4145 596 4230 utriusque
615 4145 771 4210 rationem
791 4167 860 4210 esse
876 4145 953 4210 cedo
964 4145 1161 4225 mandatum,
1172 4144 1248 4210 cedo
1261 4147 1440 4230 exemplum
1452 4145 1615 4211 solitariae
1626 4145 1764 4210 mandu-

299 4235 433 4302 cationis
445 4234 693 4319 agonizantium.
706 4232 796 4309 Quod
803 4255 875 4298 cum
887 4233 1041 4300 hactenus
1053 4233 1174 4299 factum
1189 4254 1253 4300 uon
1265 4233 1317 4315 sit,
1329 4255 1387 4302 nec
1398 4255 1540 4318 unquam
1551 4233 1698 4300 futurum
1709 4235 1765 4314 sit,

299 4347 340 4392 ue
360 4323 523 4408 sapiamus
538 4345 637 4407 supra
654 4321 688 4388 id
706 4323 790 4406 quod
805 4322 960 4407 scriptum
971 4326 1030 4388 est.
1045 4323 1159 4390 Goreeit.
1180 4323 1402 4390 lltdeatiaum
1413 4323 1494 4390 Sese.
1513 4323 1563 4388 13.
1577 4343 1645 4408 cop.
1658 4325 1691 4390 6.
1708 4323 1765 4389 ubi

301 4410 592 4480 moremdeferendi
599 4409 836 4480 Eucharistiem
849 4411 889 4478 ad
900 4411 1043 4478 infirmos
1066 4411 1495 4482 maerensmaerens
1503 4413 1675 4500 deceruit&
1685 4409 1766 4480 Cea.

1610 4501 1640 4566 7.
1653 4505 1767 4568 contra
