3722 4850
306 292 348 355 64
684 292 843 359 Poenicis
859 293 1109 358 Eccnusmsricee
1133 294 1219 359 Pius
1233 293 1260 358 Ι.
1284 293 1407 360 16811.

305 479 437 548 mana
451 477 567 565 66616
578 481 614 544 in
630 481 659 545 V.
675 482 708 546 Τ.
721 501 787 545 non
799 481 903 546 sotum
919 479 1092 546 laudatam
1106 481 1210 548 Deam
1221 481 1345 546 6661668
1357 479 1519 559 hamanis
1532 479 1692 546 sedetiam
1704 483 1770 546 tta·

307 567 1770 655 8161816866668668,166866166666866161Τ666668,61116668.066166816668(1611886688-

307 656 383 735 rint,
396 679 493 740 supra
505 657 724 722 indicavimus,
739 656 817 732 Quis
829 681 941 722 sensus
953 660 976 724 6
989 681 1070 744 quae
1082 660 1191 742 praxis
1203 659 1302 723 fuerit
1312 655 1534 721 Waldensium
1547 655 1771 723 6666186868-

304 767 376 808 rum
387 749 477 828 patet
489 767 528 809 ex
542 745 684 812 Historia
695 747 902 826 666168168ιὶ66,
916 748 1150 832 eorundemque
1163 746 1378 832 dataponistis
1389 747 1413 812 6
1426 746 1619 812 Bellarmino
1630 767 1698 832 cap.
1724 747 1769 810 14.

308 831 355 897 De
368 833 518 898 Ecclesiis
531 833 712 900 Bohemieis
724 835 748 900 6
760 833 939 913 Moravicis,
953 835 1056 921 iisque
1067 837 1167 902 unitis
1182 834 1348 914 Potonicis,
1360 834 1512 899 indicium
1524 833 1620 899 faciet
1635 835 1772 920 066616-

307 943 419 987 sarum
434 923 664 988 Ecclesiasticus
680 945 764 987 anno
782 925 876 993 1633.
893 924 1030 988 &denuo
1043 947 1125 990 anno
1140 926 1236 990 1661.
1249 925 1353 988 861668
1365 943 1439 988 cum
1451 923 1574 990 scholiis
1589 923 1772 989 1666168681

312 1009 460 1077 Comenii.
470 1009 560 1086 Quod
568 1013 608 1076 ad
616 1011 777 1077 Ecclesiae
785 1009 932 1090 Graecas,
940 1012 1043 1078 fatam
1049 1015 1204 1097 apudeas,
1213 1035 1268 1094 pro
1275 1011 1403 1098 ingenio
1412 1011 1588 1090 hominnm,
1598 1012 1688 1096 prius
1695 1012 1772 1077 deli-

307 1099 450 1164 ciasillas
459 1100 549 1186 [pag.
564 1101 646 1187 566]
659 1104 771 1165 cantus
779 1100 896 1166 vocalis
905 1101 929 1167 6
937 1101 1200 1182 instrumentalis,
1213 1102 1247 1166 in
1256 1101 1384 1184 publica
1392 1099 1662 1185 sacrairrepsisse.
1672 1100 1772 1165 Hodie

307 1187 583 1254 tameanatrum
592 1189 747 1254 memoria
755 1191 850 1276 (68868
857 1189 968 1254 Oresio
977 1190 1011 1253 in
1020 1188 1275 1256 Turno-Graecia
1287 1190 1343 1254 lib.
1352 1189 1382 1253 5.
1390 1189 1497 1273 6197.
1505 1189 1773 1278 Cantasfipuralis

306 1277 395 1361 apud
404 1278 663 1358 Graecosnonest,
676 1279 740 1342 nisi
750 1279 836 1364 quod
841 1277 987 1345 Centoras
995 1279 1030 1343 in
1036 1281 1181 1364 Tenrplis,
1189 1280 1313 1346 6661666
1321 1278 1483 1343 interdum
1489 1299 1568 1357 oooe,
1575 1299 1650 1344 8668
1656 1279 1774 1344 imitari

307 1377 465 1431 conamur
472 1388 559 1432 more
565 1368 829 1434 atnculariorum
840 1378 1033 1447 nestrorum,
1043 1369 1128 1434 alites
1136 1389 1238 1434 vocem
1245 1367 1350 1432 6661886
1360 1377 1432 1432 tono
1441 1377 1529 1445 unet,
1537 1368 1623 1432 atius
1631 1367 1694 1446 Bru
1703 1367 1774 1451 686,

308 1457 494 1521 saniorum
503 1456 538 1520 in
546 1456 678 1521 erodunt
686 1456 770 1520 canit
785 1454 839 1520 aa.
852 1456 1076 1522 Instranientis
1086 1458 1215 1523 61681618
1226 1477 1292 1520 non
1303 1467 1453 1521 utantur:
1464 1455 1529 1520 nisi
1535 1456 1616 1541 (orte
1624 1457 1777 1522 testudine

310 1541 922 1632 6616616666άί611,66166061666666,
941 1543 1037 1622 Creta,
1056 1544 1198 1632 Corcyra,
1212 1545 1346 1631 aliisque
1358 1545 1484 1609 Italicae
1494 1545 1680 1610 imitationis
1693 1546 1774 1618 locis,

307 1634 447 1698 ueniunt.
460 1633 596 1719 Scaliper
607 1633 658 1699 lit.
670 1634 699 1697 7.
712 1634 751 1698 de
762 1633 926 1698 Emendat.
940 1645 1070 1719 tempor.
1080 1655 1112 1719 6.
1122 1635 1198 1698 684.
1212 1633 1309 1698 refert
1322 1631 1495 1716 Aethiopas
1504 1633 1681 1699 Abassinos
1690 1655 1775 1718 eym-

308 1721 539 1800 bnlis,citharis
551 1724 574 1788 6
587 1721 785 1807 symphoniis
797 1720 964 1807 liturgiam
976 1723 1145 1787 celebrare:
1159 1723 1253 1809 idque
1263 1744 1301 1788 66
1312 1722 1426 1787 altirnd
1437 1722 1624 1808 antiquitate
1634 1724 1776 1808 petitum.

308 1809 396 1874 Idem
408 1811 442 1874 in
454 1811 587 1876 Elertebo
600 1811 762 1876 triltaercsi
774 1832 797 1875 c.
810 1809 993 1876 8666661666
1006 1815 1073 1896 cap.
1088 1813 1140 1875 20.
1148 1833 1182 1896 6.
1197 1805 1270 1874 239.
1284 1813 1455 1896 postquam
1471 1815 1632 1875 narrasset
1648 1834 1687 1876 ex
1698 1811 1776 1879 Plei-

309 1899 507 1964 1668166666
518 1899 634 1965 Esseos
646 1899 837 1964 theoreticus
849 1899 879 1962 in
894 1899 959 1963 8618
973 1900 1101 1984 hymnis
1114 1901 1248 1965 saltasse
1260 1901 1284 1966 6
1294 1898 1405 1984 digitis
1418 1899 1635 1984 gesticulator,
1650 1899 1776 1966 &Chri-

307 1989 426 2052 stianos
439 1988 591 2074 quosdam
605 1988 703 2063 etiam
715 1987 807 2052 hodie
820 1988 854 2051 in
866 1987 963 2052 sacris
976 1985 1179 2067 ἐπορχεῖσθαι,
1194 1987 1355 2053 &musicis
1363 1987 1596 2068 instrumentis,
1605 1988 1779 2073 tympanis,

308 2077 424 2156 886818,
448 2075 471 2140 6
494 2077 566 2141 81118
590 2076 744 2161 ejusmodi
768 2079 976 2160 perstrepere,
1000 2086 1036 2140 ut
1049 2075 1240 2144 Bacchantes
1250 2088 1360 2162 putes:
1376 2075 1494 2154 subdit,
1506 2077 1565 2163 qui
1574 2078 1779 2143 mostoeteri

308 2166 458 2230 68868166
469 2165 535 2230 ritu
547 2167 680 2242 6116668,
693 2166 716 2230 6
728 2165 808 2229 61686
819 2164 916 2228 verba
932 2185 970 2228 er
985 2163 1052 2228 Iit.
1064 2167 1236 2250 quaestion.
1250 2166 1308 2229 sub
1321 2164 1449 2229 nomine
1459 2163 1593 2244 Iustini,
1610 2189 1709 2251 supra
1724 2188 1780 2232 ex·

309 2253 423 2317 hibita.
435 2252 553 2318 Contra
566 2275 661 2339 quem
674 2251 835 2318 Serrarius
847 2250 915 2317 Lib.
928 2251 1778 2338 6661666866.84816666886688886866·

309 2343 418 2426 phora:
433 2365 466 2406 se
479 2345 587 2406 tamen
600 2342 680 2406 seire
691 2341 848 2427 ejusmodi
859 2342 1009 2406 melodiae
1020 2361 1119 2405 usam
1127 2363 1225 2428 neque
1233 2363 1353 2427 seraper
1364 2362 1463 2428 aeque
1473 2342 1590 2428 661666
1600 2356 1656 2409 ant
1666 2344 1781 2429 [61886

308 2432 467 2496 autetiam
475 2451 643 2510 66686886,
653 2431 886 2517 666661168666
893 2429 1109 2514 66686866888
1120 2431 1317 2510 interuenire,
1326 2430 1363 2494 ot
1375 2431 1782 2516 quosornittienrnautmi·

307 2517 697 2693 ttttttttttttss
697 2523 765 2670 ‘il
775 2517 1357 2691 661666166016116116
1358 2519 1586 2673 titttlt
1587 2541 1636 2672 il
1636 2521 1786 2676 'idida

620 2658 627 2672 ·
694 2657 701 2672 ·
756 2658 764 2672 ·
1094 2651 1104 2686 r
1230 2657 1238 2686 2
1354 2653 1361 2682 r

308 2697 421 2762 iisdem
445 2697 612 2772 attribuit;
637 2699 661 2762 6
684 2694 886 2780 Organorum
909 2717 1003 2760 usum
1020 2698 1039 2759 6
1053 2699 1196 2779 ternpore
1209 2695 1356 2781 Gregorii
1368 2693 1459 2760 XIII.
1476 2695 1523 2760 ibi
1534 2697 1661 2762 demum
1675 2698 1784 2763 intro·

308 2787 447 2862 ductum,
472 2785 496 2851 6
519 2785 656 2849 artifices
670 2787 688 2848 6
702 2783 789 2867 Ρ866
801 2787 838 2848 86
850 2783 972 2862 missos,
987 2783 1043 2868 qui
1055 2782 1185 2869 Organa
1196 2784 1275 2868 ipsis
1287 2783 1490 2849 fabricarent.
1505 2783 1608 2861 Quam
1621 2785 1785 2852 fabulam.

307 2875 375 2940 666
387 2874 539 2959 pleraque
548 2872 612 2937 8116
626 2873 720 2936 istius
732 2872 874 2950 Antoris,
886 2871 937 2935 his
949 2872 1054 2937 verbis
1067 2872 1233 2958 Godignus
1246 2873 1404 2957 explodit:
1417 2874 1488 2959 quis
1500 2875 1629 2940 eredat?
1642 2877 1786 2956 1666118,

308 2963 434 3048 quiden
444 2962 586 3047 Greporii
596 2961 679 3027 nibil
691 2962 750 3026 tole
761 2961 926 3046 reperitur.
940 2959 1046 3046 Neque
1060 2961 1087 3025 is
1102 2961 1248 3046 Pontisea
1260 2961 1435 3046 1668666661,
1447 2964 1468 3026 a
1480 2964 1627 3030 11886666
1637 2965 1704 3053 fide
1716 2966 1787 3032 elis-

308 3051 407 3116 sidere
417 3050 599 3130 Atassinos,
611 3061 646 3116 61
655 3049 911 3135 praedicatorum
920 3050 995 3128 ioco,
1008 3050 1051 3115 ad
1061 3069 1111 3115 eos
1123 3050 1254 3116 mitteret
1270 3050 1472 3135 [6681666688
1486 3052 1705 3138 0666666668.

353 3139 585 3205 laedimusael
596 3150 736 3224 tempora
748 3138 996 3223 reformationis:
1008 3137 1064 3202 ubi
1075 3143 1245 3203 occurrunt
1256 3139 1442 3204 testimonia
1455 3141 1591 3218 11668681,
1604 3142 1726 3208 tueri
1735 3144 1788 3210 Pii

313 3227 462 3314 Gajetani,
488 3227 634 3306 Navarri,
658 3227 808 3305 tinelani,
832 3228 901 3292 loc.
922 3227 990 3310 jam
1005 3227 1054 3291 cit.
1071 3227 1094 3292 6
1110 3226 1303 3293 Salmeronis
1315 3227 1380 3293 inl
1402 3229 1471 3294 Cor.
1489 3231 1538 3294 14.
1557 3251 1587 3318 q.
1602 3231 1656 3296 22.
1669 3229 1788 3297 Verba

310 3339 428 3396 eorum,
443 3317 518 3401 quia
529 3316 694 3381 continent
707 3316 837 3401 egregia
848 3319 1039 3400 argumenta
1053 3318 1071 3379 6
1083 3317 1280 3382 consortibus
1290 3317 1431 3400 ejusdem
1439 3317 1606 3403 religionis
1613 3317 1789 3386 Romanae

308 3406 432 3470 utiliter
455 3404 618 3490 legentur,
642 3405 725 3468 unde
740 3403 835 3468 facile
844 3403 986 3486 judicent
999 3426 1096 3489 quam
1112 3403 1248 3470 feliciter
1264 3405 1336 3471 tot.
1348 3404 1527 3490 Stephanus
1539 3407 1718 3475 Dnrarttus
1730 3411 1787 3476 tit.

315 3496 339 3556 l.
355 3495 394 3560 tle
411 3493 579 3579 11166866.
595 3493 646 3556 13.
659 3492 848 3558 refutaverit
861 3493 1053 3572 Navarrum,
1066 3493 1090 3558 6
1101 3515 1165 3578 quo
1173 3493 1246 3578 jure
1258 3495 1400 3560 Larinas
1411 3495 1448 3560 ia
1462 3495 1602 3580 Sapient.
1617 3497 1668 3562 19.
1681 3519 1715 3562 6.
1734 3498 1788 3561 17.

309 3581 435 3662 dixerit,
458 3603 532 3645 eum
554 3581 668 3646 merito
692 3584 711 3645 6
729 3581 796 3645 rot.
811 3580 915 3664 Steplt.
941 3579 1088 3647 Duranto
1101 3581 1286 3664 refutatum.
1303 3580 1449 3669 Uterque
1461 3587 1570 3648 autem
1584 3585 1664 3650 citat
1676 3585 1792 3652 1666-

309 3691 389 3736 num
413 3672 448 3736 in
471 3670 551 3736 loti.
568 3671 621 3734 31.
640 3691 734 3756 quem
746 3669 824 3734 dicit
836 3667 967 3750 Gregor.
982 3667 1026 3734 M.
1041 3669 1136 3755 longo
1149 3670 1317 3736 mtervallo
1329 3671 1546 3736 antecessisse.
1560 3671 1624 3738 Sed
1635 3674 1662 3738 si
1673 3674 1711 3739 in
1724 3675 1791 3740 hoc

309 3759 430 3825 Autore
454 3763 518 3824 stet
533 3758 718 3844 antiquitas,
731 3778 826 3842 quem
839 3757 929 3820 video
938 3757 1031 3840 juxta
1043 3779 1114 3822 curn
1131 3758 1203 3824 aliis
1216 3759 1247 3822 in
1262 3763 1375 3824 catena
1387 3757 1510 3825 Graeca
1521 3761 1627 3826 locum
1641 3762 1790 3830 habere:

201 3919 204 3926 ,
310 3847 419 3933 utique
442 3847 481 3911 de
504 3847 605 3932 ipsius
628 3850 733 3912 aetate
755 3845 894 3930 primum
917 3845 1142 3931 inquirendum
1166 3852 1266 3924 88886ς
1283 3869 1356 3912 cum
1368 3847 1477 3932 plures
1489 3849 1582 3914 istius
1594 3851 1741 3917 nominis
1754 3855 1790 3918 in

313 3936 472 4001 Posscuini
483 3936 649 4021 Apparutu
660 3934 870 4019 reperiantur,
883 3933 938 4018 qui
950 3956 1044 4018 saepe
1056 3933 1301 4000 confunduntur.
1315 3935 1449 4015 Deinde,
1458 3937 1641 4024 quicunque
1650 3941 1794 4008 demum

311 4022 354 4085 sit
375 4023 437 4088 iste
458 4023 619 4104 Julianus,
642 4025 740 4088 verba
763 4023 942 4088 bDuranto
957 4024 980 4089 6
994 4023 1114 4088 Pineda
1125 4025 1161 4088 in
1173 4025 1245 4091 tot.
1262 4025 1315 4087 30.
1331 4045 1361 4088 6.
1375 4023 1428 4089 38.
1440 4025 1540 4090 616868
1550 4049 1614 4091 non
1630 4029 1795 4096 evincunt

311 4110 530 4176 machinarum
556 4111 701 4191 istarum,
725 4133 807 4196 quae
818 4133 902 4175 nunc
914 4108 1044 4196 Organa
1059 4113 1233 4196 appellant,
1247 4113 1387 4178 usumin
1400 4112 1544 4199 Templis
1556 4115 1656 4181 fuisse
1668 4139 1676 4180 :
1688 4118 1796 4186 Lori·

311 4217 375 4262 nus
392 4200 488 4281 paulo
504 4203 577 4263 ante
589 4199 713 4263 dixerat
726 4221 800 4264 voce
815 4200 937 4283 Orpaai
948 4199 1081 4284 quodvis
1093 4200 1342 4266 instrumentum
1355 4203 1512 4268 musicum
1524 4205 1640 4269 notari.
1654 4205 1796 4276 Pineda

312 4285 348 4347 in
365 4284 534 4351 Commeat.
551 4286 672 4352 uellet.
687 4288 740 4352 30.
752 4308 781 4351 6.
798 4287 849 4351 31.
863 4287 909 4352 sio
922 4286 1000 4352 citat
1013 4286 1193 4353 lulianum:
1208 4290 1294 4356 tttut
1304 4311 1375 4356 vero
1387 4291 1527 4357 66866661
1540 4293 1597 4359 666
1608 4295 1673 4360 loeo
1684 4290 1797 4385 [pag.

314 4371 395 4456 561]
406 4373 650 4490 lulianaskfieri
661 4375 787 4460 quiderm
796 4395 897 4460 66886,
909 4387 944 4441 ut
955 4377 1150 4460 6668616666
1161 4379 1372 4446 instrumenta
1383 4381 1506 4446 6868166
1522 4381 1797 4535 666666ιεῖ6868-

1687 4495 1796 4560 ‘'itit‘’
