3736 4860
313 291 425 361 'Palen
437 295 480 364 ΙΙ.
503 295 590 363 Sner.
603 283 663 364 ΙΙΙ.
686 282 734 362 De
748 297 1026 364 Anurmsratnonn
1039 297 1194 364 Blnrrsur.
1220 299 1292 368 Otr.
1304 299 1331 366 I.
1487 292 1554 365 127

95 482 224 548 verbum
246 482 488 564 adhortationis,
509 488 565 548 aut
584 482 830 567 praelectionem
845 483 1002 548 formulae
1018 483 1197 569 liturgieae,
1211 488 1267 549 aut
1278 485 1486 569 precationes
1499 491 1557 552 aut

95 571 294 654 quaestiones
317 572 490 656 adjungere
510 572 616 651 vellet,
635 595 716 656 quae
737 572 930 637 orthodoxae
947 572 1019 637 fidei
1032 577 1169 654 nostrae,
1183 595 1279 657 quam
1295 574 1492 658 profitemur,
1506 599 1556 641 re-

95 664 283 744 pugnarent,
306 664 449 744 praestat
471 660 632 726 ahstinere
656 663 679 726 a
701 661 826 724 meliori
842 661 998 726 occasioni
1010 685 1067 726 nos
1079 685 1241 727 reservare
1252 687 1259 740 ;
1272 685 1368 747 quam
1382 664 1557 748 quidquam
1671 721 1676 728 .

94 770 148 831 per
170 748 334 813 silentium
358 748 381 813 t
401 749 637 814 simulationem
657 749 866 829 committere,
879 750 963 834 quod
976 751 1185 816 conscientiae
1201 755 1328 816 nostrae
1341 752 1558 837 integritati&

94 837 321 920 tranquillitati
338 837 579 921 praejudicaret.
1496 882 1501 892 ·

14 929 15 932 ’
136 923 175 988 X.
191 927 314 1008 Quaest.
338 927 387 991 Ad
403 928 609 1010 epraetensis
623 928 777 992 Ministris
789 929 939 993 societatis
952 931 1239 995 Bemenstrentieee
1252 931 1436 1013 Baptismus
1450 943 1557 1014 peten-

93 1013 152 1078 dus
172 1015 230 1078 sit:
255 1014 362 1080 saitem
384 1017 419 1079 in
440 1027 623 1098 praesento
642 1027 697 1080 ent
713 1017 903 1099 inteqinerio
914 1039 990 1083 ease
1001 1019 1196 1096 necessitatis,
1213 1019 1250 1082 ot
1263 1019 1476 1106 infirmitatem
1492 1023 1556 1087 seit.

93 1102 236 1186 insontis,
257 1102 288 1168 a
307 1104 383 1188 quie
403 1115 470 1168 tarn
488 1105 635 1188 terporis
657 1105 800 1169 Minister
815 1107 1004 1189 reformatus
1019 1106 1126 1171 hateri
1138 1105 1267 1192 neqetet
1291 1109 1381 1192 Hesp.
1398 1107 1556 1174 Absolute

95 1191 165 1276 Nep.
178 1193 219 1256 de
233 1190 544 1270 Remonstrantibus,
552 1196 625 1276 post
633 1191 752 1277 Synodi
761 1193 1141 1278 Dordracenaejudicium
1152 1197 1353 1260 aministerio
1362 1197 1385 1260 dt
1394 1196 1556 1262 Ecclesiae

14 1339 16 1342 .
91 1284 219 1344 nostrae
232 1281 451 1345 communione
463 1281 604 1360 remotis,
621 1281 644 1346 du
656 1280 832 1346 miscellam
844 1305 941 1366 quam
957 1283 1145 1368 religionem
1158 1307 1197 1348 ex
1208 1285 1518 1368 quinquerticulanis
1533 1290 1556 1353 tr

92 1369 377 1452 crypta-Arrianis,
394 1373 450 1434 aut
466 1369 667 1434 Photinianis
684 1369 898 1435 heterodoxiis
917 1372 1085 1436 conflatam
1098 1372 1290 1438 foventibus.
1314 1372 1484 1438 Annorum
1498 1375 1555 1440 du-

93 1456 186 1538 bium
196 1461 255 1534 est,
269 1479 308 1521 an
321 1459 361 1522 ab
374 1458 414 1522 iis
429 1458 620 1542 baptizatus,
632 1460 735 1524 denne
749 1459 791 1522 sit
803 1460 1037 1544 baptizandus?
1053 1461 1199 1548 Synedns
1214 1463 1388 1530 zeid-nott.
1404 1464 1556 1530 Brietona

91 1567 171 1608 anno
199 1545 295 1610 1623.
320 1547 407 1612 artic.
432 1547 484 1610 50.
509 1547 665 1632 negabat:
683 1545 746 1612 Sed
758 1569 830 1611 eum
842 1552 945 1613 status
958 1547 1260 1615 Remonstrantismi
1276 1550 1316 1615 ab
1331 1573 1367 1616 eo
1379 1555 1555 1636 temporeis

93 1635 174 1698 malo
193 1634 229 1698 in
249 1635 342 1721 longe
359 1636 499 1719 pejorem
511 1639 654 1700 mutatus
667 1636 710 1700 sit
722 1637 770 1713 ,de
782 1659 864 1700 nevo
876 1660 972 1721 super
983 1638 1043 1702 hac
1055 1639 1240 1723 quaestione
1256 1639 1424 1705 deliberari
1437 1647 1555 1725 posset.

95 1722 295 1790 Priscis-sacrus
307 1737 426 1790 certtnr.
440 1725 470 1790 5.
483 1746 536 1810 qn.
551 1725 581 1788 8.
595 1747 667 1790 eum
680 1725 805 1790 Fistelia
818 1728 840 1792 a
854 1727 965 1812 Koniq.
979 1727 1052 1792 ibid.
1066 1729 1113 1792 cit.
1126 1728 1269 1793 concedit
1280 1728 1437 1794 infantem
1445 1729 1555 1794 ortho-

91 1811 161 1876 dori
172 1811 282 1878 Patris
295 1814 381 1878 licita
395 1815 434 1877 ad
446 1813 672 1897 baptizandum
684 1813 792 1878 offerri
804 1836 897 1898 posse
911 1814 1035 1880 Pastori
1047 1817 1250 1894 heterodoxo,
1264 1817 1323 1882 sub
1336 1819 1556 1900 cujus'ditione

91 1900 147 1985 (sic
163 1901 322 1986 loquitur)
335 1902 471 1982 habitat,
485 1902 581 1986 idque
597 1903 637 1966 ob
645 1902 699 1986 jus
715 1903 936 1986 parochiatus;
950 1919 1021 1968 cum
1035 1905 1101 1969 scil.
1114 1909 1217 1970 status
1229 1905 1390 1971 Ecclesiae
1405 1911 1453 1971 est
1464 1930 1554 1991 pres-

91 2011 159 2064 sns3
173 1990 270 2074 idque
281 2012 344 2054 non
357 1991 424 2054 sine
436 1991 612 2073 praemissa
624 1991 852 2074 protestatione
866 1996 976 2057 eontra
984 1993 1231 2058 heterodoxiam:
1242 1999 1351 2059 contra
1359 1999 1457 2080 negat
1467 1996 1553 2061 licite

90 2077 195 2142 offerri
208 2101 312 2162 posse,
325 2102 396 2144 eum
408 2083 512 2144 status
525 2079 686 2144 Ecclesiae
698 2080 781 2144 liber
797 2085 860 2157 est3
874 2103 913 2146 ne
926 2082 1063 2164 speciem
1080 2083 1263 2148 collusionis
1276 2105 1347 2147 cum
1359 2083 1555 2150 heterodoxo*

91 2187 164 2249 prae
187 2189 223 2232 se
246 2168 339 2232 ferat.
364 2167 432 2233 Nos
453 2189 627 2248 censemus,
648 2191 830 2251 pressuram
842 2174 898 2233 aut
914 2169 1096 2235 libertatem
1117 2171 1278 2236 Ecclesiae
1290 2194 1354 2236 non
1366 2194 1483 2256 ponere
1495 2178 1552 2238 aut

89 2255 212 2334 tollere,
232 2257 361 2341 regulas
383 2257 421 2320 de
433 2257 562 2321 vitanda
574 2257 794 2322 communione
807 2259 1016 2324 &collusione
1029 2279 1100 2324 cum
1111 2260 1327 2340 heteu0doxiia,
1339 2261 1475 2341 haeresi,
1490 2261 1551 2328 Ec·

90 2342 184 2408 clesist
194 2345 367 2425 haeretica,
380 2344 537 2410 Ministris
549 2346 718 2411 haereticis
730 2349 753 2412 a
765 2347 874 2430 aliqud
886 2348 989 2431 specie
1003 2349 1080 2413 mali
1095 2350 1123 2414 1.
1142 2350 1245 2415 Thess.
1256 2351 1286 2414 5.
1298 2351 1386 2416 Rern.
1398 2351 1489 2416 16..υ.
1500 2352 1551 2416 18.

92 2431 141 2496 le.
153 2434 280 2517 Apocul.
296 2435 346 2499 18.
359 2455 388 2500 n.
406 2435 436 2499 4.
449 2435 536 2519 epist.
550 2435 662 2500 lehun.
680 2435 712 2500 2.
724 2456 754 2500 v.
770 2437 819 2500 10.
834 2434 973 2510 Quaerat
989 2437 1070 2521 quis,
1084 2437 1136 2502 An
1149 2460 1225 2524 ergo
1238 2439 1297 2502 tali
1309 2439 1342 2503 in
1350 2461 1424 2504 casu
1435 2439 1552 2506 liberos

90 2542 160 2585 suos
171 2523 292 2606 absque
306 2522 469 2608 Baptismo
481 2522 623 2588 relicturi
635 2527 734 2588 sunt?
756 2523 943 2607 Respondeo
955 2548 1027 2589 cum
1039 2526 1123 2592 Beza
1134 2527 1168 2590 in
1181 2527 1310 2602 lluaest.
1324 2529 1347 2594 dt
1360 2527 1457 2611 Resp.
1470 2534 1551 2612 part.

91 2610 118 2672 2.
133 2632 187 2693 qu.
203 2611 276 2674 145.
290 2613 446 2679 seratites
457 2633 523 2678 non
532 2625 671 2697 parcent,
689 2611 720 2677 e·
731 2613 812 2679 nihil
824 2614 1012 2680 intestatum
1022 2616 1551 2702 relinquent,ntpereteptizuntlos
1610 2695 1612 2698 ¹

89 2718 160 2763 seres
178 2700 290 2766 liberos
309 2712 437 2777 eurent;
447 2723 484 2766 ee
498 2703 601 2785 potins
614 2702 817 2785 Baptismune
830 2703 985 2855 dissgrent,
1002 2725 1099 2790 quern
1112 2706 1242 2770 illorum
1253 2707 1493 2788 eorreptionem
1505 2707 1551 2771 rei

88 2789 174 2873 fiunt.
199 2787 262 2852 Sed
278 2789 394 2873 quidsi
405 2790 527 2854 intorea
539 2791 695 2855 moriatur
706 2789 837 2855 infans?
911 2793 1044 2875 spondet
1056 2793 1131 2858 ibid.
1145 2793 1229 2858 Beza
1244 2816 1296 2877 qu.
1317 2794 1390 2858 146.
1417 2795 1551 2878 Cnlpont

14 2883 16 2902 “
89 2877 152 2959 ipse
170 2889 248 2942 certe
267 2879 378 2962 insons
397 2898 464 2943 uon
484 2881 561 2944 leet.-
574 2877 614 2944 ‘dc
627 2880 699 2964 jan
718 2899 807 2963 saepe
824 2880 964 2945 dieimm
984 2903 1050 2946 reon
1068 2883 1285 2966 privatiorem,
1305 2883 1359 2946 sed
1374 2893 1550 2948 eontnuem

14 2969 15 3014 ἕ
89 2966 247 3049 Raptis-sni
256 2989 315 3052 per
325 2989 366 3046 se,
378 2968 506 3033 reddere
517 2969 675 3033 hornimera
687 2968 820 3053 (oannis
836 2968 977 3056 lintefieio
990 2971 1170 3057 indigitare.
1196 2971 1285 3055 [pag.
1301 2970 1382 3055 640]

14 3061 16 3138 f
130 3053 187 3118 xl.
210 3057 335 3137 (tuaest.
357 3057 408 3121 An
427 3057 611 3141 Baptismus
628 3058 780 3141 petendas
795 3059 815 3120 ὰ
832 3059 978 3123 Ministro
996 3057 1246 3135 ἁνθρωπαρέσκῳ,
1261 3059 1464 3139 ancienne,
1477 3081 1550 3143 per·

14 3151 15 3154 ’
87 3154 195 3208 mnata
215 3143 386 3232 hypocrita,
406 3157 462 3210 ent
479 3146 625 3226 ebrietati,
640 3146 747 3211 aliisve
766 3146 941 3230 infamibus
959 3148 1042 3212 vitiis
1058 3148 1199 3227 otnonio,
1221 3146 1251 3212 e·
1263 3149 1291 3213 si
1301 3148 1339 3214 et
1355 3149 1408 3214 itte
1420 3149 1551 3214 eoltttes

85 3243 134 3311 at,
145 3235 248 3298 wiese
259 3233 386 3298 debeat?
410 3235 499 3318 Hesp.
516 3235 580 3321 siff.
593 3245 707 3318 poster.
733 3233 816 3309 Quia
832 3236 921 3301 valor
932 3235 1092 3319 Baptismi
1104 3237 1137 3300 in
1153 3236 1375 3302 communione
1386 3236 1549 3302 Ecclesiae

14 3363 15 3366 κ
86 3320 281 3386 orthodoxae
303 3322 423 3401 collati,
448 3345 511 3387 non
533 3323 649 3408 pendet
672 3323 798 3388 abonis
811 3327 868 3389 aut
879 3325 973 3389 malis
986 3324 1128 3390 moribus
1141 3325 1291 3391 ministri.
1318 3327 1391 3412 Nep.
1401 3346 1453 3411 pr.
1467 3325 1549 3401 Quia

14 3487 15 3490 Ἴ
86 3409 177 3473 nulla
195 3411 369 3476 necessitas
384 3432 442 3475 nos
455 3411 542 3496 cogit
553 3411 593 3475 ad
606 3411 771 3476 fastidium
784 3415 807 3478 a
819 3413 993 3478 cordolium
1005 3413 1085 3478 illud
1097 3415 1189 3480 nobis
1202 3415 1425 3480 accersendum
1437 3437 1444 3478 :
1458 3415 1481 3482 dt
1494 3437 1548 3478 ex·

14 3497 16 3568 }
86 3499 224 3580 spectari
245 3503 360 3583 potest,
385 3500 483 3564 donec
502 3499 642 3564 melioris
661 3499 802 3564 Ministri
822 3501 856 3564 in
869 3503 978 3567 eadem
990 3506 1047 3569 aut
1058 3502 1091 3566 in
1104 3504 1207 3568 vicina
1219 3503 1361 3568 Ecclesia
1372 3503 1549 3568 ministerio

14 3595 16 3604 ’
85 3586 131 3648 uti
152 3587 323 3670 possimos,
348 3587 440 3663 Quod
459 3589 486 3652 si
502 3588 587 3652 enim
600 3589 778 3652 affectanda
788 3594 862 3654 sunt
877 3592 1152 3673 praestantissima
1166 3593 1247 3656 dona
1262 3594 1290 3655 1.
1306 3594 1374 3657 Cor.
1391 3593 1440 3677 12.
1452 3613 1480 3655 o.
1495 3593 1549 3656 31.

14 3707 15 3710 ¹
85 3675 196 3757 quidni
221 3676 317 3742 liceat
339 3677 464 3761 piorum
488 3676 709 3742 Ministrorum
733 3682 867 3761 utraque
891 3701 987 3742 manu
1007 3679 1243 3746 aedificantium
1255 3702 1352 3764 opera
1364 3679 1548 3746 fastidiosae

14 3787 15 3796 ³
86 3762 277 3848 ignavorum
288 3765 434 3831 fucorum
446 3769 469 3832 dr
481 3766 654 3851 fungorum
666 3788 781 3849 operae
793 3766 980 3849 praeferre?
993 3767 1109 3843 Quidni
1120 3770 1191 3853 ipso
1204 3769 1289 3835 facto
1298 3771 1471 3844 ostendere,
1480 3790 1549 3832 om·

14 3861 16 3936 J
83 3873 156 3916 nem
172 3859 313 3919 nostram
324 3856 523 3920 voluntatem
535 3877 603 3919 esse
617 3853 651 3919 in
662 3855 780 3920 sanctis
794 3858 842 3920 ec.
860 3857 910 3921 Ps.
928 3856 978 3921 16.
988 3857 1087 3940 &pios
1097 3858 1214 3923 anobis
1224 3858 1383 3937 honorari,
1394 3860 1548 3922 aceontra

14 3947 16 4012 g
85 3943 246 4005 contemni
257 3945 308 4010 &a
323 3947 375 4010 Ps.
390 3945 443 4009 la.
472 3965 474 3970 ·

14 4019 16 4080 i
114 4027 201 4112 1111.
228 4031 354 4113 Qneest
377 4035 429 4098 An
452 4034 569 4119 absque
579 4034 729 4115 senpnto
742 4033 970 4116 reeipiendus&
993 4034 1281 4100 Vicerioordinerii
1296 4036 1549 4113 Pastoriacum

14 4109 17 4204 l
83 4115 227 4184 aaran
246 4120 304 4186 too
322 4134 364 4186 est
387 4117 571 4207 Coudjntore
590 4122 758 4200 ordinarii,
776 4133 830 4186 ortt
841 4123 862 4184 ὰ
874 4121 1057 4204 Professorc
1075 4124 1261 4209 Thecloqiee,
1276 4135 1330 4188 aet
1343 4125 1381 4188 et
1393 4124 1549 4190 ordinetis

14 4205 16 4280 l
82 4208 125 4271 ud
151 4209 375 4289 rainisten'nne,
388 4213 512 4277 nnlhm
535 4223 640 4276 ternen
659 4231 769 4277 cerens
780 4211 1015 4294 postoralenin
1026 4213 1227 4298 erectique
1239 4213 1548 4278 thelesidottinenti·

14 4295 17 4376 l
83 4294 151 4375 lete,
177 4309 233 4362 ont
252 4299 273 4360 d
299 4300 452 4365 Ministris
464 4301 623 4368 meritis?
639 4301 730 4382 Resp.
743 4299 804 4385 Ass.
819 4297 975 4381 siquidem
987 4302 1020 4366 in
1032 4300 1055 4364 dt
1068 4301 1108 4364 ab
1120 4301 1263 4365 Ecclesia
1275 4301 1384 4386 aliqua
1395 4305 1546 4386 potestas,

14 4379 16 4454 l
81 4384 1548 4488 ordinarii)autextraordinaritiucasudefectnspraedicandidtsacramentaadministrandi

1468 4497 1549 4562 ipsis

14 4457 17 4556 l

14 4571 17 4704 q

14 4719 16 4813 l
