3766 4866
285 285 349 349 360
664 283 819 350 Ponrrrcla
834 283 1084 349 Eccnasnsrrcla
1107 281 1187 346 Pnns
1199 279 1225 344 l.
1250 281 1315 346 lnn.
1328 281 1370 348 Il.

285 473 375 536 extra
388 469 538 555 Belgium
550 475 705 550 nostrum,
717 469 872 535 hactenus
885 469 995 536 editas.
1020 467 1057 534 ln
1070 467 1221 533 Ecolesiis
1235 467 1381 554 Angliois
1394 473 1485 534 erant
1495 469 1570 534 dicti
1582 467 1750 536 Oeconomi

286 559 353 624 sive
378 556 562 637 (luardiani,
586 581 722 643 quorum
742 559 826 623 inter
849 561 914 625 alia
934 581 1049 623 munus
1073 563 1131 635 est,
1155 559 1482 640 wrelporedivinocnm
1495 560 1683 625 collectiones
1694 583 1752 644 pro
1872 579 1873 598 ¹

288 647 488 731 Pauperibus
503 648 659 714 calcaneis
672 669 836 733 mayoc.-
851 653 932 714 teste
949 645 1109 712 Richardo
1122 645 1216 711 Cosin
1229 647 1263 710 in
1279 649 1429 712 Ecclesiae
1440 647 1632 732 displicenda
1640 651 1754 732 politici

285 757 344 822 per
366 735 488 802 tabulas
511 736 627 821 dipeeld
652 737 712 802 lot.
739 735 788 799 14.
814 736 853 803 A.
871 738 927 822 qui
938 738 1022 802 idem
1040 735 1099 800 leb.
1116 735 1169 799 12.
1181 735 1264 798 inter
1279 741 1404 801 caetera
1417 735 1540 800 diaconi
1556 735 1753 803 Paroehialis

287 823 394 890 officia
416 824 517 890 refert
538 826 715 910 prospicere
738 825 949 910 Pauperibus,
966 825 1021 891 nti
1031 846 1067 891 co
1078 825 1159 890 rollo
1172 824 1283 889 licitur.
1307 823 1377 900 Qua
1388 825 1587 888 restrictione
1600 825 1690 890 innui
1705 828 1753 890 ri·

288 913 391 993 detur,
415 913 625 979 communiter
647 914 708 979 hoc
730 935 794 980 non
817 914 972 979 obtinere.
995 913 1064 978 Hoc
1088 913 1202 978 saltem
1222 912 1395 998 colligitur,
1412 913 1445 976 in
1462 911 1753 998 Regnisltpoliti'is
1872 963 1873 968 η

287 1001 470 1068 reformatis
485 1003 581 1068 simul
597 1025 633 1068 ac
649 1002 763 1089 religio
774 1003 841 1068 illic
853 1007 981 1087 recepta
997 1008 1054 1081 est,
1071 1002 1144 1066 ilico
1156 1023 1282 1066 omnem
1295 1024 1403 1067 curam
1415 1002 1699 1084 eleemosynariam
1712 1005 1753 1068 ab
1872 1009 1873 1016 ³

288 1089 432 1157 Ecclesia
453 1112 517 1155 non
540 1091 703 1156 transiisse
722 1093 762 1156 ad
773 1091 938 1175 Principes
951 1094 973 1158 lc
986 1089 1212 1176 Magistratus:
1230 1089 1277 1154 ita
1289 1096 1325 1154 ut
1341 1091 1429 1155 nefas
1447 1095 1531 1154 esset
1547 1092 1587 1155 ab
1599 1091 1754 1156 Ecclesiis

289 1201 378 1246 sacra
390 1186 470 1245 haec
481 1179 540 1244 tali
551 1179 585 1244 in
600 1203 675 1245 casu
688 1180 825 1264 amplius
837 1182 888 1246 vel
900 1181 1032 1244 minimo
1044 1179 1147 1264 digito
1160 1178 1330 1263 attingere.
1343 1178 1412 1244 Nec
1424 1179 1563 1243 arbitror
1571 1201 1754 1264 quenquam

288 1269 341 1334 hic
364 1268 597 1344 assensurum
622 1269 685 1333 nisi
707 1268 789 1334 forte
813 1269 932 1349 Erasti,
949 1273 1005 1333 aut
1021 1267 1176 1332 Hobbesii
1191 1265 1379 1343 Sectatores,
1393 1269 1449 1351 qui
1466 1267 1570 1352 Regni
1587 1268 1708 1334 Christi
1722 1270 1755 1334 in

290 1356 440 1442 Regnum
448 1356 1755 1446 hujussaeculi,Ecclesiaeinmundum,metamorphosimsibisomniarevidentur.

329 1443 373 1510 II.
399 1447 524 1528 Quaesl.
551 1446 635 1528 Quid
657 1447 836 1530 fodendum
862 1447 1013 1531 inprimet
1026 1447 1196 1510 collectione
1214 1444 1449 1530 &plantatione
1460 1447 1681 1524 Ecclesiorcon,
1699 1460 1756 1512 arc-l

289 1531 325 1594 in
336 1546 420 1600 coetu
435 1535 588 1620 aliquota
603 1536 747 1614 notibus,
760 1536 936 1619 praesidiis,
954 1536 1072 1612 castris,
1085 1535 1140 1600 reti
1152 1535 1235 1599 nulli
1247 1545 1322 1599 erent
1335 1534 1469 1598 Diaconi
1477 1535 1492 1598 ‚⁹
1511 1535 1601 1618 Rcsp.
1614 1533 1677 1599 Vel
1693 1536 1755 1619 ipsi
1873 1559 1874 1582 ³

290 1623 380 1687 verbi
399 1621 540 1687 Ministri
560 1623 723 1708 colligant,
737 1628 793 1688 aut
809 1625 948 1708 aliquem
960 1623 1232 1687 consentientibus
1245 1622 1405 1706 aliquibus
1421 1623 1452 1686 in
1468 1622 1524 1686 illo
1536 1629 1625 1688 coetu
1637 1647 1758 1708 perpe-
1873 1621 1874 1672 ἶ

290 1711 355 1776 tuis
375 1710 595 1791 Auditoribus,
613 1734 689 1796 prae
705 1712 787 1792 aliia,
802 1712 828 1777 si
841 1714 905 1777 sint
918 1713 973 1797 qui
985 1711 1063 1776 alibi
1075 1711 1169 1776 fidem
1183 1711 1316 1794 professi
1329 1711 1458 1788 fuerint,
1472 1711 1627 1794 imprimis
1639 1713 1669 1776 si
1684 1735 1758 1778 mu·
1873 1755 1874 1788 ,

290 1821 365 1864 nere
378 1798 545 1865 Saniorum
560 1804 616 1865 aut
632 1800 845 1865 Diaconorum
857 1801 969 1878 functi,
983 1805 1039 1865 aut
1054 1803 1290 1883 praesentarem
1302 1801 1325 1864 d
1338 1797 1579 1874 Praelectorenr,
1589 1803 1644 1864 aut
1654 1802 1759 1866 Aedi·
1873 1811 1874 1894 ,

291 1892 384 1954 tuum
396 1888 652 1972 provisionaliter
665 1890 837 1954 adhibeant
846 1891 878 1953 in
888 1890 1082 1966 collectione,
1092 1889 1189 1952 etiam
1199 1889 1231 1952 in
1240 1887 1474 1972 dispensatione
1484 1889 1505 1952 d
1516 1889 1758 1968 distributione,
1873 1949 1874 1972 ,

291 1999 355 2041 non
370 1980 479 2042 tamen
499 1978 566 2042 sine
583 1977 772 2062 cognitione,
790 1979 931 2057 oonsili0,
944 1981 967 2044 dc
979 2000 1131 2042 consensu
1144 1999 1201 2042 suo
1214 1977 1279 2040 sive
1292 1977 1440 2058 explicito
1456 1981 1512 2041 aut
1528 1977 1670 2060 speciali,
1688 1979 1759 2044 sive

292 2065 423 2130 virtuali
439 2069 495 2129 aut
511 2067 663 2148 generali.
691 2066 836 2150 Apostoli
848 2068 879 2130 in
893 2068 997 2152 prima
1013 2067 1172 2150 euangelii
1184 2065 1418 2150 praedicatione
1431 2065 1624 2130 &Ecclesiae
1636 2067 1760 2132 collec-
1873 2071 1874 2076 ’

290 2154 377 2219 tione
397 2154 459 2236 ipsi
478 2154 602 2220 oblatas
622 2155 850 2240 eleemosynas,
870 2156 1076 2239 recipiebant,
1098 2149 1374 2237 &dispensabant
1389 2155 1489 2218 Actor.
1509 2154 1538 2217 4.
1551 2175 1579 2218 υ.
1597 2157 1648 2218 31.
1665 2157 1760 2222 35.&

293 2243 323 2306 6.
347 2263 376 2308 υ.
399 2243 428 2306 2.
453 2241 574 2307 Eorum
590 2243 735 2326 exemplo
748 2244 877 2308 memini
891 2249 909 2308 a
921 2243 1078 2308 Ministris
1094 2245 1180 2308 lame
1192 2265 1264 2307 cum
1275 2243 1314 2306 iis
1327 2264 1456 2326 operam
1469 2265 1560 2306 suam
1576 2244 1614 2306 ad
1625 2248 1761 2328 tempus
1873 2319 1874 2324 η

293 2331 326 2395 in
349 2330 454 2415 primia
470 2331 654 2396 collectione
667 2331 828 2397 Ecclesiae
842 2331 1119 2416 Sylvae·duoensis
1133 2331 1405 2396 commodantibus
1418 2331 1613 2414 aliquamdiu
1625 2333 1760 2397 adhibi-

292 2424 361 2484 tum
382 2423 467 2484 certo
479 2420 610 2485 oonsilio
622 2420 773 2485 selectum
787 2423 944 2505 quendam
958 2443 995 2486 ex
1009 2421 1120 2504 primis
1133 2419 1341 2484 Auditoribus
1359 2419 1696 2503 sylvae-ducensibus,
1712 2422 1761 2486 vi·
1872 2409 1875 2484 l

293 2508 446 2591 giliarum
468 2507 639 2574 civicarum
663 2509 736 2573 istic
758 2509 976 2587 Praefectum
1001 2511 1024 2575 lt
1048 2510 1212 2574 collectam
1228 2509 1380 2592 cujusque
1393 2509 1550 2572 concionis
1564 2512 1582 2571 b
1597 2507 1763 2574 Ministris
1874 2531 1875 2546 ³

292 2595 513 2680 praesentibus
532 2602 732 2662 numeratam
745 2620 780 2662 ac
793 2598 826 2662 in
839 2598 948 2662 libello
960 2598 1189 2682 consignatam,
1207 2597 1337 2661 domum
1354 2600 1372 2660 ir
1385 2595 1543 2676 Ministro,
1556 2597 1606 2660 cui
1618 2597 1684 2662 hoc
1699 2599 1763 2662 im·

293 2689 463 2768 ponebant,
487 2685 635 2759 delatam,
656 2690 752 2770 atque
772 2709 810 2751 ex
823 2691 861 2752 eia
874 2685 1129 2751 distributionem
1141 2684 1259 2750 factam
1272 2684 1294 2748 lc
1306 2685 1338 2749 in
1356 2686 1464 2749 eodem
1479 2684 1588 2749 libello
1600 2689 1762 2752 notatam.
1873 2753 1875 2774 ,

293 2771 449 2928 Siqqigiter
459 2773 527 2876 iere
539 2773 660 2839 factum
675 2775 708 2838 in
721 2775 832 2840 castris
845 2776 885 2839 ad
897 2773 1131 2859 Sylvam·ducis
1145 2797 1227 2838 anno
1243 2774 1336 2838 1629.
1351 2773 1473 2839 talibi.

397 2873 493 2926 testeo.

338 2948 364 3014 I.
390 2951 514 3032 Quuesl.
535 2953 584 3016 Aa
603 2973 641 3016 ea
656 2952 799 3036 imposito
813 2953 1085 3037 leibulojuelilioc.
1097 2973 1141 3016 ec
1153 2974 1190 3017 ce
1200 2951 1274 3015 solia
1288 2951 1469 3036 spontaneis
1481 2950 1707 3030 oblationibus,
1721 2975 1764 3018 ore
1873 2947 1875 2996 j

294 3039 387 3104 elman
399 3039 599 3104 lesnaedenan
611 3041 773 3128 indefiniti
785 3043 940 3125 politione,
953 3042 1015 3106 sint
1027 3039 1239 3125 collipendoc?
1252 3041 1339 3123 deep.
1357 3041 1384 3102 l.
1397 3039 1445 3103 De
1458 3040 1675 3122 primomodo‚
1688 3045 1763 3126 nep
1874 3101 1875 3106 ,

295 3127 370 3211 quia
394 3126 453 3191 hoc
477 3133 635 3212 repugnat
651 3130 772 3193 nomini
788 3131 811 3195 lt
824 3131 999 3194 definitioni
1011 3129 1241 3212 Eleemosynae
1254 3130 1337 3211 apud
1349 3128 1549 3193 Scholasticos
1563 3129 1591 3191 4.
1607 3129 1695 3195 Diri.
1713 3133 1766 3195 15.
1873 3113 1875 3142 ⁴

294 3219 317 3282 lt
345 3215 497 3280 Thomala
522 3218 573 3280 22.
597 3238 650 3303 qu.
664 3219 716 3280 32.
729 3221 817 3284 artie.
834 3221 860 3284 l.
885 3218 993 3302 Atque
1005 3218 1065 3282 hac
1078 3218 1199 3281 ratione
1214 3217 1304 3302 [pag.
1323 3217 1403 3301 334]
1417 3221 1494 3298 puto
1507 3217 1665 3302 distingui
1679 3221 1764 3284 bona
1874 3221 1875 3234 ¹

295 3303 506 3369 ecclesiastica
519 3304 635 3370 directe
649 3305 671 3369 lt
683 3308 809 3390 proprie
821 3307 962 3385 fundata,
979 3309 1002 3372 lt
1015 3306 1181 3389 acquisita,
1195 3305 1234 3368 ad
1247 3305 1512 3369 sustentationem
1525 3304 1764 3384 Ministrorum,
1874 3371 1875 3384 ,

295 3392 335 3457 ad
346 3391 501 3456 fabricam
518 3394 719 3476 templorum,
733 3396 773 3459 ad
785 3400 956 3461 conventus
969 3397 992 3460 dr
1004 3395 1169 3459 missiones
1183 3394 1431 3470 Ecclesiasticas‚
1445 3393 1484 3456 ad
1501 3393 1712 3460 obtinendam
1725 3397 1764 3460 li·
1874 3411 1875 3424 ¹

294 3482 462 3559 bertatem,
487 3482 510 3546 dt
533 3481 747 3546 redimendam
771 3507 901 3560 vexam3
927 3485 966 3547 ab
992 3483 1055 3546 illis
1078 3483 1171 3547 bonis
1196 3505 1276 3566 quae
1293 3481 1420 3566 proprie
1436 3483 1459 3546 lt
1475 3481 1763 3550 directbdonatalt

295 3569 451 3653 acquisita
467 3573 541 3633 sunt
553 3593 610 3652 pro
623 3569 832 3654 Pauperibus,
856 3571 966 3636 Priora
978 3572 1095 3656 partim
1107 3595 1145 3635 ex
1158 3570 1390 3636 Donationibns
1403 3570 1426 3634 b
1442 3569 1676 3655 EleemosyniS,
1690 3597 1763 3657 par·
1873 3579 1875 3610 ³

295 3658 354 3722 tim
378 3679 417 3722 ex
439 3658 560 3722 tributo
581 3659 725 3742 justitiae
750 3661 973 3745 acquiruntur:
987 3661 1027 3724 ad
1038 3660 1165 3742 qualem
1178 3659 1441 3724 contributionem
1455 3657 1477 3722 J
1479 3681 1535 3722 ure
1548 3661 1656 3725 divino
1670 3665 1694 3729 b
1707 3685 1763 3726 na·
1872 3675 1875 3728 1

295 3746 393 3811 turali
415 3748 571 3810 tenentur.
586 3768 695 3813 omnes
712 3750 767 3832 qui
786 3749 980 3828 societatem,
993 3749 1174 3833 collegium,
1187 3753 1243 3812 aut
1255 3747 1514 3812 communitatem
1532 3770 1627 3831 quarn
1640 3751 1762 3816 consti-
1873 3779 1875 3836 4

295 3838 401 3912 luunt,
416 3836 503 3900 Rom.
519 3835 570 3900 13.
584 3857 609 3898 o.
625 3837 654 3898 6.
670 3837 698 3900 7.
710 3862 717 3914 ;
731 3840 753 3904 dc
766 3841 993 3921 consequenter
1005 3838 1044 3901 ad
1057 3837 1301 3901 ecclesiasticam
1312 3835 1580 3900 ccrntributionem
1590 3839 1762 3921 (siqnidem
1873 3839 1875 3898 1

296 3923 466 3987 necessitas
486 3923 532 3987 ita
548 3926 698 4008 postulet)
721 3927 897 4010 omnesqui
911 3926 1199 3990 suntdeEcclesiet.
1226 3925 1305 3990 Vide
1321 3925 1390 3990 Gal.
1405 3925 1433 3984 6.
1447 3945 1475 3988 e.
1491 3925 1522 3989 6.
1537 3926 1567 3990 7.
1579 3927 1652 3991 Luc.
1670 3929 1722 3992 10.
1736 3950 1762 3991 c.

298 4011 327 4074 7.
347 4011 361 4073 l
384 4011 522 4076 Corinth.
540 4011 570 4075 9.
587 4034 615 4078 o.
630 4013 659 4077 4.
674 4014 703 4077 5.
718 4015 773 4078 ubi
785 4015 938 4093 debitum,
955 4013 1113 4098 &justitia
1129 4013 1319 4078 insinnatur.
1344 4011 1392 4077 De
1406 4035 1468 4094 qno
1484 4013 1573 4097 intro
1587 4016 1652 4080 lit.
1673 4017 1704 4080 4.
1717 4018 1761 4080 tir.

297 4099 335 4164 dc
346 4099 514 4182 Stipeadiie
527 4101 758 4182 Mireialrocuen,
772 4102 794 4167 lt
807 4105 844 4168 cle
858 4101 1253 4170 contremescentem
1268 4103 1299 4166 in
1307 4101 1538 4184 EleemosyniS,
1549 4103 1667 4186 quibus
1676 4104 1761 4169 Pan·
1873 4097 1875 4152 1

296 4209 388 4271 peres
408 4187 548 4266 aluntur,
568 4190 662 4274 longe
678 4191 772 4256 aliter
783 4213 816 4256 se
828 4214 879 4256 res
891 4191 1005 4256 habet:
1023 4192 1180 4274 siquidem
1191 4212 1255 4255 non
1267 4213 1305 4255 ex
1314 4189 1441 4272 justitia
1453 4189 1520 4253 sive
1533 4193 1763 4257 commutatird
1874 4241 1875 4260 .

298 4275 364 4340 sire
376 4274 588 4353 distributiva,
602 4279 708 4342 sodex
719 4279 935 4345 misnicordid
946 4292 1073 4365 propter
1084 4281 1189 4345 melna
1201 4280 1264 4365 (uti
1276 4279 1374 4343 habet
1381 4277 1525 4342 definitio
1538 4301 1576 4343 er
1591 4281 1761 4346 .llalllt.23.

297 4385 327 4430 o.
351 4361 404 4427 23.
424 4364 443 4427 2
459 4365 526 4431 cor.
541 4365 572 4430 9.
584 4387 612 4430 c.
628 4367 656 4431 7.
669 4369 731 4433 loc.
749 4370 779 4432 2.
796 4391 824 4434 c.
840 4369 892 4434 13.
908 4369 958 4432 15.
974 4369 1039 4452 16.)
1064 4367 1293 4454 Eleemosynae
1309 4365 1524 4433 conferuntur.
1551 4367 1640 4445 Quod
1654 4375 1762 4471 autem
1873 4377 1875 4470 j

1655 4481 1764 4524 omma
