3732 4840
277 293 389 359 Tmor.
414 292 457 360 Il.
482 292 529 358 De
553 281 692 376 Porsen,
715 294 790 363 Por.
815 320 850 361 m
874 295 985 364 03333.
1009 293 1135 362 Eccum.
1161 297 1231 362 (133.
1256 295 1316 364 ΙΙΙ.
1468 298 1530 363 145

87 479 128 545 111.
150 482 239 546 Ordd.
255 482 400 548 General.
415 483 569 548 foederati
583 462 688 570 Belgii
700 508 728 548 a.
748 484 844 548 1618.
857 485 1063 568 publicatam.
1089 484 1157 550 Nec
1171 486 1405 569 praetereunda
1417 485 1531 568 scripti

87 571 160 636 illins
181 571 445 637 liemonstrantici
463 575 552 656 jacta
575 574 719 657 refutatio
739 575 1239 659 333131.03313333331331333
1251 573 1361 659 magni
1374 572 1531 660 Theologi

21 743 22 748 ἵ
88 657 183 725 franc.
203 661 222 726 J
224 661 289 726 unii
304 662 409 726 filium
422 663 455 726 in
468 663 600 726 militari
613 663 814 746 praefectura
826 668 901 728 tunc
914 663 1133 729 constitutum.
1157 661 1319 748 Imprimis
1331 664 1528 727 memorandi

21 813 23 900 t

87 751 212 814 sereniss.
236 749 375 834 Magnae
398 751 584 816 Britanniae
605 751 710 836 Reges
731 751 913 818 lacobus&
937 751 1069 817 Carolus
1089 751 1114 818 Ι.
1136 751 1344 828 Qtrorumille
1359 751 1530 838 (referente

87 839 194 903 ,nutem
212 841 313 904 Baitia
334 841 426 925 [pag.
449 840 528 924 171]
550 840 701 925 theologo
725 840 911 906 Glasouensi
931 845 966 906 ia
983 843 1172 926 Destmsicccc
1193 841 1360 908 vernacula
1380 843 1530 906 Ecclesiae

21 927 22 958 ³
86 927 200 993 Statirae
213 951 236 993 3.
251 930 415 994 Ductorem
430 930 578 994 Bramhle
589 929 785 1014 Episcopum
796 930 903 995 Londo
916 931 1103 996 Deriensem
1119 931 1213 994 1649.
1229 931 1261 995 13
1274 930 1459 1010 Hollandid,
1473 930 1529 995 ubi

21 1013 23 1040 ¹
84 1021 145 1080 1333
164 1023 239 1096 erat,
257 1018 356 1100 edita)
380 1019 413 1081 13
430 1018 644 1102 disputatione
665 1018 854 1084 Academica
874 1020 906 1084 in
926 1018 1042 1099 scotis,
1064 1043 1160 1104 quarn
1182 1019 1265 1084 forth
1276 1019 1457 1104 praesentiit
1472 1025 1530 1084 333

85 1105 304 1183 cohonestabat,
327 1107 499 1172 interfatus
523 1109 755 1172 contentionem
776 1110 813 1172 de
832 1113 991 1192 potestate
1014 1108 1113 1194 Regis
1134 1132 1190 1174 seu
1212 1108 1423 1194 Magistratus
1446 1108 1528 1174 circa

21 1243 22 1248 ,
84 1197 166 1259 Sacra
176 1196 224 1261 his
237 1196 342 1260 verbis
356 1197 605 1260 determinabat:
621 1199 695 1282 Epo,
708 1198 824 1282 ajebat,
835 1220 967 1282 possum
978 1199 1105 1285 quidem
1116 1200 1267 1281 deponere
1274 1211 1366 1282 copta
1377 1198 1527 1277 Ministri,

84 1285 127 1348 331
146 1307 204 1349 333
226 1287 448 1350 ricinisterium.
472 1285 537 1350 Iste
549 1287 644 1369 paulo
657 1292 730 1351 ante
743 1287 835 1352 civile
848 1287 968 1351 bellum
980 1289 1013 1350 in
1026 1286 1156 1372 Anglii,
1173 1288 1386 1352 declaratione
1400 1288 1528 1371 publice

83 1371 163 1446 edita,
174 1374 399 1458 Episcopalem
411 1373 605 1440 Potestatem
619 1376 798 1460 (regiminis
811 1378 833 1442 83
844 1376 1087 1461 jurisdictionis)
1100 1381 1119 1440 3
1131 1376 1220 1461 regia
1232 1376 1369 1441 derivari
1379 1376 1526 1458 negabat.

85 1460 118 1523 t't
134 1463 186 1528 hoc
198 1465 374 1548 Episcopos
387 1467 463 1528 tuno
478 1464 570 1529 avide
584 1466 740 1548 accepisse
753 1488 790 1529 33
804 1466 945 1530 13331333
957 1465 1054 1530 refert
1068 1467 1201 1552 Baplias
1213 1487 1237 1530 c.
1251 1466 1401 1530 Branchle
1412 1487 1480 1550 cap.
1497 1467 1526 1530 l.

83 1548 142 1614 Huc
162 1555 244 1616 refer
271 1553 533 1638 approbationem
556 1551 692 1638 Regiam
719 1555 879 1619 Orationis
901 1557 964 1619 tac.
998 1555 1123 1620 fischeri
1145 1553 1297 1637 Arohiep.
1320 1554 1526 1634 Armachani,

82 1641 159 1704 moda
170 1643 353 1726 allegatam.
380 1640 468 1706 Idem
480 1639 549 1706 ldex
561 1643 594 1706 in
606 1643 818 1708 declaratione
833 1650 942 1708 contra
950 1645 1127 1708 orationem
1135 1642 1268 1709 Perroni
1277 1665 1333 1728 pro
1343 1643 1525 1708 defensione

80 1729 146 1808 juris
163 1735 185 1796 c
205 1732 470 1814 independentiae
487 1731 623 1817 Regum,
644 1733 725 1796 circa
749 1733 888 1797 medium
907 1734 940 1798 in
958 1734 1102 1798 examine
1114 1733 1243 1797 secundi
1257 1732 1525 1798 inconvenientis:

88 1817 181 1884 l'erum
203 1833 247 1884 est
270 1821 475 1904 Imperatores
495 1842 661 1906 rcrercqacm
680 1824 838 1905 plcriatoc,
860 1845 891 1887 se
909 1845 973 1887 3333
996 1843 1159 1907 supremos
1181 1823 1390 1888 articulorum
1408 1820 1527 1908 fidei&

81 1905 222 1974 doctrieme
233 1911 376 1994 judices:
395 1911 599 1994 cognitionem
612 1923 716 1975 turrim
732 1912 923 1978 decretarum
936 1912 967 1978 a·
978 1933 1137 1977 curto-anm
1151 1913 1365 1990 coticiiiorum,
1381 1909 1412 1975 a
1425 1912 1526 1976 Eccle-

81 1997 204 2062 simtieae
215 1999 401 2082 disciplinae
412 1999 470 2063 ribi
481 1999 645 2064 3333311331
658 2003 706 2066 &o
720 2003 774 2066 sect
784 2002 839 2065 hoc
849 2003 949 2090 fiebat,
961 2014 996 2066 at
1009 2003 1145 2066 uiderem
1157 2021 1201 2066 aa
1213 2003 1247 2065 iu
1256 2000 1527 2067 deliberationibus

82 2085 291 2172 tpicroporum
312 2088 368 2153 tce.
393 2089 473 2152 rrihit
487 2091 986 2156 333313333133333333333111333
1000 2091 1398 2174 Irrepcratoris,autpoccm
1411 2091 1526 2174 Reipu-

81 2173 168 2247 blicae.
187 2190 243 2241 out
259 2190 368 2242 eotitra
392 2178 510 2242 decreta
531 2179 779 2262 praecedentium
806 2182 1019 2245 conciliamur.
1044 2179 1086 2242 Et
1107 2179 1203 2262 paulo
1227 2183 1316 2262 post:
1341 2179 1441 2264 fateor
1463 2201 1527 2244 3333

79 2279 217 2345 proretam
229 2268 545 2350 theologiuejmticore
557 2269 594 2332 de
604 2269 779 2333 extensione
791 2270 954 2334 Parentalia
966 2270 1110 2335 31331333.
1124 2267 1154 2333 a·
1163 2268 1387 2332 Ecclesiasticos
1393 2289 1527 2352 posscac

80 2351 169 2420 tmere
181 2357 227 2422 ati
241 2357 384 2421 censuris
400 2357 466 2420 cuis
477 2379 550 2440 erpa
564 2357 737 2441 Principes,
751 2360 806 2444 pici
817 2372 924 2423 contra
930 2361 1259 2442 jnramemammum
1274 2357 1395 2421 Christo
1411 2358 1525 2424 bellum

81 2441 216 2524 inserant,
230 2447 273 2508 ita
289 2458 320 2510 ut
335 2447 368 2508 13
381 2445 883 2530 1333131333333133133133311333.
901 2448 969 2513 Nec
981 2447 1211 2530 praetereunda
1220 2445 1408 2530 approbatio
1417 2449 1440 2512 lc
1450 2469 1524 2512 oon·

80 2529 202 2599 firmatio
215 2533 409 2598 catechesios
423 2537 445 2600 3
458 2535 663 2600 confessionis
676 2535 825 2621 Belgicae
838 2560 894 2621 per
906 2537 958 2600 Ill.
972 2559 1007 2600 33
1017 2539 1160 2620 praepot.
1182 2533 1316 2600 Ordines
1329 2557 1412 2599 anno
1427 2537 1523 2601 1619.

79 2619 105 2682 13
129 2625 205 2688 33113
232 2624 344 2707 synodi
373 2622 604 2700 Dordracenae,
634 2627 656 2690 lt
683 2648 808 2689 rursum
837 2649 919 2690 anno
946 2627 1040 2689 1651.
1069 2623 1320 2709 flagae-comitis
1344 2625 1378 2687 in
1402 2625 1524 2689 solenni

78 2711 349 2777 confoederationis
369 2713 572 2778 renovatione
593 2713 687 2777 13313.
712 2713 814 2798 Atqui
838 2717 871 2779 ia
890 2715 1035 2780 catechesi
1053 2735 1106 2799 qu.
1122 2715 1173 2777 82.
1188 2713 1273 2776 -86,
1291 2713 1359 2780 &in
1371 2715 1523 2797 subjectis

80 2799 221 2866 13333113
243 2803 411 2884 Litnrpicis
432 2803 486 2866 titt.
506 2803 543 2866 de.
568 2805 678 2882 Corte-ci,
698 2804 735 2868 dc
758 2803 1524 2955 Μ131313333331183313333(ΙοἪίνιηαιίοπωὶε

80 2889 401 2968 &minirumicotiona
426 2897 461 2955 nt
482 2894 504 2956 dr
524 2891 556 2954 in
578 2893 775 2976 Cantherium
793 2896 880 2959 artic.
903 2896 955 2958 30.
974 2896 1025 2956 31.
1040 2894 1093 2957 36.
1109 2892 1255 2957 Potestas
1298 2891 1524 2956 eclesiasticae

79 2978 193 3058 33111133
208 2981 254 3044 313
267 2979 485 3064 distinguitur,
499 2983 521 3046 3
533 2981 593 3043 3311
606 2981 765 3046 Ecclesiae
778 2983 965 3059 vindicatur,
980 2982 1280 3060 3111333113333313,
1294 2979 1522 3046 3333331333-

78 3065 155 3144 1133,
172 3073 193 3136 13
206 3069 362 3133 similium
375 3074 553 3133 commenta
564 3092 634 3133 curn
647 3070 686 3134 iis
699 3071 793 3154 plane
806 3071 966 3130 ἀσύστκτα
979 3071 1264 3156 deprehendantur.
1282 3068 1522 3134 3333333133]-

77 3177 123 3220 333
134 3157 213 3222 31133
229 3159 444 3242 &assensiones
456 3158 583 3222 nomine
596 3158 778 3242 Principum
791 3163 813 3226 a
826 3159 1075 3244 Magistratuum
1088 3159 1202 3238 editae,
1216 3163 1271 3223 aut
1284 3159 1323 3222 ab
1332 3159 1397 3223 illis
1406 3182 1522 3243 appro-

78 3243 166 3310 batae.
189 3251 376 3332 ,iupimtona
400 3249 487 3311 33113.
506 3249 542 3312 de
561 3251 709 3312 Potestatc
729 3250 959 3325 Eec·lesiacticet,·
976 3250 1523 3334 313331333333313313913.1131331133

77 3337 150 3400 artie.
171 3338 221 3400 18.
247 3359 329 3420 qnae
349 3340 368 3398 3
381 3335 623 3421 Magistratibus
635 3337 813 3402 Cantonnm
826 3337 1070 3403 reformatorum
1084 3338 1270 3421 approbata,
1283 3340 1306 3403 dc
1319 3338 1358 3402 ab
1376 3337 1447 3402 aliis
1460 3339 1522 3403 Ec·

77 3421 166 3490 clesiis
189 3424 372 3503 (Polonicis,
389 3423 531 3501 Scoticis,
556 3425 762 3510 Hungaricis)
779 3437 914 3511 recepta.
939 3427 1207 3512 Arperacrctcnsis
1230 3439 1291 3492 art.
1306 3427 1355 3490 13.
1368 3427 1522 3492 83333133

76 3525 126 3576 ort.
146 3515 194 3580 13.
214 3515 381 3581 1131333133
400 3525 461 3580 art.
479 3515 516 3580 cle
534 3518 684 3580 Potestate
702 3517 859 3581 Ecclesiae.
884 3518 1012 3600 Areplica
1031 3517 1118 3582 artic.
1139 3517 1190 3579 37.
1209 3516 1298 3599 cujus
1315 3515 1411 3579 verba
1426 3539 1522 3599 supra

78 3601 267 3668 exhibuimus
287 3626 359 3668 cum
379 3603 590 3688 explicatione
607 3610 807 3688 suprenmtus
820 3604 929 3690 Regin
947 3609 969 3671 h
983 3605 1156 3670 simonibus
1168 3603 1278 3689 synodi
1291 3604 1520 3688 Episcopormn

77 3711 100 3752 3.
114 3692 200 3758 111113,
214 3695 238 3760 h
251 3715 280 3758 a.
296 3694 389 3756 1640.
415 3691 650 3778 Theologomm
664 3695 703 3758 ab
717 3694 913 3759 hierarchice
926 3695 1080 3779 regimine
1094 3695 1270 3758 alienorum
1284 3697 1376 3780 (quos
1389 3693 1521 3778 presby-

77 3781 189 3847 terisles
208 3786 232 3848 a
254 3781 422 3846 Puritanos
443 3783 507 3846 illic
527 3783 705 3866 appellant)
725 3807 853 3848 sensum
871 3787 893 3849 da
913 3807 1100 3849 consensum
1118 3783 1256 3847 ostendit
1269 3783 1428 3847 eruditum
1441 3782 1520 3846 illud

77 3889 110 3932 rer
138 3877 214 3936 ‚tum
237 3871 404 3935 vernacule
425 3875 443 3934 s
460 3871 615 3936 Ministris
627 3873 818 3956 quibusdam
831 3873 1081 3937 Londinensibns
1094 3895 1122 3936 3.
1141 3873 1237 3935 1647.
1254 3871 1375 3935 editum
1390 3871 1441 3935 tit.
1464 3873 1521 3936 lus

23 3981 24 3986 ¹
77 3957 110 4018 dit
142 3983 225 4026 mm:
250 3983 331 4044 quae
347 3959 454 4024 omnia
473 3963 663 4044 peremtoria
683 3966 792 4026 contra
809 3962 993 4026 Erastianos
1010 3965 1032 4028 a
1048 3962 1169 4026 similes
1185 3961 1385 4025 concludunt.
1409 3959 1448 4024 In
1469 3961 1520 4024 his

77 4067 110 4132 “l
159 4050 317 4114 'rubemus
334 4071 531 4114 communem
550 4048 736 4134 Principum
758 4051 1047 4135 &magistratuum
1071 4052 1162 4136 [pag.
1183 4049 1261 4134 172]
1276 4050 1519 4114 reformatorum

77 4157 110 4198 33
146 4163 258 4204 nsum.
272 4137 374 4214 Quem
386 4139 483 4202 etiam
496 4139 676 4222 exprimunt
689 4140 857 4224 scriptores
871 4141 1032 4205 vocatione
1044 4163 1101 4204 neo
1114 4139 1257 4222 theologi
1274 4161 1332 4203 nec
1345 4137 1518 4203 Ecclesias-

23 4261 24 4266 1
77 4223 111 4288 tic
147 4251 283 4314 quomim
307 4228 490 4292 testimonia
501 4227 673 4311 suspicioni
686 4230 783 4292 studii
796 4233 934 4312 partium
948 4230 1077 4293 minime
1090 4229 1226 4293 obnoxia
1241 4233 1325 4292 sunt.
1354 4227 1469 4306 Verba,
1483 4234 1519 4292 ut

79 4311 111 4376 brt
142 4318 211 4380 itali
231 4317 407 4394 consulam,
427 4315 479 4380 hic
502 4339 565 4380 non
585 4317 751 4395 exhibebo,
775 4320 829 4382 sed
850 4318 959 4381 lectori
971 4319 1103 4382 istarum
1116 4341 1222 4381 rermn
1235 4317 1375 4380 studioso
1388 4317 1456 4380 loca
1468 4339 1519 4380 so-

79 4399 111 4466 lur
155 4407 222 4466 *mlo
242 4406 399 4470 iudicabo.
424 4405 558 4490 Philipp.
579 4408 756 4470 Marcia-ias
773 4409 806 4471 iu
819 4408 961 4472 rflrcmio
974 4409 1083 4473 113133.
1097 4409 1256 4473 floriane-ac
1269 4418 1339 4469 tom.
1354 4405 1517 4558 1331ιὲ33.

765 4505 803 4560 10
1452 4513 1518 4556 etn-
