3752 4858
324 305 386 369 254
481 329 485 334 ·
713 297 872 364 Pomanus
889 295 1139 364 Ecenususnera
1163 295 1245 363 Pras
1259 297 1284 363 1.
1309 293 1429 366 Lmll.

323 491 434 556 citium
450 489 557 554 reduci
569 487 693 566 debeat,
707 488 851 570 respectu
865 483 1024 568 soliloquii
1037 483 1103 548 sive
1117 505 1173 568 per
1185 486 1305 550 nudum
1319 487 1447 550 verbum
1463 485 1636 564 internum,
1651 485 1711 551 sire
1722 509 1762 571 per

323 581 455 644 verbum
471 581 636 644 externum
649 576 743 640 tacite
757 575 926 658 prolatum,
944 573 1028 657 quod
1040 573 1079 638 ad
1091 574 1293 640 obstantibus
1305 597 1368 638 non
1381 575 1594 660 intelligitur:
1607 578 1629 642 b
1642 576 1680 640 ad
1692 598 1762 640 erer-

323 669 433 733 citium
457 668 630 752 publicum,
654 669 798 748 respectu
822 661 1017 748 gestuum&
1041 661 1206 747 signorum
1230 668 1443 742 externorum,
1467 663 1615 729 stationis
1636 665 1708 742 scil,
1722 670 1763 728 aut

323 755 563 842 genuflexionis,
580 759 637 819 aut
652 751 867 818 inclinationis
880 750 1003 835 capitis,
1016 754 1072 814 aut
1084 752 1294 817 obvelationis
1307 752 1416 817 faciei:
1431 775 1487 836 pro
1500 754 1630 818 marein
1644 753 1764 818 Ecclesii

323 847 380 910 illa
392 849 527 929 recepta.
552 846 582 906 2.
598 842 755 908 Meditatio
771 845 829 918 cst,
843 840 983 925 practica
999 839 1157 922 repetitio,
1171 841 1193 906 b
1206 841 1267 928 (ita
1279 842 1404 926 loquar)
1418 842 1607 927 recogitatio
1616 844 1689 928 ejus,
1700 843 1765 928 quod

323 941 392 1000 tum
417 937 544 998 externe
568 937 637 996 tum
660 932 784 996 intonui
808 930 840 994 in
864 929 1066 1014 perceptione
1090 928 1212 994 Coenae
1226 932 1349 996 modb'a
1365 935 1397 995 te
1410 935 1533 996 actum:
1548 955 1611 996 non
1626 933 1765 996 sincaere

322 1047 416 1089 sensu
439 1024 595 1088 excitatae
619 1043 655 1085 ac
678 1024 846 1084 renovatae
870 1019 954 1095 fidei,
967 1017 1111 1096 fiduciae,
1125 1020 1359 1098 consolationis,
1375 1021 1618 1094 communionis
1634 1025 1765 1106 gustatae

322 1113 490 1178 suavitatis
502 1111 638 1190 divinae,
651 1108 882 1173 familiaritatis
899 1107 931 1170 in
948 1109 1055 1172 &cum
1067 1105 1204 1173 Christo.
1218 1108 1307 1174 Haec
1319 1132 1376 1192 per
1391 1109 1520 1173 modum
1534 1110 1712 1195 endologiae
1723 1113 1765 1173 aut

322 1202 483 1286 soliloquii
499 1201 633 1287 (absque
645 1198 709 1263 ullo
722 1197 844 1262 externi
856 1200 965 1281 gestus
979 1200 1035 1259 aut
1047 1195 1127 1260 situs
1140 1197 1246 1281 signo)
1259 1197 1401 1276 seorsim,
1414 1201 1486 1281 post
1499 1198 1673 1284 gratiarum
1684 1199 1765 1262 aetio·

323 1315 395 1356 nem
416 1289 527 1374 peragi
554 1292 668 1373 potest.
695 1287 761 1351 Aut
780 1287 804 1350 si
826 1286 897 1370 quis
908 1284 999 1348 illam
1012 1307 1084 1347 cum
1097 1285 1206 1350 eadem
1218 1288 1410 1371 conjungere
1421 1287 1501 1352 velit
1513 1286 1577 1351 situ
1591 1286 1614 1351 b
1628 1293 1714 1373 gestu
1726 1309 1766 1350 eo-

322 1381 404 1460 dem,
429 1380 577 1443 libertate
600 1382 657 1442 sua
680 1376 733 1440 hic
756 1375 897 1438 fruatur:
919 1374 946 1437 si
969 1374 1061 1436 modo
1074 1374 1186 1457 majori
1199 1377 1222 1440 b
1234 1376 1378 1440 sensibili
1390 1375 1493 1461 magis
1506 1377 1669 1441 devotione
1681 1377 1765 1454 suat

323 1471 441 1554 absque
465 1469 531 1532 ulla
554 1464 776 1532 ostentationis
799 1463 902 1548 specie
925 1464 955 1526 id
981 1462 1050 1526 fieri
1074 1485 1165 1546 posse
1188 1469 1325 1528 censeat.
1350 1463 1438 1529 Haec
1465 1465 1552 1530 enim
1566 1465 1765 1540 taliasunt,nt

324 1559 426 1643 magis
443 1557 475 1620 in
495 1557 593 1621 fundo
613 1555 738 1618 animae
754 1553 885 1617 devotae
901 1552 924 1616 b
940 1553 979 1616 ad
992 1550 1030 1610 τὰ
1050 1549 1105 1608 ἅνω
1121 1553 1276 1617 abductae
1290 1553 1400 1618 sentiri
1417 1554 1551 1637 possint,
1565 1576 1658 1638 quam
1670 1558 1687 1617 a
1697 1577 1766 1638 qno-

322 1671 419 1732 quam
432 1645 533 1710 doceri
551 1647 607 1710 aut
620 1642 770 1708 enarrari.
784 1641 907 1717 Quibus
920 1641 1144 1725 applicandum
1156 1641 1236 1704 illud
1253 1645 1341 1709 Rara.
1359 1643 1391 1708 8.
1406 1664 1434 1706 u.
1449 1643 1501 1706 26.
1513 1653 1692 1718 στενκγμεῖς
1704 1641 1766 1700 ἀλι-

325 1741 431 1809 λήτοις.
452 1735 495 1798 Et
506 1733 526 1798 J
529 1734 579 1798 oh.
595 1734 624 1794 3.
638 1755 666 1796 v.
685 1732 715 1796 8.
731 1729 875 1796 aunem
887 1732 953 1814 ejus
965 1731 1069 1810 audis,
1083 1732 1132 1796 bc.
1147 1729 1246 1794 Porro
1259 1732 1296 1796 de
1309 1731 1458 1795 methodo
1471 1733 1494 1797 b
1507 1731 1598 1814 praxi
1610 1731 1766 1815 perceptio-
1855 1745 1857 1810 ,

323 1828 372 1890 nis
396 1847 521 1902 coenae,
546 1821 771 1899 meditationis,
796 1820 985 1903 precationis
1009 1841 1047 1882 cx
1072 1819 1213 1903 professo
1237 1820 1361 1906 agimus
1384 1821 1418 1884 ia
1435 1821 1767 1898 ll'ashisrtaaelieiaseu
1856 1811 1857 1820 ἶ

324 1916 485 1982 Erereiliis
509 1913 599 1999 [pag.
625 1910 705 1996 800]
728 1910 860 1994 pietalis.
886 1910 916 1971 3.
937 1911 1139 1994 Etccrnospna
1156 1908 1288 1974 offertur
1301 1910 1348 1974 vel
1363 1909 1521 1974 communi
1535 1909 1635 1973 solum
1651 1908 1768 1972 morlain

323 2007 470 2070 ‹inirribus
494 2000 700 2066 conventibus
724 1998 821 2062 sacris
838 1997 1032 2062 adhibendo:
1048 1998 1095 2061 vel
1108 1999 1238 2081 insuper
1250 1999 1342 2062 modo
1359 1999 1494 2083 quodam
1508 1999 1670 2083 peculiari,
1683 1997 1768 2082 quiin

324 2095 444 2174 multis,
457 2115 519 2158 non
532 2096 637 2155 tamen
656 2089 688 2152 in
701 2087 848 2152 omnibus
860 2086 1011 2150 Ecclesiis
1024 2087 1140 2150 nestris
1153 2086 1285 2152 obtinet.
1300 2087 1388 2152 Pelei
1399 2087 1482 2152 enim
1492 2088 1616 2171 positae
1625 2088 1657 2150 in
1666 2093 1768 2162 meust,

324 2183 593 2249 communicantes
618 2181 636 2241 a
656 2181 766 2241 mensa
786 2176 966 2240 recedentes
984 2175 1142 2258 peculiare
1162 2177 1185 2242 tr
1204 2175 1347 2252 liberale,
1369 2199 1428 2261 pro
1444 2175 1652 2240 facultatibus
1668 2177 1769 2260 quique

324 2273 401 2352 suis,
426 2271 583 2336 charisma
607 2266 762 2351 injiciunt.
788 2265 878 2341 Quod
901 2287 973 2328 eum
997 2265 1113 2329 oblatis
1137 2287 1193 2328 seu
1217 2265 1432 2330 oblationibus
1456 2265 1608 2349 antiquae
1630 2265 1770 2329 Ecclesiae

325 2362 469 2446 proxime
486 2356 652 2424 convenire
669 2355 803 2420 videtur.
824 2353 904 2417 Cum
917 2358 1025 2418 autem
1041 2353 1100 2418 hoc
1112 2353 1154 2418 sit
1166 2352 1386 2438 adiaphorum,
1399 2353 1561 2419 Ecclesiae
1574 2355 1720 2438 cujusque
1729 2375 1771 2418 ar·

325 2451 421 2516 bitrio
434 2446 693 2536 permittendum.
716 2441 840 2528 Negari
855 2465 917 2507 non
931 2447 1046 2526 potest,
1060 2443 1135 2526 quin
1149 2443 1271 2506 aerario
1283 2466 1460 2527 pauperum
1472 2443 1531 2508 hoc
1547 2444 1658 2527 prosit.
1674 2443 1770 2506 Eidem

325 2546 432 2606 tamen
456 2537 537 2602 nihil
561 2540 617 2599 aut
640 2555 753 2618 parum
769 2532 906 2610 decedet,
920 2531 1077 2615 siqnidem
1088 2532 1127 2596 ad
1140 2531 1353 2596 hortationem
1368 2531 1589 2596 Ministrorum
1602 2531 1771 2596 tantundem

325 2634 382 2696 aut
404 2630 477 2714 plus
489 2625 639 2692 Diaconis
656 2644 741 2686 more
754 2621 847 2686 solito
859 2620 971 2685 sivein
983 2620 1088 2685 media
1103 2620 1251 2685 concione
1264 2621 1330 2686 sive
1342 2622 1473 2686 dimisso
1485 2625 1577 2686 coetu
1590 2621 1771 2686 circumeun-

325 2720 411 2784 tibus
425 2723 443 2782 ἐι
459 2714 605 2802 singulis,
619 2734 676 2797 pro
687 2715 767 2790 rata,
781 2709 971 2775 conferatur.

369 2807 483 2874 Restat
495 2803 627 2871 verbulo
639 2800 815 2878 dicendum,
832 2800 870 2863 de
884 2797 1075 2864 Graecorum
1093 2821 1174 2883 pane
1187 2821 1285 2878 sacra,
1300 2800 1323 2865 b
1339 2798 1475 2884 eulogiis
1488 2804 1642 2864 veterum.

374 2901 402 2962 1.
428 2898 550 2980 Quaeri.
577 2891 662 2975 Quid
679 2889 869 2954 censendam
889 2888 926 2952 dc
935 2909 1019 2971 pane
1030 2908 1128 2967 sacro,
1140 2909 1232 2974 quera
1245 2888 1389 2954 hodierni
1402 2891 1513 2954 Graeci
1523 2899 1647 2974 praeter
1662 2887 1769 2953 Euebn·
1856 2887 1858 2928 ²

324 2989 447 3054 risliam
460 2985 662 3058 distribuunt,
678 2976 875 3052 ἇὰντίδωρον
885 2978 1019 3042 voeaal?
1034 2979 1122 3062 Hesp·
1136 2975 1259 3040 Merum
1270 2999 1337 3042 esse
1345 2977 1617 3061 superstitionem.
1631 2976 1771 3042 Describit
1856 2985 1858 3038 ἑ

326 3101 396 3142 eum
409 3074 582 3158 Chrielopb.
592 3071 731 3154 alapatus
744 3068 776 3132 ia
787 3067 898 3132 Libello
908 3067 945 3131 dc
960 3066 1049 3132 Stura
1062 3065 1166 3131 deiru
1176 3067 1324 3132 Ecclesiae
1335 3069 1468 3133 Graecae
1482 3089 1550 3152 cap.
1565 3069 1614 3130 14.
1628 3067 1711 3142 Quod
1725 3063 1773 3126 Vir
1856 3057 1858 3092 ³

327 3167 375 3232 vel
384 3165 511 3242 Mulier,
521 3162 572 3227 cui
585 3157 685 3244 pridie
699 3154 1123 3234 administrationislloenae,
1134 3157 1156 3221 tr
1169 3159 1258 3220 noete
1267 3157 1483 3240 praecedente,
1493 3157 1601 3220 nullus
1614 3153 1773 3239 conjugalis

326 3255 504 3321 intercessit
526 3269 723 3334 congressus,
737 3245 787 3309 die
800 3243 929 3309 Saturni
946 3249 1001 3308 aut
1018 3245 1081 3308 alio
1094 3267 1281 3328 quoeunque
1294 3245 1343 3308 die
1357 3267 1471 3329 panem
1484 3245 1628 3322 conficit;
1643 3245 1774 3329 quodque

327 3347 403 3430 b[l.
426 3344 471 3430 ei]
490 3339 633 3407 sacerdos
652 3337 686 3400 in
707 3334 891 3398 memoriam
916 3333 1134 3398 sanctissimae
1155 3334 1407 3418 purissimaeque
1430 3333 1591 3418 Deiparae
1615 3333 1774 3398 benedicat.

327 3437 491 3518 eidemque
504 3429 675 3504 consecret,
688 3423 771 3507 quod
784 3426 855 3507 past
867 3423 1038 3486 abscissam
1051 3423 1123 3486 inde
1136 3444 1192 3506 per
1201 3422 1344 3487 lanceam
1352 3428 1408 3487 aut
1416 3422 1592 3508 gladiolum
1603 3423 1775 3507 quadratam
1857 3459 1858 3506 1

327 3521 560 3609 portiunculam
573 3518 612 3581 ad
625 3513 850 3580 conficiendam
863 3511 1110 3590 Eucharistiam,
1124 3512 1156 3575 in
1169 3511 1293 3576 minuta
1304 3512 1408 3576 frusta
1420 3513 1580 3576 residuam
1589 3517 1707 3596 partem
1716 3531 1775 3573 ma·
1856 3561 1858 3564 .

323 3616 425 3698 jarem
442 3610 572 3686 dividat,
586 3609 681 3689 atque
697 3602 743 3665 ita
756 3600 902 3664 omnibus
916 3605 984 3664 tum
997 3600 1311 3665 Communicantibus
1324 3605 1393 3664 tum
1407 3623 1468 3664 non
1481 3600 1777 3666 communicantibus
1856 3601 1858 3608 ’

328 3709 481 3787 tanquam
501 3700 618 3761 donum
635 3690 763 3777 aliquod
780 3690 921 3753 divinum
940 3713 996 3772 per
1008 3712 1041 3753 se
1054 3693 1110 3753 aut
1123 3711 1179 3773 per
1191 3687 1459 3755 Hierodiaoonum
1470 3690 1653 3754 distribuat.
1676 3689 1777 3751 Oeae-

327 3817 379 3858 cas
399 3789 564 3856 hominum
581 3783 721 3848 mentes!
746 3777 839 3842 Unde
852 3779 931 3842 illud
944 3778 1061 3842 donum
1073 3778 1239 3842 divinum?
1252 3800 1315 3865 quo
1331 3779 1491 3858 mandato,
1505 3784 1568 3864 quat
1582 3777 1776 3864 promissione

328 3883 457 3946 ‹livint?
471 3875 620 3941 Pluribus
633 3873 671 3936 de
683 3868 743 3934 hoc
755 3865 910 3945 ἂντιδὼρῳ,
923 3867 983 3931 hoc
999 3871 1057 3945 est,
1071 3866 1188 3931 vicario
1200 3866 1422 3932 Eucharistiae
1434 3891 1492 3952 pro
1503 3867 1568 3931 illis
1584 3870 1639 3954 qui
1652 3868 1690 3932 ad
1701 3887 1777 3930 com·

330 3971 510 4035 munionem
530 3960 680 4048 imparati
696 3960 781 4034 sunt,
802 3957 871 4042 agit
885 3957 1015 4022 Goaria
1030 3956 1169 4024 lloasaa
1183 3956 1409 4042 Euchalapiura
1425 3960 1618 4023 Graecorum
1629 3979 1700 4041 paq.
1714 3953 1778 4018 154.

331 4061 403 4122 155.
422 4058 466 4122 Et
485 4051 630 4142 quamvis
642 4049 805 4112 fateantur
822 4045 958 4110 Graecos
970 4045 1052 4109 circa
1066 4049 1133 4129 ejus
1149 4045 1401 4111 benedictionem
1413 4046 1575 4125 dissidere,
1591 4051 1696 4112 tamen
1708 4064 1779 4108 erm-

329 4150 399 4213 dem
423 4168 494 4212 cunr
518 4142 721 4226 antiquorum
745 4134 890 4220 eulogiis,
915 4138 1012 4220 atque
1036 4157 1099 4198 rma
1120 4131 1274 4200 Graecam
1286 4159 1358 4200 cum
1373 4135 1515 4200 Romana
1527 4134 1669 4200 Ecclesia
1681 4135 1735 4198 bae
1749 4131 1778 4194 in

329 4232 598 4325 partelconvenire
611 4247 797 4312 persuasum
815 4224 900 4288 velit.

319 4319 321 4325 ’
373 4331 402 4390 2.
419 4328 542 4407 Qcmest.
562 4318 646 4401 Quid
661 4315 698 4379 de
712 4314 842 4398 euloqiis
853 4313 1084 4398 araliqaorum?
1098 4313 1187 4398 Hesp.
1208 4311 1470 4378 Observationem
1482 4313 1593 4392 fuisse,
1606 4312 1688 4378 omni
1700 4309 1778 4376 aedi·

331 4417 474 4480 licatione
496 4429 635 4486 vacuam,
650 4403 789 4486 periculo
806 4403 943 4486 plenam.
969 4403 1057 4478 erod
1078 4424 1149 4465 curn
1166 4407 1308 4486 tempore
1321 4403 1480 4487 apparuit,
1491 4425 1562 4466 curn
1577 4403 1716 4467 hommes
1731 4419 1779 4462 eas

1662 4491 1777 4552 domum
