3752 4858
241 321 357 391 Tener.
369 323 412 391 ll.
435 323 521 392 Scor.
535 317 593 392 IV.
617 320 665 389 Da
678 323 795 390 Conana
808 321 978 391 Domuum
991 323 1282 394 haurnrsranrrour.
1307 327 1378 394 Car.
1391 326 1450 394 ΙΙΙ.
1509 325 1572 394 237

111 515 192 578 bona
214 514 250 578 in
273 514 355 578 mari
378 517 483 596 rapta,
507 535 613 591 nauca,
637 535 767 590 merces,
781 517 921 578 vectores
935 518 1054 598 captos,
1068 515 1195 598 publice
1208 516 1272 580 illis
1284 516 1343 580 sub
1360 516 1455 581 haste
1468 515 1571 594 vendi,

108 603 230 668 aerario
241 603 444 686 publicoillic
457 624 496 666 ex
509 601 571 666 iste
584 601 826 666 subhastaticne
839 602 960 686 aliquid
972 604 1128 682 accedere,
1140 604 1257 669 civium
1271 607 1294 671 81
1310 605 1485 670 incolarum
1494 604 1576 668 hanc

108 715 177 756 esse
201 692 331 756 solitam
354 690 615 776 negotiationem,
631 690 737 754 omnia
753 690 815 754 ista
834 692 923 775 [pag.
942 691 1021 776 778]
1038 692 1164 756 volente
1176 698 1331 777 praetore,
1346 697 1576 777 consequenter

104 781 203 864 juste,
227 779 350 864 acquiri
375 781 398 845 tr
422 779 586 862 possideri,
610 779 803 844 &neminem
817 801 853 843 eo
866 780 993 844 nomine
1005 780 1072 844 illic
1083 781 1265 864 inquietari,
1279 787 1335 846 aut
1347 782 1507 860 infamari,
1521 786 1576 845 aut

8 873 10 940 ἶ
108 871 147 933 ad
168 869 405 933 restitutionem
421 891 512 952 pesse
532 867 615 952 cogi.
638 867 722 932 Hinc
746 869 922 946 concludat,
935 867 1132 932 Christianos
1144 871 1171 933 si
1188 871 1242 954 qui
1255 871 1328 935 istic
1339 867 1575 936 commorentur

109 959 131 1023 tr
151 963 278 1042 partem
298 957 459 1022 societatis
472 980 508 1020 ac
520 957 626 1020 licitae
639 957 732 1040 (νόμῳ
744 957 812 1020 scil.
824 956 873 1017 nal
884 958 981 1039 χώρᾳ)
994 958 1221 1042 negotiationis
1234 958 1365 1040 faciant,
1378 984 1441 1024 non
1455 983 1546 1043 posse
1559 962 1577 1022 e

108 1047 331 1112 communione
355 1045 466 1124 arceri,
489 1044 557 1110 sine
580 1047 753 1121 contemtu,
767 1047 789 1111 81
804 1044 974 1109 violatione
986 1047 1152 1130 potestatis
1166 1069 1344 1132 supremae,
1362 1049 1506 1132 &judicii
1518 1062 1576 1132 pu-

109 1137 197 1214 blici,
221 1135 291 1199 sine
304 1134 530 1208 rebellionein
543 1132 725 1218 legitimum
737 1132 977 1218 Magistratum.
1000 1134 1082 1210 Quid
1095 1158 1213 1218 quaeso
1225 1137 1452 1220 responderent
1464 1137 1576 1201 Casul-

109 1227 203 1289 stae?
231 1224 309 1307 quid
329 1222 459 1287 Patroni
473 1221 810 1305 Caesareo-Papatus?
824 1221 875 1286 An
887 1223 1037 1302 dicerent,
1050 1222 1123 1288 Nou
1136 1247 1227 1308 posse
1236 1224 1463 1310 Magistratum
1472 1226 1577 1290 aclrri-

8 1331 9 1340 *
109 1313 262 1391 stiauum,
283 1317 340 1376 aut
357 1335 419 1376 non
436 1311 644 1375 reformatum
663 1311 780 1396 (qualis
800 1311 834 1374 in
852 1310 943 1375 dictis
961 1312 1158 1395 civitatibus)
1180 1314 1257 1398 quid
1276 1315 1310 1377 in
1326 1335 1383 1378 suo
1395 1314 1575 1398 principatu

109 1401 302 1486 peremtorie
315 1400 537 1480 determinare,
550 1402 718 1484 potestate,
732 1400 942 1484 lege,statutc
951 1401 1216 1481 suohoclicitum,
1225 1403 1416 1487 legitimum,
1426 1403 1577 1486 &justum

110 1490 228 1570 facere,
250 1511 309 1554 nec
331 1489 479 1554 omnibus
494 1489 595 1553 modis
614 1485 807 1572 acquirendi,
821 1490 1127 1573 &negotiationibus
1140 1489 1172 1554 in
1185 1489 1363 1575 Republica
1376 1515 1434 1555 sua
1447 1491 1577 1555 niodum

110 1601 146 1644 ac
170 1601 353 1643 mensuram
377 1599 510 1662 ponere:
536 1578 591 1642 sed
615 1577 722 1642 omnia
744 1578 801 1640 illa
820 1599 911 1660 posse
924 1577 1151 1662 Magistratunr
1164 1579 1392 1659 Christianum,
1409 1581 1432 1646 da
1448 1579 1577 1663 quidem

109 1668 252 1752 perfecte
268 1667 487 1745 reformatum,
499 1666 533 1730 in
546 1665 723 1750 Republica
735 1665 874 1749 perfecte
887 1667 1069 1731 reformata.
1094 1666 1140 1732 Ut
1153 1669 1224 1752 quis
1240 1669 1354 1732 melius
1365 1669 1471 1752 capiat
1483 1668 1575 1752 laby-

110 1757 255 1821 rintheos
272 1757 345 1820 illos
358 1757 537 1840 aliquorum
553 1759 731 1838 conceptus,
745 1756 791 1819 sic
804 1755 927 1839 applico
940 1757 980 1819 ad
999 1777 1118 1820 casum.
1131 1755 1165 1821 si
1176 1756 1387 1842 Magistratus
1399 1757 1577 1842 Aligerien-

111 1845 154 1909 sis
179 1851 237 1910 aut
260 1843 457 1922 Tunetanus,
481 1845 565 1929 quod
588 1845 628 1908 ad
651 1844 776 1927 potiora
791 1844 956 1929 suffragia,
970 1844 1061 1908 fieret
1074 1845 1213 1927 perfecte
1226 1845 1428 1924 reformatus,
1445 1845 1505 1910 hoc
1517 1851 1576 1926 est,

110 1937 239 2018 plenam
264 1933 424 1998 doctrinae
449 1932 648 1998 Christianae
671 1931 928 1997 reformationem
942 1933 1134 2012 admitteret,
1147 1934 1339 2014 defenderet,
1353 1936 1574 2018 profiteretur:

111 2027 135 2090 81
154 2024 218 2108 ipsi
238 2027 295 2088 aut
310 2023 410 2106 aliqui
423 2023 615 2106 exipsorum
628 2021 773 2106 collegio,
787 2023 840 2086 lo.
856 2025 912 2085 aut
925 2022 977 2086 30.
990 2026 1046 2085 aut
1062 2021 1114 2085 40.
1128 2025 1251 2106 partem
1264 2024 1399 2106 praedae
1413 2024 1575 2108 pyraticae

112 2114 345 2198 percepissent:
358 2111 489 2195 insuper
508 2110 608 2194 aliqui
621 2133 659 2174 ex
670 2110 746 2188 illie,
759 2112 782 2176 dr
798 2133 836 2174 ex
848 2109 977 2174 Civibus
990 2111 1151 2174 nonnullis
1164 2111 1205 2176 ad
1216 2110 1495 2177 Christianismum
1509 2113 1575 2195 jam

111 2201 274 2266 conversis
286 2201 403 2286 partim
417 2199 552 2264 antehac
564 2223 597 2264 se
608 2199 817 2284 ingessissent
828 2199 946 2282 partim
958 2199 996 2262 de
1008 2221 1090 2264 novo
1102 2222 1136 2264 se
1149 2199 1341 2285 ingererent,
1354 2201 1387 2265 in
1400 2201 1577 2280 societates,

111 2313 198 2374 quae
222 2291 293 2354 istic
317 2290 486 2369 habentur,
508 2288 726 2373 praedatorias
750 2309 804 2352 seu
830 2287 1093 2371 pyraticasdtsic
1105 2289 1260 2373 paulatim
1274 2291 1330 2354 alii
1346 2291 1412 2355 sive
1424 2291 1577 2354 haereda-

112 2381 211 2458 tione,
236 2379 301 2442 sive
326 2379 505 2457 donatione,
529 2377 595 2442 sive
619 2377 756 2448 emtione
769 2377 929 2441 actionum
942 2377 1005 2461 (uti
1017 2379 1142 2459 vocant)
1155 2379 1375 2444 succederent:
1392 2402 1432 2444 an
1445 2379 1490 2463 pii
1502 2381 1576 2444 talis

111 2468 276 2532 societatis
287 2467 353 2530 illic
366 2470 500 2532 antehac
513 2467 637 2554 uolente
649 2464 810 2545 Praetore,
823 2465 951 2549 publica
962 2464 1172 2550 Magistratus
1185 2468 1402 2550 permissione,
1415 2469 1578 2532 autetiam

110 2556 343 2641 approbatione
365 2555 474 2636 initae,
498 2556 521 2621 81
543 2577 627 2619 nunc
649 2555 689 2618 ob
702 2554 840 2619 rationes
853 2557 956 2618 status
971 2577 1034 2618 non
1047 2555 1229 2634 dissolutae,
1243 2579 1306 2620 non
1319 2557 1503 2642 abrogatae,
1521 2580 1577 2621 nec

111 2645 208 2710 facile
232 2645 443 2730 abrogandae,
467 2645 586 2728 absque
610 2643 758 2726 scrupulo
781 2644 805 2707 81
827 2643 929 2708 bonae
942 2644 1152 2708 conscientiae
1168 2644 1308 2709 laesione
1321 2649 1444 2728 partem
1461 2645 1574 2724 facere,

112 2756 269 2818 expensas
281 2757 338 2818 pro
350 2737 420 2798 rato
432 2733 641 2808 contribuere,
659 2735 681 2798 tr
695 2731 870 2816 acquisitae
883 2732 1018 2815 praedae
1029 2734 1174 2816 portione
1187 2731 1252 2798 frui
1261 2735 1400 2816 possint?
1410 2733 1461 2796 An
1469 2734 1576 2817 potius

111 2823 269 2908 quidquid
293 2826 312 2887 e
334 2845 367 2887 se
390 2823 424 2887 in
447 2822 537 2886 illam
560 2821 742 2885 societatem
767 2821 918 2885 collatum
942 2825 1001 2901 est,
1017 2823 1253 2905 repetere;&si
1267 2822 1325 2886 hoc
1338 2823 1509 2906 impetrare
1522 2845 1578 2886 ne-

113 2916 253 2996 queant,
277 2914 392 2976 saltem
414 2931 573 2996 congruae
596 2931 672 2974 suae
694 2909 851 2992 portioni,
876 2911 898 2976 ta
922 2910 977 2993 qui
1001 2909 1136 2974 Senator
1157 2915 1215 2986 est,
1238 2910 1378 2994 portioni
1402 2911 1578 2976 senatoriae

113 3001 310 3080 renuntiare,
327 3000 424 3065 etiam
444 3000 527 3063 male
548 2999 701 3062 hactenus
716 3002 819 3081 parta,
835 2998 1051 3082 quovismodo
1064 2999 1219 3082 possibili,
1237 2999 1404 3064 restituere
1417 2999 1577 3064 debeant?

113 3089 177 3153 Pro
190 3089 300 3173 priori,
313 3093 423 3154 contra
434 3088 592 3172 posterius
604 3087 682 3151 haec
695 3086 778 3151 forte
791 3087 861 3170 quis
873 3090 1075 3171 praetexeret
1090 3088 1118 3151 1.
1133 3087 1254 3154 Parotd
1270 3089 1406 3172 pecunie
1421 3088 1579 3152 actionem

113 3179 137 3243 81
150 3178 329 3262 portionem
346 3177 449 3242 inille
465 3176 615 3241 societate
628 3175 700 3259 quis
711 3175 800 3242 emit.
824 3175 911 3261 Ergo
924 3199 996 3240 aere
1010 3198 1067 3240 suo
1081 3177 1165 3260 juste
1178 3177 1201 3242 81
1214 3177 1358 3262 legitime
1371 3181 1500 3258 emtam,
1513 3201 1580 3241 me-

107 3267 279 3331 diantibus
290 3267 366 3346 illis,
384 3266 535 3350 resignet,
548 3265 648 3329 autin
664 3265 761 3329 burst
773 3264 985 3329 Mercatorum
998 3266 1143 3330 venalem
1156 3270 1302 3350 exponat.
1328 3266 1478 3350 Iniquum
1495 3266 1580 3330 enim

114 3359 200 3420 esset
222 3355 315 3420 illum
338 3355 549 3420 renuntiando
573 3357 697 3418 tantam
719 3353 824 3418 facere
844 3355 1012 3437 jacturam,
1038 3357 1143 3422 &rem
1160 3354 1351 3420 familiarem
1362 3355 1580 3420 intervertere.

114 3446 145 3508 2.
164 3445 219 3512 Est
240 3445 449 3527 deformatus,
480 3446 503 3510 h
526 3447 754 3527 consequenter
765 3443 849 3507 bona
860 3442 933 3507 fidei
946 3465 1123 3527 possessor:
1138 3465 1202 3510 non
1216 3467 1290 3509 vero
1302 3443 1450 3524 infidelis,
1463 3443 1580 3508 Ethni-

113 3556 170 3598 cus
183 3536 241 3598 aut
254 3533 532 3598 tiuhammedista.
557 3531 672 3608 Quidni
688 3554 765 3616 ergo
778 3535 888 3596 utatur
900 3531 1025 3596 fruatur
1037 3533 1094 3596 illo
1106 3534 1198 3597 modo
1211 3533 1405 3617 acquirendi,
1416 3532 1510 3597 istius
1523 3554 1580 3596 ne-

111 3621 301 3707 gotiationis
318 3622 498 3687 fructibus?
518 3620 601 3697 quid
617 3621 643 3685 si
657 3619 720 3684 huc
732 3620 920 3704 applicetur,
938 3622 1067 3688 Mandis
1079 3623 1187 3687 carnia
1202 3623 1325 3688 laurada
1339 3621 1402 3686 Tit.
1419 3622 1448 3685 1.
1474 3621 1580 3702 (111111-

112 3713 194 3798 quid
200 3711 390 3777 venditaria
398 3713 525 3777 mucello
536 3713 551 3774 l
562 3709 631 3776 Cor.
643 3709 694 3774 10.
702 3747 743 3756 -
753 3711 783 3773 3.
792 3709 933 3789 Senator,
943 3711 1120 3794 portionem
1127 3710 1267 3795 aliquam
1277 3734 1314 3775 err
1322 3711 1440 3796 praede
1445 3711 1580 3794 percipit

112 3806 270 3884 tanquam
293 3801 554 3880 emolumentum,
578 3803 635 3864 aut
645 3798 775 3864 xenium
787 3799 987 3864 senatoribus
1000 3799 1135 3864 antehac
1147 3800 1297 3865 collatum
1309 3803 1323 3865 Ρ
1336 3822 1392 3865 cur
1403 3799 1467 3863 non
1479 3821 1579 3884 aeque
1657 3836 1662 3844 ·

113 3889 196 3954 illud
219 3890 397 3974 perciperet
414 3890 505 3976 [pag.
530 3889 611 3975 779]
627 3909 710 3952 nunc
722 3887 826 3952 factus
842 3886 1052 3964 Christianus,
1070 3911 1106 3953 ac
1119 3889 1175 3952 alii
1187 3887 1357 3954 Senatores
1373 3888 1476 3953 adhuc
1489 3890 1508 3951 e
1519 3888 1580 3951 fide

111 3978 298 4043 Christiane
310 3978 418 4043 alieni.
431 3979 462 4042 4.
476 3979 679 4063 Magistratus
691 3976 830 4060 perfecte
842 3976 1034 4043 reformatus
1050 3977 1179 4064 (saltem
1193 3978 1276 4062 quod
1285 3978 1325 4042 ad
1333 3978 1458 4061 potiora
1465 3977 1581 4042 suffra-

114 4068 186 4152 gia)
194 4067 276 4131 tales
289 4068 521 4153 negotiationes
537 4066 738 4133 &societates
750 4065 878 4149 publico
890 4088 947 4130 suo
956 4066 1075 4150 judicio
1088 4068 1254 4150 approbat,
1267 4071 1323 4131 aut
1336 4066 1510 4151 permittit;
1523 4088 1582 4130 nec

114 4157 156 4220 ob
180 4156 380 4240 implicatum
404 4156 451 4220 illi
468 4155 674 4240 Reipublicae
691 4177 766 4218 suae
778 4159 909 4232 statum,
922 4155 1102 4218 stabilitum
1115 4156 1257 4240 regimen
1273 4155 1448 4239 politicum,
1463 4156 1580 4238 depen-

114 4245 258 4308 dentium
283 4243 488 4329 Reipublicae
512 4247 552 4308 ab
569 4244 764 4327 Imperatore
777 4242 1009 4319 Ottomaunico‚
1022 4244 1165 4327 aliasque
1178 4245 1315 4309 rationes
1329 4249 1431 4309 status
1444 4244 1476 4307 in
1489 4267 1579 4328 prae·

114 4335 201 4398 senti
223 4337 349 4398 mutare
372 4337 488 4417 potest,
512 4334 636 4398 etiamsi
661 4332 766 4396 vellet.
791 4331 878 4416 Ergo
903 4331 990 4396 licita
1015 4337 1063 4396 est
1086 4333 1119 4396 in
1136 4333 1580 4413 foroconscierrtiae,tt11emo

113 4427 243 4488 caetera
268 4423 367 4488 bonus
391 4421 601 4499 Christianus
620 4426 788 4508 propterea
813 4421 1063 4486 ecommunione
1077 4423 1229 4488 arcendus
1246 4427 1345 4488 esset:
1360 4423 1463 4486 multe
1475 4421 1580 4484 minus

1455 4510 1582 4594 publice
