3732 4840
295 309 407 376 Taren.
431 309 474 377 II.
499 309 547 374 Da
572 309 709 391 Porasr,
732 311 805 378 Pon.
829 335 866 376 ar
890 310 1003 377 Canon.
1027 310 1248 382 Euocandus.
1273 309 1315 376 Il.
1474 311 1534 376 121

19 481 20 484 ¹
89 497 261 580 demens.
274 495 377 581 Major
385 498 549 582 probatur,
565 499 640 582 quia
652 499 1019 564 nullumalindmedium
1029 447 1536 582 applicandaePotestatisEccle-
1632 493 1645 518 ⁸

88 587 221 652 siasticae
248 587 289 651 ad
300 587 381 652 hanc
394 591 451 651 aut
463 587 552 652 illam
568 609 736 672 personam
750 589 783 652 in
795 591 864 652 tota
875 587 1041 671 Scriptura
1053 592 1225 670 comparet,
1238 609 1334 670 quam
1346 587 1469 652 vocatio
1485 611 1537 652 oa-

19 699 21 744 ι
89 676 196 740 danna
219 680 275 740 ant
298 675 557 741 extraordinaria.
581 675 744 760 Imprimis
764 677 867 763 ignoti
878 680 953 741 sunt
965 675 1014 740 illi
1026 677 1111 740 modi
1124 675 1320 741 Potestatem
1334 677 1417 741 hanc
1428 677 1537 760 acqui-

19 757 21 826 l
89 764 174 843 rendi,
187 787 243 850 per
254 764 499 830 haereditariam
512 765 752 844 successionem,
766 787 823 850 per
830 768 883 851 jus
895 765 974 830 belli
985 767 1035 830 ac.
1051 803 1091 813 -
1109 764 1196 830 VIII.
1210 787 1334 850 arpenn
1347 765 1437 841 erod
1449 767 1537 830 nullo

19 845 21 872 ³
88 853 167 916 modo
181 853 335 938 competit
347 853 507 918 Eoeminis
519 857 542 920 tc
554 853 675 931 Pueris,
689 855 768 919 illud
780 877 844 920 non
857 854 1008 938 competit
1020 851 1227 938 Magistratui
1243 858 1306 938 qut
1319 853 1536 940 Magistratui.

19 937 21 962 l
86 941 140 1008 Sed
159 942 317 1007 ordinaria
333 941 479 1008 Potestas
495 943 719 1008 Ecclesiastica
729 946 897 1019 ἡγεμονικὴ,
913 943 1075 1022 directiva,
1089 942 1228 1026 publica,
1241 943 1332 1008 nullo
1347 944 1440 1008 modo
1453 967 1536 1008 com·

19 1057 21 1082 ὲ
89 1030 157 1113 petit
182 1021 341 1098 Fdeminis
368 1036 424 1096 aut
436 1031 557 1096 Pueris
571 1031 705 1097 Minoris
721 1033 809 1116 prius
821 1033 1000 1096 membrum
1016 1035 1142 1097 constat
1154 1055 1193 1096 ex
1212 1034 1241 1098 l.
1260 1034 1337 1098 Tira.
1352 1033 1382 1096 2.
1398 1034 1427 1096 1.
1441 1055 1468 1097 o.
1486 1034 1536 1098 ll.

19 1113 21 1208 l
90 1126 131 1183 lt.
152 1121 174 1186 t
198 1121 226 1186 1.
241 1123 311 1186 Cor.
330 1120 381 1184 14.
397 1141 425 1185 υ.
439 1121 492 1185 34.
504 1119 553 1184 De
565 1121 732 1205 posteriori
745 1121 824 1185 alibi
834 1121 983 1186 diximus.
998 1121 1101 1204 Major
1115 1122 1278 1205 probatur,
1292 1121 1367 1205 quia
1383 1122 1537 1205 quidquid

19 1265 21 1294 ,
86 1209 225 1274 tribuitur
236 1207 443 1295 Magistratui
458 1213 523 1293 qua
534 1208 750 1295 Magistratui,
763 1210 844 1274 illud
857 1211 977 1294 pariter
988 1210 1193 1274 tribuendum
1206 1214 1254 1274 est
1267 1209 1537 1275 FoeministtPu·
1631 1263 1632 1272 ,

19 1295 20 1300 ’
87 1296 149 1372 eris,
171 1299 326 1383 siqnidem
348 1298 515 1383 contingat
535 1302 660 1382 (utnon
677 1321 748 1364 raro
761 1299 909 1384 contigit)
922 1298 943 1364 J
947 1322 981 1363 us
998 1298 1175 1382 Majestatis
1192 1299 1224 1362 in
1237 1299 1302 1363 illis
1315 1299 1461 1364 residere.
1475 1299 1538 1363 Hic

87 1385 156 1450 nihil
182 1391 285 1472 potest
308 1387 423 1472 excipi,
435 1409 532 1471 quam
544 1387 705 1453 Foeminis
717 1388 817 1452 tribui
830 1410 1013 1470 supremum
1026 1389 1075 1472 jus
1090 1387 1260 1470 judicandi,
1273 1389 1382 1452 nonin
1395 1389 1538 1452 Ecclesia

19 1511 28 1538 .
88 1475 147 1558 (nbi
168 1475 243 1559 ipsis
268 1477 451 1560 tacendum)
464 1477 519 1541 sed
531 1481 621 1542 extm
632 1477 808 1542 Ecclesiam
825 1477 859 1540 in
870 1476 996 1542 Politia.
1014 1473 1130 1552 Recte3
1147 1475 1207 1540 hoc
1224 1477 1366 1559 estquod
1378 1477 1535 1555 uolumus

19 1617 29 1646 ·
87 1563 1582 1739 alumnoscinctacinctalactucam{clarinus-

527 1705 535 1734 ἲ
842 1687 854 1714 t'·
949 1727 953 1742 Ι
1441 1703 1443 1708 ¹
1529 1703 1537 1718 ο

87 1737 138 1805 Sed
150 1743 242 1826 quale
254 1743 298 1806 sit
305 1742 461 1826 judicium
472 1742 693 1829 Magistratus,
705 1743 790 1808 infra
803 1743 989 1810 videbimus.
1003 1743 1110 1828 Atque
1122 1741 1201 1807 haec
1208 1748 1397 1829 argumenta
1406 1744 1535 1825 directa,

78 1832 395 1906 exnaturasub'ecti.
1476 1887 1491 1911 ,

125 1918 153 1984 8.
173 1854 359 2004 Sequuntur
386 1943 424 1985 ex
451 1925 567 1986 natura
594 1921 783 1986 Praedicati.
807 1920 863 1986 IX.
888 1943 1013 2008 anquina
1042 1921 1105 1997 Qui
1127 1944 1190 1986 non
1216 1921 1314 1986 habet
1337 1925 1455 2006 partes
1479 1945 1536 1987 nec

88 2015 200 2073 exercet
212 2015 303 2074 actus
316 2009 490 2074 Potestatis
503 2010 755 2090 Ecclesiasticus
769 2011 823 2076 ille
840 2012 939 2094 ipsam
953 2030 1015 2074 non
1026 2010 1134 2086 haben
1149 2009 1210 2075 Sed
1226 2011 1436 2096 Magistratus
1446 2011 1536 2096 [pag.
1642 2051 1659 2076 .

91 2096 159 2183 142]
185 2121 248 2164 non
272 2099 381 2173 habet,
405 2101 456 2165 tto.
476 2097 572 2184 Ergo.
588 2099 685 2164 Valet
696 2100 921 2184 consequentia
933 2100 1062 2183 majoris
1078 2100 1118 2163 ab
1131 2100 1368 2164 enumeratione
1385 2101 1536 2183 partium.

20 2241 21 2246 ,
53 2241 60 2254 ,
87 2182 181 2250 Minor
208 2188 372 2272 probatur,
401 2188 476 2272 quia
491 2210 549 2253 uec
565 2187 815 2261 Constitutiones
827 2211 883 2252 seu
896 2187 996 2269 Leges
1008 2189 1265 2273 presbyteriales,
1278 2188 1466 2267 classicrdes,
1484 2213 1536 2273 sy-

19 2275 31 2336 'a
87 2275 204 2340 nndales
227 2277 349 2352 condit3
376 2299 435 2341 nec
446 2277 537 2342 verbi
549 2275 725 2356 Ministros,
738 2275 884 2344 Seniores
897 2276 1090 2344 &Diaconos
1107 2277 1195 2361 prius
1208 2277 1358 2362 probatos
1370 2278 1471 2362 eligit,
1485 2301 1536 2342 or-

86 2361 175 2442 dinat,
199 2365 375 2450 suspendit,
394 2365 558 2442 destituit;
570 2388 628 2431 aec
640 2365 802 2452 Synodum
814 2365 902 2444 facit,
915 2369 938 2432 tr
950 2367 1176 2451 suffragiorum
1192 2389 1347 2431 consensu
1360 2371 1416 2430 aut
1428 2367 1537 2450 plura-

19 2469 21 2542 ᾗ
85 2449 166 2516 lit'ate
188 2453 384 2538 synodaliter
404 2455 528 2538 judicat
554 2454 577 2519 t
602 2455 744 2520 decernit
770 2456 867 2542 (idem
883 2454 1156 2539 dePresbyteriis,
1173 2455 1307 2538 aliisque
1323 2455 1537 2520 Conventibus

19 2625 20 2628 Ἴ
84 2539 252 2622 dicendum)
281 2563 340 2608 nec
366 2543 406 2608 ad
429 2541 571 2628 Synodos
591 2545 733 2628 deputat,
745 2565 803 2608 nec
814 2545 982 2627 deputatos
995 2545 1096 2609 literis
1109 2544 1371 2610 mandatitrfidei
1384 2544 1514 2608 iustruit
1527 2569 1552 2620 3·
1683 2547 1698 2570 ⁸

85 2651 134 2692 nec
157 2631 290 2696 verbum
313 2635 336 2698 t
359 2635 558 2698 sacramenta
579 2633 759 2716 dispensat;
773 2655 830 2697 nec
841 2633 1039 2698 visitationes
1052 2633 1291 2698 Ecclesiasticus
1307 2633 1465 2708 instituit;
1478 2655 1537 2696 neo

83 2739 220 2785 cenmras
247 2721 272 2787 d
294 2719 494 2805 disciplinam
517 2721 773 2788 Ecclesiasticam
802 2726 934 2786 exercet.
951 2720 986 2786 Si
1000 2722 1192 2806 excipiatur:
1206 2745 1267 2787 non
1286 2722 1414 2806 quidem
1425 2743 1535 2786 omnes

85 2812 189 2888 partes
213 2809 269 2874 sed
296 2809 420 2894 aliquas
443 2812 514 2893 jure
539 2833 595 2875 suo
619 2811 707 2875 obire
726 2815 869 2895 possunt.
882 2813 973 2895 Hesp.
988 2812 1016 2874 l.
1033 2812 1112 2876 Esse
1128 2833 1237 2875 omnes
1250 2814 1356 2894 partes
1368 2832 1535 2890 connexas,

85 2917 133 2959 nec
143 2920 235 2980 posse
247 2897 377 2982 probari
391 2921 428 2963 ex
441 2897 623 2984 Scripturis,
636 2921 733 2964 unam
745 2900 823 2984 ipsis
836 2901 939 2984 magis
953 2905 1008 2964 aut
1021 2901 1126 2964 minus
1135 2905 1313 2984 compatere
1322 2922 1418 2983 quani
1427 2898 1536 2965 aliam.
1649 2901 1660 2920 ⁸

84 2985 109 3050 2.
128 2985 170 3051 Et
192 2989 221 3052 si
244 2987 370 3071 aliquas
393 2989 590 3071 possiderent
603 2993 739 3067 tanturn,
753 3009 868 3070 easque
880 2989 1033 3072 pauculas
1046 2991 1068 3055 tr
1081 2989 1186 3054 minus
1199 2989 1390 3073 principales
1403 3010 1483 3070 quae
1496 2989 1535 3052 ad

84 3072 154 3140 alias
178 3081 335 3161 tanquam
361 3076 531 3160 primarias
540 3077 737 3156 ordinantur,
754 3077 865 3161 utique
878 3077 999 3142 dicendi
1014 3101 1077 3142 non
1090 3081 1165 3142 sunt
1180 3077 1298 3142 habere
1311 3077 1535 3142 architectoni-

83 3183 143 3255 cam
158 3165 249 3230 illam
262 3163 459 3231 Potestatem
471 3166 504 3230 in
520 3165 672 3231 Ecclesia.
687 3168 717 3230 3.
731 3165 892 3250 Quidquid
903 3170 959 3230 aut
971 3167 1108 3230 sumitur
1120 3171 1175 3230 aut
1186 3167 1367 3230 conceditur
1379 3166 1464 3248 ipsos
1478 3167 1535 3229 ha-

82 3248 158 3331 bere,
178 3253 264 3318 nihil
288 3258 337 3318 est
360 3253 532 3319 Potestatis
553 3255 812 3320 Ecclesiasticae:
826 3256 880 3320 sed
900 3261 974 3320 sunt
987 3260 1075 3319 actus
1088 3254 1261 3319 Potestatis
1276 3254 1435 3338 politicae.
1449 3253 1534 3318 Dum

83 3359 150 3424 ergo
160 3341 373 3426 Magistratus
386 3345 408 3409 d
423 3343 566 3410 Ecclesia
577 3349 743 3408 versantur
756 3344 838 3408 circa
849 3345 934 3408 idem
942 3345 1107 3429 negotium
1117 3344 1385 3421 Ecclesiasticum,
1395 3346 1417 3409 dr
1426 3344 1535 3408 eadem

83 3433 131 3492 aut
151 3430 272 3495 similia
299 3432 530 3515 apotelesmata
551 3432 677 3497 videtur
703 3434 875 3517 producere
899 3437 954 3498 aut
977 3434 1236 3516 comproducere;
1251 3432 1361 3514 utique
1377 3431 1536 3495 idemnon

84 3524 182 3600 agunt,
195 3521 252 3584 sed
263 3519 397 3604 quisque
409 3517 532 3599 ἐνεργείᾳ
544 3521 683 3604 propria,
695 3523 867 3587 secundum
881 3523 1041 3606 propriam
1054 3521 1260 3598 Potestatem,
1275 3521 1343 3606 agit
1351 3521 1434 3604 quod
1443 3544 1535 3584 snum

84 3611 133 3669 cst.
157 3607 249 3672 Haut
272 3609 367 3674 aliter
390 3631 426 3674 ac
442 3607 688 3694 Magistratus&
703 3610 810 3689 Pater,
823 3612 957 3694 quisque
974 3615 1031 3675 snt
1043 3609 1215 3688 Potestate,
1228 3610 1322 3674 simul
1335 3614 1446 3694 agunt,
1461 3613 1536 3694 (non

83 3695 179 3762 umen
202 3697 366 3779 similiter)
388 3703 425 3762 ut
446 3697 550 3762 filium
576 3700 746 3783 prodigum
770 3704 949 3764 codrceant:
974 3700 1057 3764 idem
1077 3701 1243 3764 dicendum
1256 3700 1293 3762 de
1306 3697 1535 3782 Magistratu&

84 3779 190 3851 Marito
206 3786 302 3850 simul
316 3785 476 3870 occupatis
488 3787 521 3851 in
535 3789 754 3854 emendatione
766 3793 822 3853 aut
834 3789 1015 3853 reductione
1029 3787 1173 3852 Mulieris
1186 3786 1372 3852 desertricis.
1387 3785 1448 3850 Hic
1461 3809 1536 3850 saue

85 3868 107 3934 Ρι
147 3880 252 3940 states
275 3875 351 3938 illae
374 3897 437 3939 non
456 3880 531 3940 sunt
543 3877 790 3958 confundendae,
804 3882 859 3941 aut
873 3900 935 3942 nna
952 3879 1044 3943 alteri
1057 3877 1289 3942 substituenda.
1304 3914 1344 3924 -
1358 3875 1396 3940 X.
1409 3897 1534 3960 caprini.

84 3957 107 4021 Ρ·
147 3969 270 4028 statem
293 3963 552 4030 Ecclesiasticam
576 3966 695 4030 habent
718 3967 776 4044 illi,
801 3966 856 4049 qui
879 3965 1122 4031 habentOlaves
1136 3965 1241 4050 Regni
1257 3965 1432 4029 coelorum:
1447 3965 1535 4046 atqui

79 4048 107 4116 ss
171 4075 184 4119 s
211 4052 333 4117 habeut
355 4051 582 4139 Ecclesiastici,
607 4077 670 4120 non
687 4054 906 4140 Magistratus.
927 4054 1032 4120 Minor
1047 4055 1214 4119 notissima
1230 4057 1288 4132 est,
1301 4057 1324 4120 dc
1337 4057 1355 4117 a
1370 4053 1536 4135 tyronibus

80 4157 107 4200 a
163 4142 277 4206 seticis
299 4141 432 4208 discitur
439 4128 494 4210 sex
517 4143 648 4230 egregia
671 4143 880 4228 explicatione
894 4149 1020 4209 nostrae
1034 4145 1183 4210 Calactae.
1195 4165 1247 4228 qis.
1262 4144 1313 4206 82.
1327 4143 1379 4208 85.
1393 4143 1444 4206 cui
1457 4143 1535 4206 adde
1629 4137 1634 4144 ’

19 4283 20 4286 ,
78 4211 107 4290 L
183 4233 259 4310 iam,
272 4232 311 4296 de
324 4236 387 4318 qut
400 4235 520 4315 pastea.
532 4232 664 4318 Majoris
676 4233 901 4319 consequentia
913 4233 1108 4318 patet;quia
1120 4233 1204 4296 idem
1217 4236 1291 4296 sunt
1302 4229 1535 4309 ClaveS,&Po-

83 4321 107 4380 ll
151 4375 168 4384 -
181 4321 416 4388 mercantias.
432 4359 471 4368 —
485 4321 542 4387 Xl.
554 4343 679 4408 orpuna
692 4322 773 4400 Quia
789 4321 934 4386 Potestas
951 4322 1173 4387 Ecclesiastico
1186 4325 1235 4385 est
1247 4320 1425 4386 formaliter
1434 4325 1534 4400 sacia,

19 4433 20 4442 .
80 4393 107 4471 'rr
158 4409 234 4489 'rsa
258 4408 446 4498 spiritualis,
466 4411 687 4492 obtestatoria,
711 4411 898 4498 precatoria,
922 4411 1198 4489 &denuntiatoria
1223 4413 1302 4496 pure
1318 4408 1537 4560 ministepialis
1652 4463 1662 4483 ,

1404 4519 1445 4582 pa
1462 4517 1536 4562 erne
1591 4561 1602 4584 ‚
1696 4515 1701 4522 ·
