3668 4856
244 329 355 396 Tasci.
379 330 438 398 ΙΙΙ.
462 331 510 397 Da
534 333 738 398 Convenimus
763 333 969 399 1116011111.
994 333 1121 400 1100111.
1146 335 1216 403 Cur.
1243 334 1315 400 VII.
1451 339 1515 418 309

73 517 134 600 plns
155 519 201 583 est
224 517 255 582 in
281 518 479 583 conclusione
504 540 601 602 quam
624 518 657 582 in
681 519 871 603 praemissis,
889 518 1042 586 Conclusa
1057 510 1516 606 1111111111010111111111111ἱ

73 627 171 670 nunus
193 606 344 672 contineri
361 607 420 672 sub
436 607 612 673 ministerio
624 629 713 672 sacro
727 629 783 672 seu
794 607 1016 674 Ecclesiastico
1027 633 1034 685 ;
1046 632 1110 674 una
1122 609 1232 674 inferri
1244 633 1309 675 non
1320 611 1424 690 debet,
1437 634 1514 698 ergo

72 694 127 760 vis
134 695 201 780 jure
212 695 297 760 illius
309 695 478 761 ministerii
490 697 642 781 competit
654 696 705 761 illi
716 697 814 762 sessio
826 697 859 761 in
871 698 1017 764 omnibus
1029 697 1156 783 synodis
1169 697 1431 779 Provincialibus,
1443 701 1514 766 abs·

72 804 122 867 que
145 784 284 868 genermi
306 788 362 850 111
377 785 506 869 speciali
522 785 720 872 delegatione
732 785 964 866 Ecclesiastica,
977 791 1034 851 aut
1044 787 1236 868 evocatione,
1252 810 1309 854 seu
1320 789 1514 855 assumtione

70 872 206 954 synodali.
229 871 265 938 Si
291 873 430 939 ministri
445 873 574 960 singuli,
590 878 646 939 aut
662 873 810 954 seniores,
823 878 879 939 ant
891 875 1023 955 diaconi,
1036 899 1063 940 e.
1076 897 1124 962 gr.
1138 875 1171 942 in
1183 875 1367 957 Hollandia,
1379 878 1513 964 synodos

70 957 264 1028 Provinciales
291 962 329 1028 de
345 962 429 1028 facto
444 962 635 1028 constituere
648 963 776 1041 vellent,
792 963 861 1048 ipso
873 965 944 1049 jure
956 986 998 1030 sc.
1011 965 1151 1031 muneris
1164 965 1224 1045 sui,
1236 966 1321 1051 quod
1331 966 1441 1051 procul
1454 967 1513 1033 du·

68 1048 113 1114 bio
123 1073 240 1116 sacrum
256 1051 549 1118 &Ecclesiasticum
562 1056 627 1130 est;
644 1052 720 1137 quid
735 1051 801 1118 illis
814 1054 1064 1138 respondendum
1077 1053 1288 1138 putabimus?
1301 1054 1391 1130 Quod
1406 1055 1514 1140 praxis

12 1206 17 1221 ,
68 1139 87 1203 t
104 1140 337 1206 constitutiones
355 1141 570 1207 Ecclesiarum
584 1145 765 1207 nostrarum
777 1163 834 1227 pro
850 1142 910 1207 hac
922 1143 1079 1208 sententia
1094 1143 1234 1210 militare
1246 1146 1511 1228 praetenduntur;

66 1227 157 1293 minus
167 1229 302 1295 solidum
317 1230 451 1296 videtur.
463 1229 512 1295 De
525 1230 751 1315 comparitione
764 1229 975 1314 professorum
987 1231 1021 1296 in
1032 1232 1160 1318 synodis
1171 1232 1435 1313 Prouincialibus,
1449 1256 1513 1300 non

66 1321 106 1381 est
129 1317 273 1392 dubium
290 1341 363 1384 cum
374 1319 440 1384 scil.
453 1319 510 1385 illo
522 1319 555 1384 in
567 1320 635 1384 loco
647 1320 760 1406 synodi
776 1319 944 1397 habentur,
961 1319 1016 1386 ubi
1026 1319 1200 1386 Academia
1215 1326 1277 1387 est:
1296 1323 1351 1387 sed
1365 1322 1444 1388 haec
1456 1345 1512 1408 po-

65 1409 153 1472 testas
173 1407 377 1494 restringitur
401 1408 440 1473 ad
463 1408 653 1494 suffragium
679 1408 1138 1475 deliberativumltamemini
1154 1411 1511 1478 11101629.111111101

65 1498 187 1578 quatuor
208 1495 405 1563 Professores
418 1495 598 1583 Theologos
610 1497 823 1582 comparuisse
834 1497 868 1563 in
879 1500 997 1583 synodo
1009 1497 1308 1584 Zuyd·Hollandica
1319 1498 1474 1580 Leidensi,
1489 1503 1512 1568 ia

65 1583 189 1666 ejusdem
212 1586 338 1651 decreta
360 1586 455 1666 (inter
477 1609 558 1671 quae
574 1587 612 1652 de
627 1586 755 1652 foenore
767 1587 960 1671 trapezitico,
973 1587 1010 1653 de
1023 1610 1120 1653 uxore
1131 1588 1271 1653 ministri
1282 1589 1459 1673 trapezitici
1471 1591 1512 1655 ad

64 1671 187 1738 Coenam
199 1696 261 1739 non
275 1675 480 1754 admittendis,
493 1676 531 1741 de
544 1675 686 1762 collegiis
698 1677 911 1742 exercentium
923 1698 957 1742 se
970 1677 1079 1742 diebus
1092 1676 1256 1743 dominicis
1269 1677 1309 1744 ad
1320 1678 1510 1759 catechesin,

64 1765 110 1826 aut
121 1763 158 1828 ad
168 1764 286 1829 librum
301 1786 396 1849 quem
408 1763 600 1849 Scripturas,
613 1765 678 1849 810.)
695 1765 832 1851 egregiis
844 1766 983 1830 consiliis
996 1766 1071 1847 suis,
1081 1767 1173 1850 juxta
1186 1789 1257 1832 cum
1270 1767 1405 1832 aliarum
1417 1789 1511 1853 syno-

64 1849 162 1916 dorum
183 1854 508 1938 correspondentibus,
531 1875 595 1918 101
615 1875 730 1938 parum
742 1855 943 1939 promovisse.
957 1853 1079 1920 ibidem
1092 1855 1190 1920 etiam
1202 1859 1368 1941 conceptas
1380 1854 1511 1922 fuissea

64 1941 169 2022 synodo
191 1942 396 2022 conditiones,
420 1943 535 2028 quibus
558 1942 694 2008 facultas
721 1942 902 2029 theologica
930 1967 985 2028 per
1008 1944 1149 2028 aliquem
1171 1968 1210 2009 ex
1236 1945 1302 2010 suis
1318 1945 1509 2030 delegatum,

63 2031 218 2112 quotannis
244 2033 278 2096 in
305 2031 431 2117 synodis
455 2030 651 2097 Hellandicis
671 2035 875 2116 compareret.
911 2031 1003 2108 Quod
1029 2032 1189 2098 laudabile
1211 2033 1322 2118 synodi
1344 2033 1509 2100 consilium

63 2139 123 2182 curn
147 2121 187 2184 ad
212 2121 328 2186 classes
356 2120 531 2186 deferretur
558 2125 646 2201 (nam
672 2121 760 2186 nullo
787 2121 970 2207 gravamine
1001 2121 1186 2208 praemissa,
1213 2122 1345 2207 pulchre
1372 2145 1405 2188 se
1431 2123 1509 2189 offe-

64 2213 137 2273 rente
159 2209 321 2275 occasione
342 2209 410 2276 illia
432 2213 619 2294 conceptum
646 2209 738 2292 erat),
763 2211 959 2294 quorundam
986 2210 1144 2276 sententia
1171 2231 1208 2276 ac
1219 2211 1324 2277 studio
1336 2211 1368 2276 in
1381 2213 1508 2298 spongi-

63 2317 106 2359 11
134 2297 286 2364 incubuit.
317 2297 366 2363 De
400 2299 552 2385 suffragio
583 2299 720 2364 decisivo
748 2298 968 2365 Professorum
990 2299 1024 2364 in
1050 2298 1177 2385 Synodo
1203 2299 1404 2366 Dordraeena
1427 2323 1510 2366 anuo

65 2385 146 2450 1618.
169 2387 369 2453 verissimum
393 2389 547 2473 estquod
570 2387 698 2466 dicitur3
724 2390 747 2455 11
766 2389 834 2474 jam
857 2393 930 2454 ante
954 2411 1036 2454 anno
1057 2389 1153 2455 1607.
1165 2389 1200 2454 11
1211 2393 1367 2455 conventu
1379 2388 1509 2476 Hagae·

63 2471 178 2541 60111111
205 2477 348 2542 unanimi
372 2499 525 2543 consensu
547 2477 606 2542 hoc
631 2480 786 2542 statutum
801 2482 878 2542 1111.
891 2475 953 2543 Sed
969 2477 1150 2562 exciperent
1165 2478 1396 2558 dissentientes,
1410 2477 1508 2544 fuisse

62 2559 130 2628 hanc
152 2566 307 2651 synodum
331 2565 631 2644 extraordinariam
654 2589 712 2631 nec
735 2566 775 2632 ab
800 2589 837 2630 ea
859 2567 1118 2651 consequentiam
1145 2567 1217 2632 duci
1244 2568 1356 2632 debere
1370 2567 1508 2633 adordi-

62 2651 151 2718 nnius
173 2654 368 2732 nationales;
396 2657 419 2722 81
443 2655 471 2720 11
486 2655 524 2720 de
537 2654 602 2720 illis
614 2656 836 2720 concederetur
852 2655 911 2735 (uti
923 2656 1154 2721 concedendum
1170 2657 1271 2740 puto),
1284 2656 1418 2741 synodos
1433 2678 1507 2742 pro-

64 2739 195 2809 iinciales
209 2765 272 2809 101
286 2743 551 2810 11111111011111.
564 2743 667 2809 Video
679 2744 770 2809 citari
783 2745 938 2829 synodum
950 2745 1041 2831 [pag.
1056 2745 1136 2830 198]
1148 2743 1354 2810 Nationalem
1364 2744 1505 2810 Dordra-

62 2847 154 2896 cenam
165 2833 358 2898 11101572.
372 2833 467 2920 152.
481 2833 670 2919 &synodum
682 2833 878 2919 Hagiensem
891 2856 973 2899 anno
988 2833 1083 2899 1586.
1097 2835 1124 2918 ξ.
1139 2833 1191 2897 31.
1204 2832 1266 2899 Sed
1277 2834 1339 2899 nisi
1350 2834 1383 2897 in
1395 2857 1507 2900 nume·

62 2917 97 2982 ris
115 2943 165 2986 seu
189 2921 279 2987 cifris
304 2922 484 3007 sphalmata
508 2923 572 2987 sint
586 2922 829 3008 typographica,
844 2921 948 2987 fateor
963 2944 1013 2988 me
1028 2945 1092 2988 non
1104 2922 1285 3008 intelligere
1297 2944 1377 3006 quae
1391 2926 1509 3003 acta&

61 3027 128 3090 quaa
148 3011 259 3096 synodi
283 3011 502 3096 indigitantur.
526 3009 564 3076 Iu
583 3011 655 3076 illas
668 3033 743 3097 ergo
760 3012 925 3076 citationes
942 3011 1079 3095 amplius
1094 3011 1329 3095 inquirendum.
1346 3009 1506 3096 Quidquid

61 3094 103 3175 sit,
113 3099 248 3166 nondum
260 3100 351 3165 video
358 3101 411 3185 jus
424 3099 595 3183 positivum
610 3100 879 3179 Ecclesiasticum,
893 3101 994 3165 multo
1009 3102 1114 3166 minus
1123 3101 1176 3186 jus
1190 3099 1332 3165 divinum
1343 3100 1505 3166 immedia-

61 3187 125 3266 tnn,
146 3211 203 3273 pro
227 3189 385 3255 sententia
397 3187 587 3254 affirmante.
603 3189 673 3266 Quo
685 3191 754 3275 ipso
765 3193 873 3254 tamen
885 3211 1001 3276 negare
1014 3190 1123 3268 nolim,
1140 3189 1217 3274 quin
1230 3187 1437 3269 Professores,
1451 3190 1507 3274 qui

61 3269 126 3341 bene
146 3281 299 3361 praesunt
320 3301 396 3362 prae
407 3278 518 3344 multis
532 3278 604 3344 aliis
616 3279 693 3364 eligi
709 3281 731 3345 1
744 3279 783 3342 ad
795 3279 929 3363 synodos
941 3278 1037 3357 mitti,
1051 3282 1107 3344 ant
1120 3280 1160 3343 ab
1172 3278 1285 3343 iisdem
1297 3279 1421 3344 evocari
1434 3301 1507 3363 pos-

62 3361 120 3440 sint,
144 3369 168 3434 11
193 3365 228 3432 id
250 3367 388 3432 maxime
401 3369 417 3432 1
430 3390 464 3432 11
479 3367 640 3434 Ecclesiae
652 3367 796 3432 futurum
813 3369 870 3447 sit;
883 3368 1023 3452 adeoque
1035 3367 1117 3432 nihil
1132 3367 1261 3432 absurdi
1273 3366 1390 3432 facturi
1401 3368 1507 3434 consi·

61 3453 197 3532 stadales,
221 3456 411 3530 classicales,
438 3456 615 3542 synodales,
642 3456 670 3522 si
692 3457 744 3541 pie
769 3457 964 3522 eruditorum
987 3457 1159 3522 Doctorum
1182 3456 1339 3522 rationem
1355 3456 1505 3540 habeant,

61 3542 235 3622 posthabitis
247 3555 400 3622 κοσμικαῖς
410 3545 640 3630 hierophantis.
653 3544 816 3630 Imprimis
828 3550 933 3611 autem
950 3546 1011 3611 hoc
1026 3546 1194 3632 agendum,
1211 3568 1282 3610 cum
1299 3546 1336 3610 de
1353 3546 1506 3627 doctrina,

61 3635 104 3695 mt
120 3634 350 3699 universalibus
362 3656 399 3700 ac
411 3635 674 3700 substantialibus
686 3634 851 3721 regiminis
864 3635 1090 3714 Ecclesiastiei,
1106 3639 1162 3700 aut
1174 3635 1289 3699 ritibus
1302 3635 1506 3720 disceptatur.

96 3721 339 3790 Gemestarium:
351 3721 401 3788 Ex
416 3724 467 3802 iis,
483 3745 565 3810 quae
581 3746 638 3808 pro
650 3746 739 3790 sacra
755 3723 927 3789 autoritate
942 3747 979 3790 ac
994 3724 1100 3788 divina
1112 3723 1274 3789 functione
1285 3723 1504 3790 Professorum

60 3803 237 3900 theologiae
261 3835 318 3878 seu
334 3812 593 3879 scholasticorum
604 3813 694 3900 (olim
706 3813 754 3878 ita
766 3812 945 3897 dictorum),
962 3813 1123 3878 occasione
1136 3812 1232 3895 hujus
1247 3812 1444 3898 quaestionis
1457 3814 1506 3879 al·

60 3895 92 3963 lat
131 3906 215 3982 sunt,
239 3903 263 3969 dr
290 3902 376 3967 ultra
401 3902 518 3968 adferri
541 3907 684 3988 possunt,
709 3902 870 3967 evidenter
885 3905 1018 3982 constat,
1034 3923 1096 3966 non
1109 3923 1177 3966 esse
1190 3901 1323 3986 profane
1336 3901 1396 3968 hoc
1411 3903 1506 3968 titulo

60 3983 92 4050 iu(
128 3991 212 4056 idom
239 3992 263 4056 11
286 3990 469 4057 hominibus
494 3992 707 4057 illudendum:
732 3991 815 4077 quod
837 3991 884 4070 fit,
904 4013 976 4056 cum
988 3991 1059 4076 quis
1071 3990 1169 4055 idiota
1180 4013 1217 4056 ac
1229 3990 1399 4057 illiteratus
1411 3991 1505 4057 titulo

60 4073 92 4139 iil
132 4079 340 4145 atachrestice
356 4086 496 4146 assumto
512 4080 703 4166 dignitatem
719 4083 742 4148 dr
757 4080 892 4166 gradum
907 4080 1099 4164 peculiarem
1114 4079 1182 4144 sine
1195 4080 1261 4145 ullo
1273 4103 1367 4166 opere
1382 4080 1505 4165 profes·

59 4183 92 4228 sor
120 4167 303 4254 theologi,
317 4173 372 4234 aut
383 4167 572 4235 Scholastici
584 4170 618 4235 in
630 4170 765 4254 collegio
777 4192 834 4234 seu
846 4169 985 4254 capitulo
998 4191 1064 4247 suo,
1078 4170 1101 4235 81
1114 4169 1327 4234 emolumenta
1338 4191 1374 4235 ac
1385 4169 1505 4235 reditus

59 4249 92 4318 illi
124 4257 207 4322 rdiui
219 4256 423 4343 peculiariter
438 4281 577 4325 annexos
589 4281 626 4325 ac
637 4259 820 4339 destinatos,
836 4257 1006 4343 illegitime
1019 4280 1172 4342 usurpare
1184 4259 1289 4324 audet.
1302 4257 1505 4324 Tantundem

60 4347 92 4406 tn*
120 4375 127 4412 a
148 4351 207 4426 est,
233 4367 270 4412 ac
293 4347 322 4412 si
337 4347 409 4432 quis
420 4347 538 4432 Papae,
552 4353 608 4414 aut
623 4347 810 4426 cardinalis,
828 4351 882 4412 aut
894 4347 1046 4427 Pastoris,
1059 4369 1115 4412 seu
1130 4346 1260 4431 parochi
1276 4352 1332 4412 aut
1343 4345 1505 4413 conciona-

60 4433 92 4496 br
141 4435 539 4517 ιη110111111101111111
553 4440 576 4505 b
588 4439 705 4524 gradus
716 4437 788 4503 illos
800 4437 1000 4518 mentiretur,
1013 4439 1036 4504 11
1048 4435 1168 4502 reditus
1180 4440 1276 4522 atque
1289 4437 1504 4537 emolumenta

1463 4548 1504 4590 ns
