3736 4860
324 309 386 376 192
714 297 874 371 Poimen
889 295 1138 370 Eccaasrnsrrcna
1161 299 1243 368 Pras
1256 296 1282 370 I.
1307 301 1373 370 Ina
1385 291 1430 370 11.

322 494 511 560 Sanctorum
535 491 590 575 qui
613 491 697 555 iutra
712 492 838 557 &extra
853 488 1120 576 Martyrologium
1134 493 1348 566 recensentur,
1361 491 1607 572 onomatopoiae
1619 490 1641 554 tr
1653 510 1770 554 onoma·

322 585 479 649 tothesiae
491 603 552 646 non
565 580 728 657 inserviat,
743 578 828 662 prius
841 580 1078 665 despiciendum
1090 582 1174 644 esset
1185 578 1206 644 J
1209 579 1337 653 esuitis;
1350 582 1525 662 antequam
1537 577 1604 642 litis
1613 579 1771 642 nominalis

323 672 516 738 calumniam
527 668 656 734 Nostris
667 669 872 733 intentarent.
897 668 980 744 Quid
996 668 1023 734 si
1042 668 1115 751 quis
1135 667 1290 733 Nostrum
1313 667 1504 752 scripsisset,
1517 667 1602 751 quod
1613 667 1772 734 celebris&

324 763 471 827 literatus
495 759 678 842 Theologus
690 757 879 822 Parisiensis
903 757 924 822 J
926 757 978 822 oh.
1003 757 1165 822 Filesacus
1182 756 1252 822 Lib.
1267 757 1295 820 1.
1314 755 1513 821 Selectorum
1525 778 1596 840 cap.
1611 757 1641 820 3.
1658 756 1773 820 nonnus

326 850 500 917 Gentilium
514 847 691 912 infantibus
704 867 766 909 non
779 846 980 930 imponenda,
992 847 1077 929 quod
1093 846 1125 910 id
1141 846 1272 912 velitum
1288 845 1406 910 Ooncil.
1423 843 1541 908 Niceui
1554 844 1731 910 (lenonibus
1742 845 1773 908 iis

326 941 393 1004 scil.
407 939 462 1024 qui
475 961 513 1002 ex
530 935 667 1000 Arabico
680 935 760 1000 versi
778 935 936 1013 dicuntur,
949 957 1017 1000 can.
1032 935 1084 999 30.
1104 935 1239 1012 ,Fideles
1251 936 1384 1000 uomina
1398 934 1571 1000 Gentilium
1582 935 1661 1022 filii-3
1671 935 1734 1000 suis
1744 955 1774 998 ru

331 1031 525 1114 ,irreperent
538 1025 591 1091 sed
601 1025 707 1109 polius
719 1025 823 1089 clanis
835 1025 921 1089 raalio
937 1025 1190 1090 Christianorum
1203 1025 1270 1089 suia
1282 1022 1464 1088 nominibus
1478 1035 1595 1100 matur,
1606 1035 1642 1090 ut
1657 1025 1774 1090 Gentiles

332 1120 418 1197 ,aab
435 1127 582 1194 utuntur,
599 1116 826 1198 inponuntque
841 1113 974 1178 nomiae
989 1114 1253 1191 Christianorum,
1267 1112 1439 1178 anundum
1451 1111 1664 1196 Scriptorum,
1676 1114 1711 1177 in
1724 1115 1773 1178 llo·

332 1209 473 1293 ,priamo
500 1205 577 1270 Citel
589 1203 702 1268 ibidem
720 1203 944 1267 'theodoretum
955 1203 1022 1268 Lib.
1036 1203 1066 1267 8.
1078 1203 1116 1267 de
1131 1204 1237 1269 Garat.
1250 1221 1387 1288 praecor.
1404 1205 1504 1288 effect.
1518 1201 1685 1279 dicentem,
1697 1200 1774 1266 (ttri-

332 1297 470 1375 ,stianos
482 1292 687 1358 nascentibus
699 1291 774 1356 filiis
786 1292 916 1355 nomina
927 1288 1108 1375 Martyrum
1120 1292 1293 1376 imponere,
1307 1289 1354 1355 ita
1368 1291 1435 1354 illis
1447 1291 1626 1355 custodiam
1638 1291 1774 1355 tutelam-

330 1407 409 1469 ,que
422 1382 632 1448 certissimam
645 1384 875 1465 comparantes.
889 1378 1029 1445 Ridiculi
1040 1380 1195 1459 homines,
1210 1381 1265 1464 qui
1283 1379 1463 1455 Alexandri,
1477 1378 1621 1463 Pompei,
1635 1378 1774 1458 Caesaris,

331 1472 516 1558 ,Scipionis
541 1472 590 1536 tre.
614 1469 744 1534 nomina
760 1469 867 1553 pueris
883 1469 915 1532 in
929 1467 1095 1553 Baptismo
1112 1468 1304 1548 attribuunt,
1317 1491 1354 1533 ae
1366 1469 1394 1532 si
1405 1489 1498 1532 omen
1512 1467 1664 1548 indicent,
1677 1489 1774 1552 pueros

332 1564 421 1642 ,illos
444 1561 551 1638 robur,
575 1558 808 1637 fortitudinem,
832 1557 1084 1643 felicitatemque
1099 1557 1250 1622 bellicam
1262 1557 1444 1641 aliquando,
1457 1556 1587 1621 illorum
1599 1557 1775 1634 imitatione,

332 1652 530 1735 ,adepturos
555 1647 598 1712 111
617 1651 701 1712 certe
721 1647 899 1730 persimiles
916 1646 1061 1712 homines
1073 1647 1112 1710 iis
1129 1645 1338 1723 Parentibus;
1356 1646 1412 1731 qui
1427 1649 1463 1710 ut
1479 1646 1597 1710 liberos
1614 1645 1775 1710 diutissime

332 1741 488 1820 ,victuros
512 1741 688 1822 sperarent,
712 1736 762 1799 rel
786 1736 902 1800 saltem
925 1735 987 1799 sibi
1003 1736 1242 1820 persuaderent,
1254 1734 1392 1799 infantes
1405 1734 1501 1819 ipsos,
1515 1756 1579 1798 non
1591 1735 1654 1799 nisi
1668 1739 1686 1799 a
1701 1735 1776 1798 valde

332 1827 515 1914 ,longaevis
530 1827 564 1890 in
584 1825 752 1908 Baptismo
768 1824 886 1908 suscipi
902 1825 1065 1903 curabant,
1083 1845 1162 1908 quos
1181 1823 1295 1888 merito
1314 1824 1397 1889 ridet
1416 1825 1656 1911 chrysostomus
1675 1823 1775 1890 Hamil.
1844 1843 1846 1848 ·

332 1920 404 1998 ,12.
417 1919 453 1983 in
465 1916 637 2000 Epictetum
655 1914 684 1978 1.
697 1912 741 1979 cd
755 1913 893 1979 Corinth.
918 1911 1081 1978 Hactenus
1093 1912 1267 1978 Filesacus.

373 2010 403 2072 4.
430 2008 554 2089 (luceat.
570 2005 619 2069 An
631 2004 764 2069 nornine
774 2015 848 2068 aare
860 2003 1074 2087 Baptiamum,
1086 2014 1141 2068 (1111
1154 2003 1190 2067 in
1202 2003 1367 2087 Bupliemo
1375 2003 1523 2087 deposita
1542 2003 1607 2068 aiat
1619 2001 1778 2067 minando?
1844 2009 1846 2070 ὲ

329 2100 420 2182 Hesp.
437 2099 465 2161 1.
480 2095 581 2161 Concl.
595 2091 669 2157 Non
681 2113 750 2156 esse
762 2091 907 2157 absolute
918 2091 1079 2170 illicitum,
1091 2113 1207 2156 nomen
1219 2095 1354 2170 mutare,
1368 2095 1493 2156 constet
1506 2114 1544 2156 ex
1552 2093 1776 2156 mutationeno·

329 2186 424 2264 minis
441 2184 560 2249 Atrum
571 2182 605 2245 in
618 2181 790 2260 Abraham,
802 2179 892 2246 Jacob
904 2179 937 2244 in
949 2181 1058 2258 Israel,
1075 2180 1194 2247 Saulus
1205 2180 1239 2244 in
1254 2181 1388 2247 Paulas.
1414 2182 1444 2248 2.
1461 2181 1557 2246 cenet.
1570 2179 1619 2244 De
1630 2181 1775 2245 nominum

330 2274 539 2340 absurdarum
563 2273 586 2336 dr
609 2271 693 2334 male
718 2270 909 2348 sonantium,
935 2271 1122 2353 praesertim
1148 2269 1188 2334 ab
1200 2269 1285 2333 idolo
1298 2273 1354 2334 aut
1365 2270 1518 2334 daemone
1531 2267 1775 2334 desumtorumin

312 2364 318 2376 '
331 2362 521 2428 Gentilismo
533 2359 757 2443 impositorum
770 2359 947 2423 mutatione
963 2358 1222 2444 distinguendum
1235 2362 1293 2423 est.
1309 2357 1437 2422 Adultis
1451 2359 1535 2422 enim
1545 2355 1775 2442 baptizandis,si

330 2450 516 2517 devenerint
529 2449 563 2513 in
586 2451 778 2532 potestatem
802 2444 1012 2512 Dominarum
1025 2446 1290 2526 Christianorum,
1305 2449 1328 2512 dr
1341 2451 1361 2511 a
1372 2447 1572 2532 cognatione,
1586 2447 1720 2525 civitate,
1734 2465 1774 2508 re

332 2542 437 2627 gione,
461 2543 557 2625 gente
581 2560 639 2601 sua
662 2538 702 2601 ad
714 2537 812 2601 aliam
824 2536 973 2601 translati
985 2535 1060 2615 sint,
1072 2537 1202 2601 nomina
1214 2536 1376 2600 commode
1389 2535 1510 2620 imponi
1522 2540 1665 2622 possunt,
1677 2534 1776 2619 quibus

333 2631 453 2716 absque
469 2626 663 2693 confusionis
675 2625 873 2691 incommodo
886 2629 942 2690 aut
954 2624 1094 2709 periculo
1108 2625 1316 2709 inposterum
1329 2624 1477 2689 distincte
1490 2623 1700 2690 nominentur.
1722 2621 1774 2686 lm·

333 2717 499 2804 positionis
508 2718 561 2800 jus
573 2714 720 2780 Dominis
736 2713 926 2780 Christianis
941 2736 1005 2778 non
1017 2714 1123 2778 minus
1139 2713 1301 2798 competit,
1315 2735 1411 2798 qnam
1425 2711 1606 2778 Gentilibus
1620 2711 1775 2778 Romanis:

333 2810 371 2873 de
383 2829 517 2892 quorum
530 2804 757 2870 consuetudine
765 2804 798 2868 in
807 2803 968 2868 mutandis
977 2825 1139 2868 servorum
1148 2805 1170 2869 11
1179 2803 1367 2882 libertorum
1374 2801 1557 2868 nominibus
1566 2803 1722 2888 Pbilclogi,
1731 2799 1775 2883 qni

332 2899 370 2962 de
381 2897 484 2962 Seruis
497 2897 763 2960 commentantur.
788 2891 936 2956 Meminit
947 2891 1045 2956 ctiam
1058 2892 1199 2976 ejusdem
1212 2890 1309 2956 moris
1326 2891 1371 2958 ct
1411 2903 1567 2958 eoawmaa
1580 2892 1616 2956 in
1630 2891 1736 2959 Honn'l.
1747 2889 1776 2953 de

333 2987 472 3072 [mendis
491 2984 667 3070 reprehens.
693 2982 724 3049 e·
744 2982 841 3049 Pauli
856 3001 993 3047 conum.
1018 2978 1080 3046 Sed
1093 2981 1119 3045 si
1135 2981 1217 3046 tales
1229 2980 1372 3045 conversi
1415 2980 1528 3046 entiles
1543 2981 1577 3044 in
1603 2981 1709 3046 eidem
1730 3000 1776 3042 co-

333 3075 495 3161 gnatione,
508 3077 565 3137 aut
577 3073 717 3151 civitate,
734 3070 891 3150 districtu,
909 3070 1038 3156 regione
1050 3069 1192 3134 mansuri
1205 3072 1322 3148 essent,
1336 3069 1388 3134 vix
1401 3069 1470 3134 sine
1482 3069 1591 3154 aliquo
1603 3066 1776 3134 confusionis

332 3163 540 3241 incommodo,
553 3161 683 3226 nomina
698 3161 732 3223 in
747 3159 914 3244 Baptismo
925 3159 991 3223 illis
1005 3159 1127 3244 imponi
1138 3162 1279 3244 possent,
1292 3158 1409 3242 quibus
1420 3159 1453 3224 in
1469 3164 1634 3243 posterum
1650 3157 1776 3222 nomina·

333 3257 452 3329 rentur,
477 3251 638 3316 veteribus
662 3249 809 3324 abolitis;
833 3248 950 3332 quibus
969 3249 1037 3332 jam
1059 3247 1132 3312 inde
1152 3247 1191 3312 ab
1205 3247 1342 3312 infantia
1353 3269 1411 3331 per
1425 3251 1475 3312 tot
1485 3269 1587 3312 annos
1598 3243 1777 3312 nominati&

333 3342 401 3407 noti
424 3341 565 3406 fuerunt.
589 3339 632 3403 llt
655 3360 783 3404 causam
796 3337 934 3402 arbitror
948 3337 1058 3417 fuisse,
1075 3338 1177 3401 curin
1190 3337 1260 3421 ipsa
1275 3337 1450 3421 apostolica
1463 3337 1606 3401 Ecclesia
1618 3333 1776 3400 nominain

335 3430 525 3497 (lentilismo
537 3430 577 3494 ab
589 3428 683 3494 idolis
696 3429 850 3505 desumto,
864 3427 929 3491 sint
939 3429 1074 3503 retenta,
1088 3425 1197 3509 qualia
1209 3427 1335 3511 Apollas
1347 3426 1448 3490 Actor.
1465 3427 1517 3491 19.
1528 3445 1557 3490 υ.
1572 3427 1601 3489 1.
1615 3427 1708 3490 euml
1722 3426 1777 3489 Cor.

336 3523 364 3584 1.
378 3541 407 3585 o.
423 3522 473 3584 12.
487 3519 510 3583 dr
527 3519 556 3582 3.
572 3539 601 3582 υ.
616 3519 646 3580 3.
661 3518 690 3580 4.
706 3518 840 3582 Hermae
853 3516 944 3602 [pag.
959 3515 1039 3602 722]
1053 3517 1143 3581 Rern.
1159 3515 1209 3581 16.
1221 3536 1251 3580 υ.
1267 3515 1318 3578 14.
1338 3515 1440 3580 anaa
1461 3515 1518 3580 ru.
1532 3517 1563 3580 3.
1575 3535 1606 3580 υ.
1622 3516 1672 3579 la.
1688 3511 1778 3577 Mute-

334 3611 454 3674 tionem
465 3606 602 3672 nominis
614 3605 815 3690 baptismalis
828 3605 861 3668 in
873 3604 1019 3689 ingressu
1033 3603 1072 3668 ed
1084 3604 1320 3682 monachatum,
1334 3605 1476 3689 &(quam
1484 3604 1619 3668 advocat
1632 3603 1779 3670 Vioecomes

333 3699 384 3765 lib.
409 3700 439 3762 2.
463 3719 489 3763 c.
515 3697 578 3776 13.)
601 3695 635 3759 in
659 3695 841 3760 ascensione
865 3694 904 3757 ad
928 3694 1033 3758 sedem
1054 3692 1274 3760 Pontificalem
1291 3691 1469 3776 Papamm3
1486 3693 1743 3778 &Apostatamm
1753 3690 1779 3752 in

333 3788 471 3853 transitu
490 3789 515 3850 a
537 3788 612 3850 vert
635 3785 674 3848 ad
697 3782 892 3867 Papistioam
916 3782 1104 3867 religionem
1129 3781 1339 3849 &Ecclesiam
1352 3785 1393 3866 (e.
1407 3803 1455 3867 gr.
1468 3782 1625 3848 Samsselia
1639 3775 1781 3847 Cudsemii

339 3875 531 3942 Vesaliensis
550 3875 583 3939 in
599 3872 685 3941 Petri
692 3898 701 3937 ,·
718 3873 756 3937 de
768 3893 831 3956 quo
845 3871 999 3937 Bromius
1011 3871 1044 3935 in
1058 3871 1212 3938 Examina
1223 3871 1412 3956 Despnatoe
1423 3891 1535 3938 musae
1549 3872 1673 3937 Calbim
1684 3865 1781 3934 acuu-

334 3967 433 4031 semio
457 3963 586 4046 editae),
609 3962 678 4027 sine
700 3961 825 4026 ratione
849 3961 918 4025 fieri
941 3960 1087 4025 dicimus.
1111 3958 1146 4025 Si
1159 3959 1376 4024 Ecclesiastici
1392 3959 1587 4024 autPolitici
1606 3959 1780 4026 reformatae

334 4055 498 4140 religionis
522 4075 594 4118 cum
611 4051 789 4116 mutatione
801 4053 904 4114 status
920 4053 1083 4113 mutarent
1094 4049 1234 4128 nomina,
1247 4048 1388 4113 dicerent
1399 4047 1482 4113 forte
1495 4048 1667 4128 Pontificii,
1680 4043 1779 4128 ejurari

334 4143 544 4227 Baptismum.
563 4139 798 4226 Imperatorum
817 4137 1000 4203 Sinensium
1015 4137 1049 4202 in
1069 4137 1158 4203 aditu
1175 4137 1303 4222 imperii
1314 4139 1439 4202 mutata
1450 4137 1582 4202 nomina
1589 4139 1657 4222 jam
1670 4137 1735 4200 inde
1747 4131 1780 4196 ab

334 4254 364 4298 a.
378 4233 473 4294 1122.
487 4233 560 4295 ante
572 4229 699 4294 nativit.
716 4228 836 4294 Christi
848 4228 899 4313 (de
911 4249 974 4311 quo
989 4249 1077 4292 more
1089 4226 1111 4291 J
1113 4227 1215 4291 esuita
1228 4227 1386 4292 Martinus
1398 4227 1433 4291 ia
1445 4227 1563 4292 Hister.
1577 4227 1681 4293 Sinicd
1690 4225 1746 4291 Lib.
1755 4222 1778 4282 4.

335 4343 403 4406 cup.
426 4321 484 4404 1.),
498 4319 581 4382 forte
593 4318 750 4382 rationem
762 4317 884 4380 habent
895 4317 1088 4400 peculiarem
1101 4319 1124 4382 tr
1137 4316 1310 4399 politicam.
1335 4315 1397 4380 Sed
1412 4315 1473 4379 hoc
1485 4315 1568 4379 nihil
1582 4314 1661 4381 facit
1674 4315 1709 4379 ad
1721 4331 1779 4376 mn·

302 4451 309 4463 ι
335 4410 491 4474 tationem
513 4407 678 4472 nominum
701 4405 942 4491 baptismalium
966 4404 1157 4471 Christianis
1181 4404 1359 4471 infantibus
1375 4405 1663 4489 impositorum,ob
1676 4403 1777 4468 aditum

1685 4509 1777 4558 mona·
