3736 4860
346 289 457 355 Taren.
470 289 511 355 ll.
537 289 623 356 Sacc.
637 290 696 357 ΠΙ.
719 292 768 356 Da
781 290 1061 357 Anurrusrarrronr
1075 293 1233 358 Brrrrsm.
1257 293 1327 358 Otr.
1342 293 1384 360 Il.
1540 297 1599 360 151

130 475 271 552 inianas,
284 477 335 540 tre.
346 477 489 560 excipere
498 477 600 541 liceat:
611 479 729 559 Quaem
740 499 798 554 nte,
807 481 977 563 qaaejastc'
992 481 1109 545 decreta
1119 491 1206 564 pato,
1219 501 1256 544 ea
1267 481 1434 546 dictamine
1444 483 1601 546 conscicrt·

130 564 329 629 ttaccardati
342 567 513 642 tricenalis
526 586 676 631 namnet
690 567 774 630 caim
790 588 839 630 rac
850 569 1030 651 mancipavi
1041 569 1239 634 raattitadini
1250 571 1318 643 atti,
1332 571 1386 634 sed
1400 571 1459 634 ani
1469 570 1601 635 ventati.

177 650 284 716 XVII.
311 654 434 736 Quaest.
459 653 511 718 Art
534 655 677 740 Infantes
695 655 948 722 Christianorum
959 669 1031 722 ante
1044 659 1255 740 Baptismam,
1268 659 1331 723 sint
1344 659 1466 722 dicendi
1478 658 1601 724 Ettnict

130 761 187 804 scu
203 741 354 808 Gazetae?
367 743 457 826 Hesp.
470 741 641 806 (trassatur
652 743 704 807 hic
717 765 804 807 error
816 744 978 828 popularis
990 745 1023 809 in
1037 745 1170 828 Papatu.
1185 744 1276 810 Unde
1287 747 1419 830 phrases
1432 747 1517 824 illae,
1531 747 1601 832 qui·

129 829 192 894 bas
216 829 418 913 Baptismum
436 831 600 910 denotant,
615 853 653 896 cc
665 832 795 898 Ethnico
807 835 907 917 secere
923 831 1150 912 Citristiaama,
1164 835 1323 918 Infantem
1339 835 1602 922 Christianificare

4 927 5 930 ’
129 941 187 981 seu
202 916 417 984 Christianam
429 919 1057 1008 [1111011111υῶ1111ῐί111111111111111
1070 923 1162 1006 tort).
1173 921 1334 998 Quomodo
1343 923 1364 986 J
1366 923 1458 987 udaei
1466 923 1600 988 circum-

129 1005 285 1070 cisionem
308 1029 398 1072 suam
422 1008 587 1091 appellant
608 1007 799 1096 dadailicarc
822 1010 1015 1094 (germanice
1038 1009 1199 1097 dubietas)
1237 1010 1427 1076 Hincetiam
1440 1011 1600 1076 fabulade

128 1096 380 1160 commutatione
403 1097 508 1180 capilli
531 1097 664 1172 atltnici‚·
686 1097 735 1161 uti
758 1100 922 1182 appellant
944 1099 1098 1182 primulos
1122 1100 1190 1164 nati
1214 1099 1351 1164 Infantis
1375 1100 1516 1183 capillos,
1545 1101 1600 1186 qui

128 1187 245 1266 postea
256 1184 414 1267 paulatim
423 1189 599 1250 mutantur.
612 1183 725 1250 Ortum
739 1210 831 1251 suum
845 1187 942 1252 habet
954 1187 1005 1251 hic
1018 1211 1104 1252 error
1116 1212 1154 1252 ex
1166 1188 1308 1253 doctrinis
1319 1188 1448 1271 publica
1460 1189 1498 1252 de
1512 1187 1599 1273 Bap-

128 1272 222 1336 tismi
247 1271 390 1337 absoluti
415 1274 603 1338 necessitate
623 1275 800 1340 &efficacit
812 1276 844 1339 in
858 1275 995 1339 tollendo
1006 1281 1135 1359 peccato
1151 1275 1316 1360 originali:
1330 1277 1368 1340 de
1380 1280 1466 1340 statu
1478 1277 1600 1359 peccati

128 1367 207 1424 ante
231 1359 432 1444 Baptismum
455 1362 493 1426 de
517 1361 653 1426 Infantis
676 1363 796 1448 absque
813 1363 989 1448 Baptismo‚
1002 1365 1173 1428 unicoscil.
1187 1363 1268 1428 labis
1284 1364 1437 1450 orginalis
1449 1365 1598 1444 remedio,

128 1449 314 1514 decedentis
338 1451 551 1529 damnatione,
572 1455 628 1515 aut
648 1450 761 1516 saltem
782 1452 960 1536 privatione
980 1453 1198 1517 beatitudinis.
1223 1451 1345 1528 Quibus
1367 1451 1599 1536 hypothesibus

128 1538 375 1620 superstruitur,
397 1539 512 1603 saltem
528 1539 705 1622 superstrui
726 1540 855 1604 deberet
873 1541 1003 1625 negatio
1023 1543 1207 1624 sepulturae
1224 1541 1256 1604 in
1269 1541 1347 1616 loca,
1362 1545 1399 1606 ut
1412 1546 1534 1620 vocant,
1547 1565 1599 1606 sa-

128 1647 195 1690 cro.
219 1623 383 1711 Siquidem
407 1627 483 1692 solis
504 1627 668 1694 Fidelibus
684 1650 740 1692 seu
752 1629 923 1712 baptizatis
936 1629 996 1694 hoc
1007 1630 1170 1713 competit,
1188 1630 1361 1694 secundum
1372 1630 1598 1696 Canouistas&

128 1713 306 1779 Gasuistas.
332 1713 414 1778 Vide
436 1717 588 1782 Benacin.
602 1719 624 1782 1
637 1716 784 1801 811ἰέ311.
797 1717 830 1781 in
843 1739 918 1781 voce
930 1718 1109 1802 Sepultura.
1123 1716 1185 1783 Sed
1197 1721 1301 1782 totum
1313 1718 1373 1782 hoc
1384 1724 1597 1783 commentum
1707 1747 1709 1752 ’

128 1801 168 1865 de
187 1801 388 1868 Ethnicismo
406 1827 463 1869 seu
475 1804 730 1870 aehristianismo
743 1805 902 1870 refellitur
914 1829 953 1870 ex
969 1814 996 1869 l.
1013 1807 1151 1872 Corinth.
1167 1809 1194 1871 t.
1212 1807 1312 1872 Actor.
1331 1809 1360 1870 2.
1373 1807 1483 1872 Erech.
1499 1807 1550 1872 16.
1564 1805 1599 1871 Si

128 1889 218 1954 enirn
231 1889 383 1956 Parentes
396 1892 527 1957 Ethnici
543 1893 652 1958 audire
667 1893 780 1968 nolint,
794 1917 848 1958 cur
861 1893 1015 1972 Infantes,
1029 1897 1081 1960 iro.

175 1977 299 2044 XVIII.
326 1981 449 2062 Qrtacst.
474 1982 524 2047 An
546 1982 655 2047 attint
677 2003 715 2047 aa
726 1983 905 2069 infidelitas
916 1995 972 2047 aat
988 1983 1044 2048 sab
1058 1984 1186 2048 nominc
1200 1983 1369 2070 christiano
1382 1983 1540 2049 haereticis
1552 1996 1599 2048 at-

127 2089 191 2154 quc
213 2069 386 2135 idolotatria
413 2071 489 2147 nati,
506 2071 548 2136 ad
560 2070 764 2154 Baptismam
778 2072 901 2137 admitti
910 2072 1031 2154 possint
1043 2073 1157 2158 absque
1168 2073 1269 2138 debiti
1281 2072 1355 2159 lida
1366 2071 1397 2138 dt
1407 2095 1534 2138 anacam
1546 2095 1599 2136 en-

128 2158 327 2240 ptoratt'ane?
350 2159 440 2242 Hesp.
466 2161 539 2242 Nep.
564 2159 645 2234 Quia
661 2159 688 2224 si
701 2183 738 2224 ex
751 2160 936 2244 parentibus
949 2159 1131 2224 infidelibus
1143 2161 1212 2224 nati
1227 2165 1316 2236 sunt;
1329 2183 1392 2224 non
1404 2164 1509 2245 potest
1521 2161 1598 2244 ipsis

128 2249 287 2330 tanquam
298 2246 468 2312 foederatis
480 2247 658 2312 communio
670 2247 805 2312 foederis
821 2249 945 2332 gratiae
957 2247 1130 2332 obsignari,
1144 2249 1205 2312 nisi
1218 2249 1377 2314 doctrinae
1390 2253 1412 2316 1
1424 2251 1508 2314 vitae
1524 2272 1599 2333 pro-

128 2332 268 2398 fessione
291 2337 459 2400 ostendant
481 2359 515 2400 se
530 2358 594 2400 non
610 2359 682 2425 esse⁸
694 2340 713 2400 ia
725 2336 850 2402 foedere
862 2337 991 2401 alienos¹
1004 2337 1062 2402 Sin
1077 2359 1148 2402 vcro
1160 2337 1395 2422 expetentibus
1407 2337 1598 2404 Christianis

128 2422 195 2486 orti
211 2422 286 2501 sint,
299 2425 322 2489 tr
335 2425 598 2510 qualemcumque
614 2425 703 2489 illam
716 2426 838 2490 externi
854 2425 989 2490 foederis
1002 2425 1255 2490 communionem
1267 2430 1323 2490 aut
1334 2425 1472 2503 ἀσπόνδῳ
1484 2427 1598 2491 erroris

128 2511 379 2578 fundamentalis
403 2517 443 2598 (e.
467 2535 516 2597 gr.
529 2513 669 2592 Arriani,
682 2517 738 2577 aut
754 2513 949 2591 Photiniani,
963 2514 1053 2599 [pag.
1068 2514 1149 2600 670]
1163 2514 1227 2597 ito.)
1239 2513 1434 2598 professione
1446 2518 1501 2578 aut
1512 2515 1597 2580 vitae

128 2600 320 2685 profligatae
343 2602 501 2680 scandalo,
526 2607 680 2687 quantum
704 2602 737 2666 in
754 2625 787 2666 se
799 2607 858 2681 est,
871 2603 1060 2666 subruerent
1072 2605 1168 2688 atque
1181 2602 1395 2688 abnegarent:
1410 2602 1520 2688 utique
1533 2625 1597 2667 non

128 2688 223 2753 rideo
244 2689 295 2754 cui
319 2689 400 2754 bono
424 2691 564 2774 ipsorum
577 2695 633 2754 aut
648 2696 711 2776 qua
723 2713 795 2755 cum
811 2690 971 2756 Ecclesiae
988 2691 1206 2756 aedificatione
1222 2691 1400 2774 baptismus
1416 2690 1504 2774 ipsis,
1521 2696 1596 2755 ante

128 2777 265 2842 actualis
277 2777 513 2862 resipiscentiae
524 2779 763 2863 professionem,
774 2780 980 2845 conferretur.

176 2864 263 2930 XIX.
289 2868 413 2949 Quaest.
433 2867 483 2933 An
496 2889 603 2932 omnes
615 2867 717 2933 adniti
728 2868 770 2933 ad
783 2867 1171 2952 Baptismnmpraemissa
1185 2867 1297 2954 fidciti
1315 2887 1441 2932 amram
1452 2871 1596 2952 captoru-

129 2958 222 3032 tiane‚
235 2958 302 3022 aad
313 2957 356 3022 ad
370 2977 497 3022 coenam
509 2957 703 3034 admittendi,
716 2968 772 3022 aat
787 2957 824 3020 de
835 2957 915 3041 facto
926 2957 1059 3022 adscissi
1071 2957 1309 3040 intelligantur?
1322 2957 1413 3039 Hesp.
1428 2957 1500 3040 Nep.
1513 2955 1596 3021 Sunt

129 3049 216 3126 enim
229 3068 266 3108 er
279 3044 459 3110 infidelibus
475 3048 531 3109 aut
541 3067 580 3109 ex
592 3044 842 3129 Anabaptisticis
853 3045 1039 3129 parentibus
1051 3045 1129 3124 nati,
1143 3044 1199 3129 qui
1211 3044 1266 3107 ubi
1278 3045 1318 3108 ad
1329 3066 1428 3107 annos
1440 3045 1595 3126 pueritiae

128 3136 342 3218 pervenerInt,
365 3134 389 3198 1
407 3133 556 3198 mediocri
569 3134 677 3219 aliqua
688 3132 868 3218 cognitione
881 3133 952 3198 fidei
966 3133 1092 3209 imbuti,
1106 3155 1163 3196 nec
1178 3131 1320 3196 moribus
1332 3132 1479 3216 improbi,
1493 3133 1594 3218 siqui·

129 3223 203 3286 dem
227 3222 288 3306 ipsi
310 3225 423 3306 petant
445 3226 501 3286 aut
523 3222 731 3300 consentiant,
755 3223 795 3286 ad
818 3221 1020 3306 Baptismum
1043 3219 1169 3285 admitti
1181 3225 1329 3305 possunt:
1344 3243 1422 3306 quos
1435 3223 1594 3286 tamenad

129 3333 224 3375 usum
237 3333 352 3376 coenae
365 3311 576 3376 admittendos
588 3332 651 3375 non
663 3314 829 3394 putamus:
843 3309 906 3375 nisi
917 3309 1056 3375 uberiori
1067 3309 1248 3395 cognitione
1259 3309 1407 3374 instructi
1419 3309 1442 3372 tt
1453 3309 1594 3375 lubricae

130 3400 292 3465 aetatulae
316 3421 414 3464 annos
437 3397 634 3483 supergressi
656 3399 809 3482 majorem
832 3399 974 3484 aliquam
989 3399 1027 3464 de
1039 3396 1214 3482 compositi
1226 3402 1284 3463 sut
1296 3397 1329 3462 in
1341 3397 1401 3462 fide
1417 3397 1593 3463 &moribus
1609 3473 1613 3481 .

128 3488 308 3554 constantiis
330 3487 597 3572 exspectationem
618 3487 774 3551 concitare
787 3487 917 3570 possint.
941 3485 1027 3553 Usus
1039 3509 1153 3552 coenae
1169 3487 1372 3570 peculiariter
1383 3486 1594 3572 praerequirit

128 3578 211 3642 illud
227 3580 255 3641 l.
268 3576 409 3641 Corinth.
426 3577 476 3638 11.
489 3600 519 3640 v.
536 3575 588 3640 28.
600 3577 746 3659 capara
758 3576 850 3642 tomo
861 3577 1011 3660 aripenno,
1022 3588 1114 3662 atqne
1125 3577 1169 3641 ita
1180 3577 1218 3640 de
1227 3597 1310 3653 panc
1322 3577 1383 3653 illo,
1397 3575 1447 3642 tac„
1459 3573 1594 3639 Posscnt

129 3667 230 3732 etiarn
252 3665 333 3730 tales
355 3685 446 3730 casus
468 3664 615 3744 incidere,
639 3666 675 3727 ut
698 3664 770 3748 quis
792 3665 859 3728 vite
882 3663 1112 3748 inculpatus&
1135 3668 1264 3748 paratus
1277 3664 1350 3728 fidei
1363 3662 1592 3728 confessionem

1 3817 2 3838 ,
129 3755 224 3820 edere
243 3754 276 3817 in
289 3753 518 3838 principalibus
530 3752 604 3817 fidei
615 3756 742 3816 nostrae
755 3752 968 3838 dogmatibus,
987 3753 1019 3816 in
1035 3753 1141 3817 minus
1153 3752 1383 3836 principalibus
1395 3755 1502 3815 tamen
1516 3751 1588 3836 qui-

1 3865 2 3936 3
129 3843 265 3908 busdam
288 3841 470 3927 ignorantia
486 3841 552 3905 sive
565 3845 661 3924 putas
676 3840 856 3925 negationis
869 3841 935 3905 sive
946 3862 1063 3924 pravae
1076 3839 1290 3924 dispositionis
1304 3839 1406 3904 adhuc
1418 3838 1589 3918 laboraret,

1 3941 2 3954 ¹
129 3935 187 3996 aut
211 3930 275 3995 alio
298 3929 409 4016 quovis
433 3929 581 4014 scrupulo
598 3951 666 4007 suo,
683 3933 739 3993 aut
753 3929 842 3995 obice
854 3929 982 3994 aliunde
995 3931 1117 4012 objecto
1129 3928 1336 4012 impediretur
1349 3931 1384 3992 ut
1396 3927 1536 3991 nondum
1551 3928 1591 3992 ad

1 4079 2 4110 ,
129 4041 261 4085 coenam
273 4017 416 4104 proxime
429 4017 722 4096 administrandam,
736 4039 934 4083 accessurum
946 4039 989 4096 se,
1002 4017 1198 4101 promittere,
1211 4020 1268 4080 aut
1280 4015 1422 4080 Ecclesia
1435 4037 1508 4080 eum
1520 4020 1590 4080 tuto

1 4119 2 4188 ᾖ
129 4109 153 4174 ia
169 4109 291 4193 absque
302 4107 450 4172 scandalo
462 4108 503 4173 ad
515 4128 585 4170 eam
597 4105 733 4170 invitare
745 4111 842 4192 atque
854 4105 1021 4172 admittere
1038 4109 1153 4190 posset.
1178 4104 1262 4180 Quid
1273 4103 1301 4170 si
1312 4109 1420 4168 tamen
1432 4104 1507 4168 talis
1518 4105 1588 4168 nol·

129 4197 176 4262 let
197 4195 394 4280 baptismum
417 4218 520 4274 suum,
544 4194 733 4278 praesertim
755 4195 795 4259 ob
819 4193 1019 4258 imminentia
1033 4193 1122 4272 belli,
1138 4192 1362 4278 navigationis,
1375 4193 1474 4276 pestis
1487 4193 1588 4258 aliave

130 4285 274 4370 pericula
296 4283 416 4350 diutius
428 4283 565 4349 differri:
583 4305 624 4346 an
635 4283 847 4368 repudiandus
860 4285 968 4348 esset?
980 4281 1054 4348 Non
1071 4281 1218 4346 arbitror.
1232 4280 1302 4346 Hoc
1314 4282 1429 4346 saltem
1445 4281 1588 4366 requira-

128 4378 192 4450 tur,
213 4377 250 4437 ut
261 4373 428 4460 promittat
440 4395 473 4437 se
486 4371 619 4442 docilem
635 4369 713 4453 iore,
726 4395 762 4437 ac
773 4395 836 4437 non
848 4371 1041 4460 quieturum,
1057 4371 1153 4435 donec
1166 4371 1199 4434 in
1212 4369 1358 4436 omnibus
1370 4369 1587 4524 Eccleqliarpm

1493 4479 1528 4522 oc
1546 4479 1587 4522 rr·
