3736 4860
708 267 868 348 Ponmrcm
883 281 1132 347 Eccnusnsrrcm
1144 269 1224 345 Pras
1238 277 1263 348 l.
1286 267 1351 344 Lm.
1365 267 1407 346 ll.

790 468 954 534 Jodicicm
980 467 1308 554 Zupdbollandcrum.

965 646 1145 729 Quaeritur,

360 739 430 810 ‚nlo
440 738 533 821 pueri
547 759 585 801 ec
599 736 791 804 Parentibus
804 735 944 801 Etboicis
959 736 1036 812 acti,
1059 733 1090 800 d·
1108 735 1180 818 jum
1195 735 1215 796 rt
1229 733 1416 800 Christianis
1427 734 1540 799 odanti
1551 733 1586 797 ia
1597 754 1673 798 sture
1681 732 1766 817 sccii·

319 828 405 904 ,liua
423 827 486 890 sint
499 826 694 910 baptizandi,
708 826 736 890 si
747 827 802 910 qni
814 846 863 890 eos
876 828 1016 910 afferam
1032 823 1250 906 baptizandos,
1262 823 1468 910 fide-jadeum
1477 844 1509 888 sc
1520 843 1570 886 ros
1586 823 1621 886 iu
1632 822 1765 907 reliqioce

318 913 521 992 „Christiana
536 915 725 980 adoraturos
741 925 797 980 aut
809 913 989 979 educandus
1001 913 1200 978 curaturoa.”

315 1072 317 1078 ,
558 1059 561 1064 .
1003 1002 1094 1084 Resp.

367 1091 676 1176 ,Praesupponimns
689 1092 801 1177 quaeri
814 1092 851 1155 de
864 1090 976 1155 Pueris
990 1089 1045 1173 qui
1058 1093 1114 1153 aut
1130 1092 1260 1173 propter
1275 1094 1414 1154 aetatem
1426 1087 1697 1174 autignorantiam
1707 1086 1761 1150 lin·

319 1202 419 1266 ,guae
431 1203 495 1246 non
507 1184 639 1265 possunt
654 1181 754 1245 ullam
766 1179 840 1244 fidei
852 1177 1082 1263 professionem
1095 1178 1204 1242 edere:
1219 1180 1242 1243 b
1258 1179 1494 1262 respondemus,
1509 1199 1580 1242 cum
1593 1175 1764 1260 Baptismus

319 1269 379 1348 ,sit
390 1270 533 1354 sigillum
549 1269 696 1350 foederis,
712 1269 847 1352 ideoque
860 1269 899 1332 ad
915 1267 1032 1331 liberos
1045 1265 1203 1331 Fidelium
1215 1271 1340 1330 tantum
1355 1267 1524 1351 pertineat,
1535 1287 1598 1329 uon
1615 1287 1681 1329 esse
1694 1263 1765 1328 Eth-

319 1358 480 1436 ,nicorum
492 1358 609 1422 liberos
622 1358 828 1442 baptizandos
845 1356 907 1421 nisi
922 1360 996 1420 ante
1008 1356 1180 1419 doceantur
1196 1355 1269 1418 fidei
1282 1355 1510 1438 professionem
1522 1353 1647 1418 facere:
1665 1351 1764 1435 Neque

320 1446 404 1524 ,ulla
425 1469 535 1511 earum
560 1446 720 1511 rationum
737 1467 818 1529 quae
842 1449 859 1510 b
872 1443 1036 1527 Scriptura
1048 1465 1137 1508 sacra
1149 1443 1337 1507 adferuntur
1349 1467 1406 1528 pro
1422 1443 1590 1527 Baptismo
1604 1439 1765 1506 Infantium

320 1538 355 1613 ,e
379 1534 542 1599 Fidelibus
555 1534 747 1600 Parentibus
763 1538 911 1598 natorum
935 1532 1006 1596 Act.
1025 1534 1055 1597 2.
1070 1533 1123 1596 39.
1148 1533 1234 1597 Vobis
1254 1531 1284 1596 a
1306 1533 1411 1598 liberis
1434 1533 1543 1598 matris
1557 1531 1693 1615 sacmeel
1703 1549 1766 1612 pro-
1831 1559 1835 1569 ·

320 1624 446 1701 ,scissio
470 1622 563 1688 Rom.
591 1625 641 1687 11.
665 1624 716 1686 16.
742 1623 833 1706 Quod
856 1623 884 1688 ai
898 1619 1041 1688 delibatio
1058 1633 1167 1686 sancto
1178 1632 1232 1698 est,
1245 1619 1277 1686 a·
1288 1641 1413 1701 musso,
1427 1620 1458 1686 a·
1469 1621 1497 1686 si
1508 1619 1603 1684 radia
1619 1629 1730 1696 sunau,
1743 1615 1767 1682 d·

320 1713 431 1791 ,romi
451 1713 466 1775 1
486 1711 556 1776 Oor.
572 1713 601 1776 7.
619 1711 670 1776 14.
686 1713 903 1799 Sanctificatus
918 1723 961 1776 eal
976 1731 1009 1774 a.
1031 1710 1083 1775 Vir
1098 1710 1233 1797 infidelia
1242 1731 1301 1793 per
1315 1711 1478 1775 illutierem
1492 1710 1629 1796 fidelem:
1641 1707 1767 1792 alioquin

321 1802 398 1890 ,filii
423 1802 516 1866 vestri
539 1801 699 1866 irracundi
714 1812 822 1875 essent,
846 1820 932 1866 cunc
943 1821 973 1864 a.
990 1801 1092 1865 suncti
1107 1810 1201 1874 sluaa·
1217 1798 1306 1862 nulla
1318 1799 1452 1864 dicimus
1465 1798 1594 1861 illarum
1606 1796 1708 1861 locum
1719 1795 1767 1858 ha·

310 1891 394 1968 ,bet
406 1889 438 1953 in
452 1889 562 1954 liberis
574 1888 794 1954 Ethnicorum.

367 1977 468 2056 ,Quin
484 1979 582 2042 etiam
594 1981 766 2061 perpetuus
780 2000 855 2042 usus
867 1977 900 2041 in
912 1976 1056 2042 Ecclesia
1072 1974 1257 2041 Christiana
1270 1974 1461 2061 refragatur,
1475 1995 1557 2059 quae
1570 1972 1767 2038 Ethuicomm

290 2125 293 2129 .
322 2067 456 2145 ,liberos
478 2067 512 2130 in
528 2065 828 2131 catechumenorum
845 2066 953 2130 ordine
970 2065 1058 2149 prius
1081 2065 1246 2130 inst'tutos
1266 2086 1429 2147 nunquam
1445 2064 1505 2128 nisi
1518 2065 1591 2146 post
1606 2061 1767 2146 professio·

323 2178 413 2233 ,nem
425 2155 497 2220 fidei
514 2155 555 2220 ad
567 2153 769 2238 Baptismum
783 2155 921 2219 admisit.

367 2243 498 2327 ,Neque
513 2265 570 2328 pro
582 2243 660 2326 ipsis
673 2243 760 2322 facit,
770 2244 855 2327 quod
867 2247 886 2307 a
896 2241 1086 2308 Christianis
1095 2241 1129 2305 in
1145 2240 1285 2306 familias
1306 2241 1371 2305 sint
1389 2240 1512 2320 adsciti,
1537 2239 1618 2305 (lum
1638 2237 1769 2320 necdop-

323 2332 385 2409 ,tio
405 2332 533 2414 quidem
556 2331 728 2418 quidquam
756 2332 788 2396 in
801 2331 861 2397 hac
873 2335 964 2414 parte
976 2329 1077 2414 possit
1089 2330 1246 2413 prodesse,
1269 2329 1436 2412 promissio
1452 2352 1483 2393 u.
1509 2349 1658 2412 expresse
1670 2323 1771 2391 semini
1848 2345 1849 2372 ³

323 2419 500 2498 ,Fidelium
513 2419 598 2485 facta
611 2425 669 2494 est,
681 2421 715 2484 in
731 2443 795 2505 quo
810 2420 963 2486 adscititii
975 2423 1031 2482 aut
1043 2418 1185 2502 adoptivi
1198 2439 1260 2481 non
1272 2422 1407 2501 possunt
1419 2417 1539 2483 censeri
1553 2421 1569 2482 Ρ

367 2507 531 2592 ,Denique
543 2530 606 2573 non
618 2509 761 2574 videmus
774 2510 873 2574 ullam
885 2507 1119 2585 necessitatem,
1141 2529 1197 2570 cur
1209 2505 1242 2569 in
1254 2506 1315 2570 hac
1328 2529 1362 2571 re
1375 2507 1540 2590 quidpiam
1553 2509 1663 2570 contra
1675 2525 1770 2586 recep·

323 2602 407 2676 ,tam
419 2598 630 2663 doctrinam&
646 2599 905 2664 consuetudinem
919 2597 1033 2661 debeat
1044 2595 1216 2679 praesumi,
1235 2616 1308 2659 cnm
1328 2617 1431 2679 neque
1443 2595 1592 2679 prodesse
1604 2593 1682 2676 ipsis
1696 2591 1769 2674 Bap-

323 2686 454 2764 ,tismus
474 2687 619 2764 collatus,
643 2691 699 2751 aut
722 2687 833 2752 obesse
858 2689 994 2770 negatus
1009 2685 1121 2769 possit,
1146 2683 1208 2747 nisi
1231 2706 1302 2748 cum
1326 2679 1770 2768 Papistisstatuaturssaptis-

323 2797 429 2854 ,mum
440 2774 561 2857 aliquid
576 2774 719 2840 conferre
732 2798 770 2840 ex
783 2797 877 2859 opere
890 2777 1029 2858 operato.

368 2863 466 2941 ,Cum
488 2863 632 2946 proxime
656 2863 858 2947 praecedenti
878 2861 1026 2928 Sessione
1054 2883 1111 2944 per
1128 2860 1258 2924 Fratres
1274 2858 1556 2938 Noorthollandos,
1582 2859 1722 2943 quaestio
1739 2856 1770 2920 de

323 2952 447 3035 ,pueris
462 2951 673 3017 Ethnicorum
700 2952 909 3036 baptizandis,
934 2951 1126 3034 quibusdam
1151 2949 1398 3014 circumstantiis
1421 2948 1520 3013 fuerit
1538 2948 1665 3026 vestita,
1678 2950 1699 3014 tr
1711 2945 1770 3030 qui·

323 3041 413 3119 ,dam
430 3040 640 3124 particulares
662 3063 753 3106 casus
780 3040 948 3126 explicati:
974 3040 1050 3103 nim.
1072 3038 1125 3124 agi
1153 3060 1217 3102 non
1238 3041 1366 3102 tantum
1381 3038 1419 3102 de
1436 3037 1555 3121 pueris,
1568 3033 1771 3102 sedetiamiis

325 3129 398 3214 ,qui
421 3132 560 3194 aetatem
584 3129 723 3195 habeut:
752 3131 807 3215 qui
822 3152 886 3194 non
908 3128 1001 3193 modo
1014 3149 1076 3191 non
1090 3127 1155 3192 sint
1171 3125 1316 3212 legitime
1329 3125 1472 3210 adoptati
1485 3130 1505 3190 a
1517 3124 1716 3202 Christianis,
1726 3121 1772 3186 sed

324 3218 439 3297 ,etiam
454 3218 685 3302 mancipiorum
709 3219 776 3284 loco
801 3218 991 3296 habeantur,
1016 3216 1149 3299 ejicique
1173 3217 1190 3278 e
1211 3213 1336 3279 familia
1362 3214 1460 3280 immo
1472 3236 1582 3279 rursus
1600 3209 1771 3279 venumdari

325 3307 475 3391 ,possint
489 3304 634 3391 Itemque
646 3307 755 3372 invitis
767 3306 953 3392 parentibus
965 3308 988 3372 tr
1000 3305 1118 3369 invitos
1133 3325 1362 3387 nonuunquam
1379 3303 1534 3368 violenter
1558 3303 1639 3386 rapi.
1663 3299 1772 3367 Confir-

326 3417 469 3474 ,mamnr
480 3395 584 3460 adhuc
596 3396 699 3480 magis
711 3395 746 3460 in
758 3394 916 3460 sententia
927 3397 1045 3472 nostra,
1070 3415 1134 3458 non
1146 3391 1237 3479 [pag.
1252 3391 1334 3478 659]
1348 3413 1416 3457 esse
1428 3391 1557 3456 omnino
1568 3388 1772 3476 baptizandos,

326 3485 405 3562 ,nisi
429 3505 462 3548 se
478 3483 633 3567 proclives
658 3484 698 3548 ad
721 3485 801 3557 illud
823 3483 993 3549 ostendant
1016 3482 1194 3565 &aliquam
1206 3481 1321 3546 saltem
1335 3479 1408 3544 fidei
1421 3479 1653 3545 confessionem
1665 3477 1773 3542 fuerint

326 3572 456 3651 ,edocti
481 3572 668 3637 Persuaderi
692 3595 723 3636 n.
744 3595 807 3638 non
823 3573 960 3637 violente
983 3570 1135 3656 imperari
1159 3571 1229 3634 vult
1244 3569 1360 3654 religio
1385 3568 1569 3634 Christiana
1572 3591 1585 3658 ξ
1609 3571 1633 3635 dr
1648 3589 1711 3633 non
1721 3562 1773 3629 nisi

326 3661 492 3740 ,scandala
503 3660 537 3724 in
549 3660 681 3726 familiis
694 3659 718 3726 tt
733 3661 884 3727 Ecclesiis
894 3661 934 3725 ab
948 3659 1102 3743 ejusmodi
1118 3657 1388 3742 baptizationibus
1400 3661 1535 3742 possunt
1551 3655 1735 3742 exspectari.

370 3747 501 3834 ,Neque
513 3771 570 3814 nos
583 3754 690 3815 movet
702 3750 735 3814 in
752 3749 948 3816 contrarium
961 3751 1187 3834 argumentum
1200 3749 1219 3811 a
1231 3746 1422 3830 quibusdam
1434 3745 1604 3810 Fratribus
1616 3745 1773 3809 adductum

326 3861 382 3917 ,ex
397 3840 504 3904 Gerasa.
525 3839 574 3903 17.
584 3861 612 3904 υ.
624 3838 675 3903 12.
688 3841 711 3905 dc
725 3840 777 3905 23.
802 3837 876 3904 Non
892 3861 923 3902 n.
937 3841 1071 3916 constat,
1081 3835 1165 3920 quod
1177 3839 1285 3900 tamen
1299 3835 1428 3900 deberet
1447 3839 1603 3912 constare,
1616 3839 1652 3899 ut
1665 3827 1774 3914 aliquid

327 3950 384 4004 ,ex
399 3927 539 3992 hocloco
555 3949 612 4011 pro
628 3933 719 4010 parte
731 3927 925 3994 affirmativa
937 3927 1153 4004 concludatur,
1174 3922 1313 3988 infantes
1326 3923 1449 4008 aliquot
1461 3923 1502 3988 ab
1515 3923 1699 3988 Abrahamo
1714 3937 1773 3982 esse
1841 3931 1849 3948 ·

326 4015 554 4094 ,circumcisos
576 4038 711 4100 quorum
734 4039 796 4083 non
821 4016 916 4080 simul
933 4015 1084 4079 Parentes
1111 4012 1231 4078 fuerint
1254 4012 1448 4078 circumcisi:
1473 4012 1573 4076 immo
1593 4008 1772 4076 contrarium

318 4103 450 4186 ¹,potius
479 4103 585 4168 innuit
608 4127 717 4169 versus
741 4108 883 4172 ultimus.
908 4103 951 4167 Et
974 4125 1083 4168 omues
1108 4101 1168 4166 viri
1184 4102 1303 4166 'domus
1326 4101 1415 4166 illins
1431 4105 1499 4165 tam
1517 4099 1676 4165 vernaculi
1687 4113 1770 4180 quam

326 4191 483 4275 ,emptitii
506 4195 529 4258 tr
552 4193 750 4279 alienigenae
762 4197 882 4282 pariter
894 4193 1070 4257 circumcisi
1082 4194 1167 4255 sunt.
1191 4190 1241 4254 Ex
1254 4211 1317 4273 quo
1333 4194 1467 4274 apparet
1482 4189 1623 4273 primum
1639 4185 1769 4272 pmvecta

327 4283 449 4358 ,aetate
472 4303 588 4362 servos,
613 4281 725 4346 deinde
741 4286 838 4350 etiam
855 4282 882 4346 si
902 4303 980 4366 quos
997 4280 1180 4345 habuerunt
1203 4278 1258 4342 isti
1278 4277 1429 4358 infantes,
1442 4277 1542 4343 fuisse
1563 4271 1770 4342 circumcisos?

328 4367 450 4447 ,Quare
473 4368 526 4432 hic
546 4369 633 4434 locus
654 4370 694 4433 ad
717 4371 857 4438 infantes
875 4367 1097 4446 Ethnicornm
1118 4368 1286 4451 quineque
1302 4367 1365 4450 ipsi
1377 4367 1489 4432 volunt
1504 4366 1699 4450 baptismum
1711 4379 1771 4424 sus-

1653 4467 1771 4532 „cipere
