3668 4856
273 269 337 337 356
559 273 638 339 Plus
662 270 720 339 ΙΙΙ.
747 269 793 338 Da
818 271 970 340 Imauus
994 271 1085 339 Ecca.
1111 296 1139 338 m
1165 293 1288 342 canaan.
1313 269 1378 340 Lm.
1405 277 1435 342 l-

271 463 398 524 natores
421 459 519 543 aliqui
536 462 686 526 adversae
702 483 816 526 causae
827 462 954 546 patroni
969 453 1042 526 istic
1057 466 1240 545 praesentes
1252 461 1312 526 hoc
1323 463 1368 526 ita
1381 463 1605 542 moliebantur,
1619 467 1657 526 ut
1669 461 1739 528 No·

273 548 375 613 biliss.
395 549 530 633 Satrapa
552 552 638 615 solus
661 551 733 616 istic
752 572 859 616 secum
875 551 1144 628 committeretur3
1157 573 1253 635 quem
1265 555 1356 615 tauta
1368 551 1522 632 παρῥῇσῑᾳι
1537 550 1739 630 fortitudine,
1820 553 1821 562 ’

273 637 459 724 sagacitate,
473 638 496 703 tt
509 639 655 724 expedita
668 639 849 725 eloquentia
860 639 1040 725 praeditum
1052 662 1114 704 non
1123 639 1303 720 credebaut,
1313 662 1396 724 quae
1404 640 1564 705 sufficeret
1573 641 1613 704 ad
1621 663 1740 705 causae

269 727 430 811 justitiam
446 727 480 791 in
491 725 614 792 Illustri
625 729 682 793 illa
694 729 849 814 panegyri
862 751 900 792 ex
911 733 1054 813 tempore
1067 731 1152 794 recte
1164 729 1441 794 demonstrandam
1454 729 1476 794 d
1488 729 1650 794 tuendam.
1676 728 1740 794 Sed

273 838 329 900 spe
352 822 409 880 sut
432 817 625 896 exciderunt,
652 840 724 882 cum
747 818 802 883 illc
826 819 947 902 absque
970 818 1037 881 ulla
1059 817 1324 897 dissimulatione,
1348 817 1741 901 intrepidetcconstanter

274 905 459 984 affirmaret,
480 910 538 970 sut
561 907 713 992 Satrapae
736 907 759 972 tc
782 907 918 972 aliorum
941 909 1122 972 senatorum
1145 907 1317 972 autoritate
1333 907 1739 972 acmaudatobocfactum

274 1015 351 1058 esse.
376 995 547 1060 Praeterea
559 995 728 1080 exciperet,
745 1018 778 1060 se
791 995 884 1059 modo
899 993 1027 1081 Hagam
1039 995 1219 1080 ingressum
1232 997 1255 1061 tc
1268 1019 1306 1060 ex
1319 996 1433 1060 itinere
1446 995 1564 1061 fessum
1577 997 1742 1081 condepu·

274 1083 351 1148 tatis
374 1083 450 1163 suis,
464 1085 487 1150 tt
499 1084 628 1162 chartis,
641 1085 842 1161 testimoniis,
856 1084 991 1168 aliisque
1004 1084 1201 1150 documentis
1214 1085 1413 1164 destitutum,
1426 1108 1490 1150 non
1506 1107 1574 1150 esse
1586 1091 1742 1169 paratum

275 1173 315 1237 ad
338 1194 466 1237 causam
486 1195 687 1239 communem
706 1179 815 1238 contra
834 1173 920 1258 ipsos
936 1196 1042 1238 coram
1062 1172 1112 1238 lll.
1138 1173 1211 1239 DD.
1235 1172 1390 1238 Ordinuru
1403 1195 1550 1239 consessu
1562 1176 1741 1259 agendam:

274 1262 329 1326 sed
352 1283 385 1326 se
404 1261 482 1326 satis
494 1284 653 1346 superque
665 1285 722 1328 sno
735 1266 878 1347 tempore
890 1262 951 1327 hoc
964 1267 1118 1343 acturum,
1135 1263 1295 1328 communi
1307 1264 1594 1347 condeputatorum
1607 1287 1742 1329 suorum

275 1350 407 1415 consilio
419 1353 442 1415 tc
455 1351 618 1438 suffragio.

234 1441 238 1451 '
317 1439 378 1504 Die
391 1462 454 1504 uno
467 1445 562 1524 atque
574 1441 675 1504 altero
688 1442 768 1524 post,
782 1462 854 1505 cum
866 1437 1020 1508 Nobiliss
1032 1440 1073 1505 D.
1091 1439 1227 1526 Snlrcpn
1241 1463 1313 1505 cum
1326 1441 1391 1506 suis
1408 1441 1500 1527 [pag.
1514 1441 1604 1526 2611]
1622 1443 1742 1508 conde-

275 1529 396 1614 putatis
409 1529 544 1596 stitisset
558 1552 591 1594 sc
604 1530 765 1594 consessui
777 1527 828 1593 lll.
845 1528 916 1592 DD.
930 1527 1096 1606 Ordinum,
1110 1529 1254 1594 exhibuit
1267 1530 1417 1614 scriptam
1431 1529 1741 1612 Remonstrantiam,

277 1641 357 1704 quae
381 1617 598 1683 narrationem
622 1618 854 1703 apologeticam
873 1640 979 1682 rerum
993 1617 1199 1684 &antehacdt
1215 1619 1396 1702 nuperrime
1412 1619 1445 1682 in
1458 1619 1634 1686 Ecclesia&
1650 1623 1744 1684 curia

277 1712 451 1794 gestarum,
475 1703 679 1772 continebat.¹
691 1705 779 1782 Quae
795 1707 921 1792 integra
938 1707 978 1771 ab
999 1707 1151 1771 advocato
1168 1706 1240 1773 DD.
1266 1706 1421 1772 Ordiuum
1441 1709 1744 1775 Oldeabameveldio

276 1797 437 1880 praelecta
455 1797 527 1861 fuit.
552 1794 640 1860 Inter
660 1795 734 1874 alia,
759 1818 840 1880 quae
852 1797 925 1860 viva
940 1818 1015 1860 voce
1030 1796 1112 1860 ultro
1125 1796 1267 1879 citroque
1280 1797 1364 1861 dicta
1379 1802 1455 1860 tunc
1471 1798 1610 1877 fuerunt,
1622 1803 1745 1863 notan-

278 1887 353 1950 dum
373 1890 431 1963 est,
452 1886 536 1968 quod
555 1883 777 1950 celeberrimus
796 1887 933 1964 Grotius,
954 1885 1009 1969 qui
1021 1888 1097 1949 tunc
1109 1907 1272 1950 consessus
1285 1885 1372 1950 illius
1384 1891 1509 1969 partem
1521 1885 1672 1966 faciebat,
1683 1888 1745 1954 Sa·

278 1987 385 2060 lrnpcc
405 1975 534 2058 ejusque
552 1973 770 2057 condeputatis
783 1973 912 2038 dixerit:
933 1973 1005 2061 „dil
1019 1973 1082 2061 teht
1095 1973 1293 2043 uolitantum
1307 1994 1353 2043 ren
1367 1976 1491 2042 acuebat
1504 1975 1663 2062 nlqcsitffl,
1676 2001 1747 2060 quc

278 2063 458 2148 siguificare
481 2063 658 2142 videbatur,
681 2084 734 2128 eos
758 2061 937 2127 festinando
962 2064 1040 2128 alios
1060 2068 1221 2128 senatores
1239 2065 1438 2148 praevenisse
1462 2063 1495 2128 in
1508 2065 1746 2148 approbatione

277 2151 450 2218 vocationis
463 2152 486 2217 d
502 2153 972 2236 cathedraepraeoccupatione.
996 2151 1145 2216 Addebat
1160 2152 1254 2231 idem,
1266 2153 1408 2237 potuisse
1420 2158 1477 2217 eut
1488 2153 1633 2220 debuisse
1646 2177 1745 2238 prae·

278 2239 373 2320 mitti,
385 2263 443 2305 nec
455 2241 645 2326 praemissas
658 2240 756 2305 fnisse
768 2245 832 2304 tres
845 2241 948 2306 vocati
959 2241 1099 2305 ministri
1111 2262 1216 2306 coram
1225 2240 1368 2306 Ecclesia
1377 2242 1651 2326 proclamationes,
1669 2241 1748 2320 Quo

278 2330 441 2408 innuebat,
458 2330 557 2393 nimia
573 2330 629 2394 illa
641 2328 886 2414 praecipitantia
898 2331 921 2395 a
933 2328 1137 2407 festinatione
1150 2331 1291 2395 ordinem
1303 2331 1522 2395 introducendi
1536 2331 1748 2400 concionato-

276 2441 345 2484 rem
356 2441 419 2483 non
431 2419 530 2484 fnisse
543 2423 713 2483 servatum.
737 2416 799 2483 Sed
812 2441 883 2484 cum
895 2419 1149 2504 responderetur,
1162 2442 1326 2504 nunqnam
1343 2419 1384 2484 ab
1396 2419 1490 2484 initio
1502 2421 1748 2488 reformationis

278 2530 376 2592 usque
394 2507 433 2572 ad
453 2512 648 2592 postremam
667 2506 749 2572 hauc
772 2509 969 2579 vocatiouem
988 2508 1020 2572 in
1037 2507 1270 2572 introductione
1282 2511 1362 2573 nove
1378 2513 1560 2573 vocatorum
1572 2509 1747 2578 minist-ro-

277 2619 359 2676 rum,
379 2598 477 2662 talem
500 2597 642 2662 ordinem
665 2597 762 2662 trium
783 2597 1036 2662 antecedentium
1056 2598 1340 2680 proclamationum
1358 2597 1430 2662 istic
1445 2598 1748 2681 servatumfuisse3

277 2686 442 2751 deserebat
461 2686 550 2751 illam
567 2709 657 2751 suam
680 2686 906 2770 exceptionem,
918 2689 941 2752 ta
954 2685 1120 2750 videbatur
1133 2686 1340 2770 acquiescere.
1366 2685 1545 2752 Secundum
1561 2689 1748 2755 notandum

278 2779 336 2855 est,
356 2775 440 2860 quod
463 2798 535 2840 cum
555 2775 628 2840 istic
647 2775 836 2858 objiceretur
852 2776 889 2839 de
906 2775 1054 2840 seditioso
1074 2775 1302 2840 concionatoris
1322 2775 1394 2840 istic
1406 2775 1578 2842 introducti
1597 2778 1749 2863 alloquio

277 2864 316 2928 ad
337 2863 528 2930 Ecclesiam:
549 2864 753 2948 responderet
772 2868 899 2930 senator
921 2865 993 2950 quis
1016 2863 1174 2929 audivisse
1193 2888 1226 2930 se
1244 2865 1308 2929 tale
1324 2863 1399 2948 quid
1416 2865 1587 2944 mussitari,
1604 2866 1749 2952 ideoque

276 2953 358 3018 hanc
372 2953 532 3018 scedulam
544 2953 576 3018 iu
589 2958 787 3018 antecessum
799 2953 1027 3018 concionatoris
1040 2952 1126 3017 illius
1138 2976 1234 3018 manu
1246 2953 1466 3038 consignatam
1479 2955 1502 3020 tc
1514 2977 1571 3019 suo
1582 2955 1747 3022 aliorum·

278 3065 338 3126 que
351 3043 530 3108 auditorum
545 3042 727 3106 testimonio
740 3042 907 3119 munitam,
920 3065 953 3107 se
965 3042 1090 3108 tradere
1103 3047 1139 3107 ut
1151 3043 1293 3128 praelegi
1306 3048 1411 3126 queat.
1435 3042 1591 3108 Dominus
1601 3044 1747 3112 advoca-

277 3137 328 3196 tus
343 3131 658 3198 Oldeataracceldiac
669 3131 827 3196 scedulam
841 3137 1003 3215 acceptam
1017 3154 1088 3196 cnm
1101 3132 1320 3216 praeelegisset,
1333 3131 1523 3216 subjiciebat
1533 3133 1611 3198 haec
1622 3135 1748 3201 verba:

282 3222 354 3298 ,lroc
365 3223 454 3286 aliter
466 3233 556 3286 sonat
569 3220 673 3308 (Belg.
692 3220 812 3308 tollunt
821 3223 969 3302 cabetul&
979 3219 1067 3284 ldem
1078 3221 1132 3285 ille
1140 3225 1268 3286 senator
1275 3219 1432 3285 actionem
1439 3220 1473 3284 iu
1482 3225 1612 3300 actores,
1622 3221 1751 3291 hocest

277 3310 521 3376 calumniatores
534 3309 837 3388 Remonstranticos,
851 3310 1029 3394 quicunque
1043 3314 1158 3388 essent,
1171 3314 1359 3385 retorsurns,
1373 3311 1525 3374 narrabat
1538 3311 1750 3380 concionato-

276 3421 343 3463 rem
363 3398 684 3476 Remonstranticum,
705 3399 760 3483 qui
779 3404 888 3464 contra
907 3399 989 3464 hanc
1005 3398 1184 3484 legitimam
1197 3398 1394 3463 vocationem
1406 3397 1676 3480 tumultuabatur,
1692 3427 1749 3470 se·

277 3488 391 3553 ditiosa
403 3489 437 3552 in
449 3488 661 3569 concionibus,
670 3489 704 3553 in
713 3489 918 3552 conventibus
927 3487 1207 3564 consistorialibus,
1216 3488 1250 3551 in
1258 3487 1391 3573 privatis
1402 3488 1566 3572 colloquiis
1577 3488 1750 3558 effundere

278 3577 425 3654 solitum;
449 3578 548 3657 siculi,
572 3577 689 3660 ajebat,
713 3577 890 3664 effurcdetat
909 3578 998 3642 notia
1020 3577 1185 3661 praelo-rito
1207 3577 1256 3641 dic
1274 3575 1465 3642 Pactecoalee
1486 3577 1523 3642 dc
1541 3581 1749 3664 aruspiritu.

278 3665 369 3741 Quod
378 3689 449 3731 cum
458 3668 581 3731 audiret
593 3668 729 3746 Gratiae,
743 3689 805 3731 non
814 3668 881 3731 sine
891 3667 1108 3745 commotione,
1118 3666 1331 3730 exclamabat:
1350 3666 1404 3743 ,dc
1416 3688 1472 3731 suo
1487 3667 1620 3750 epirum
1632 3670 1672 3733 dc
1684 3695 1750 3736 ,ιιιιι

277 3754 488 3838 qartasr’Uti
495 3753 1190 3834 etiamvariaturbulente,&aaaronabsurde,
1200 3755 1343 3819 indecore
1353 3754 1393 3818 ab
1403 3756 1750 3827 eodemconcionatore

277 3845 360 3909 dicta
373 3847 494 3929 &gesta
507 3845 540 3908 in
551 3848 608 3910 sua
620 3843 879 3908 Remonstrantia
891 3843 957 3908 illic
969 3845 1127 3927 praelecta
1139 3847 1334 3918 notaverant,
1344 3866 1426 3928 quae
1436 3844 1558 3928 plenius
1568 3851 1655 3928 poste
1735 3889 1749 3901 -

278 3933 343 3997 lata
367 3956 403 3998 ao
415 3934 608 3999 sufficienter
621 3934 756 4017 probata
776 3933 906 3998 fuerunt
918 3933 952 3996 in
967 3934 1086 4016 synodo
1099 3932 1243 3998 Dclfensi
1260 3956 1289 3997 a.
1305 3933 1399 3997 1618.
1413 3933 1453 3998 ob
1466 3955 1547 4017 quae
1560 3934 1667 4000 eadem
1735 3978 1750 3991 -

277 4024 377 4088 nodus
400 4023 630 4106 depositionem
654 4022 793 4106 ejusdem
814 4023 906 4106 plene
929 4023 1002 4086 istic
1026 4022 1125 4086 auditi
1143 4022 1349 4086 tministerio
1362 4021 1523 4087 Ecclesiae
1536 4021 1679 4090 Heusda
1739 4081 1749 4106 ‚

277 4111 459 4176 inchoatam
479 4111 511 4175 in
534 4111 679 4197 synedrio
696 4111 878 4189 Heusdau0,
892 4111 1135 4195 &approbatam
1153 4109 1377 4196 aMagistratu
1390 4112 1413 4176 d
1426 4111 1534 4192 classe,
1545 4119 1683 4196 peremt·
1735 4122 1750 4183 a

277 4201 440 4266 conclusit.
464 4200 534 4286 Ego
558 4223 629 4266 cum
653 4222 760 4265 mense
782 4199 879 4265 Juuio
906 4200 1002 4264 1617.
1027 4222 1099 4265 cum
1112 4200 1272 4284 deputatis
1285 4200 1483 4265 senatoribus
1496 4197 1625 4286 Hagam
1637 4205 1683 4268 de*
1735 4231 1750 4272 a

278 4290 436 4372 profectus
449 4290 591 4368 fuissem,
604 4290 642 4354 de
655 4289 785 4354 consilio
798 4289 967 4354 eorundem
980 4289 1215 4373 deputatorum,
1225 4289 1297 4353 iude
1306 4287 1468 4354 Heusdam
1478 4290 1638 4374 &quidem
1648 4291 1675 4358 fe
1735 4333 1749 4346 —

277 4382 352 4442 nato
372 4379 485 4443 itinere
505 4401 557 4444 me.
575 4378 735 4461 proripere
755 4380 900 4463 cogebar,
924 4378 1007 4459 quod
1026 4401 1149 4443 mecum
1166 4382 1354 4456 metuerent,
1367 4401 1407 4442 ne
1420 4379 1588 4444 advocatus
1602 4379 1679 4445 111..¹
1739 4437 1747 4450 .

1647 4470 1671 4512 Γ
