3722 4850
300 287 343 354 44
679 289 838 355 Ponrnrcas
850 287 1099 356 Eccuusrasvrcaa
1116 285 1198 354 Pras
1211 287 1238 356 Ι.
1261 287 1330 355 las.
1344 285 1385 354 lI.

301 475 394 553 sacri,
410 475 442 538 in
456 474 585 558 linguae
598 473 747 557 puritate,
764 471 797 536 in
810 471 903 536 metri
915 470 939 536 1
951 469 1073 554 rhytmi
1089 468 1259 553 elegantia,
1272 468 1328 533 alii
1341 471 1413 552 post
1426 469 1611 536 naamam
1623 467 1765 534 Psalmos

301 566 339 629 da
351 586 433 628 novo
446 563 486 628 ad
498 562 608 626 eadem
620 565 795 626 metrorum
806 561 830 626 h
842 560 1044 644 rhytmorum
1053 579 1181 643 genera,
1191 557 1380 641 easdemque
1389 558 1622 622 modulationes
1631 557 1761 643 redege-

302 653 377 727 rint,
389 673 553 735 uunquam
564 655 672 715 tamen
685 649 822 714 obtineri
834 648 941 733 potuit
952 647 1080 732 publiea
1091 647 1292 712 Psalmorum
1300 645 1440 713 Datheai
1447 646 1622 726 remotim&
1631 647 1764 712 aliorum

302 740 505 806 substitutio:
525 740 648 804 nullam
669 738 765 803 aliam
783 739 823 804 ob
837 759 975 814 causam,
988 759 1085 820 quam
1097 736 1182 820 quod
1197 736 1335 820 populus
1347 737 1485 814 eosdem,
1497 735 1521 800 h
1534 735 1766 801 modulationes

303 837 413 895 eorum
422 829 490 912 jam
500 832 634 893 teneret.
656 828 686 893 2.
702 829 826 910 Qaacsl.
841 825 892 890 An
905 827 945 890 ad
958 847 1074 909 paucas
1086 824 1318 890 modulationes
1331 833 1492 890 seu'vooes
1504 824 1566 910 (uti
1579 825 1766 909 loquuntur)

302 918 423 984 Psalmi
434 918 536 982 nostri
547 916 714 982 revocandi
725 917 799 981 siut.
818 918 909 1000 Hesp.
921 913 996 979 Non
1008 914 1096 980 deest
1108 913 1201 988 ratio,
1213 916 1254 978 ob
1266 935 1363 997 quam
1376 917 1395 978 a
1406 913 1568 978 nonnullis
1577 913 1639 978 hoc
1647 935 1764 992 voven,
1851 927 1852 992 ζ

302 1009 400 1072 immo
413 1007 446 1070 in
459 1006 721 1072 deliberationem
736 1005 903 1070 deductum
917 1003 1065 1068 memini:
1079 1006 1116 1067 ut
1128 1002 1196 1067 scil.
1210 1001 1653 1088 intelligentiaebmemoriae
1662 1003 1767 1067 rudio-
1851 999 1852 1078 Q

302 1118 374 1160 rum
391 1095 452 1160 hirc
464 1093 586 1159 ratione
599 1095 827 1172 consuleretur,
840 1093 862 1158 11
874 1093 979 1178 magis
995 1090 1143 1160 ε”ιτὰκτως
1155 1091 1270 1174 psalmi
1282 1095 1482 1156 canerentur.
1505 1091 1645 1156 Additur
1662 1113 1768 1156 exem·
1850 1089 1852 1150 3

301 1185 393 1269 plum
412 1183 575 1248 Ecclesiae
594 1181 801 1268 Anglicanae,
820 1203 902 1268 quae
922 1181 1069 1265 quamvis
1085 1179 1239 1244 varietate
1253 1179 1462 1244 melodiarum
1475 1202 1531 1244 seu
1542 1183 1696 1244 tonorum
1708 1202 1767 1244 nou

302 1273 503 1350 destituatur,
528 1276 565 1336 ut
587 1269 693 1336 videre
712 1275 762 1336 est
779 1271 812 1334 in
835 1271 992 1337 Psallcrio
1005 1272 1035 1335 4.
1047 1289 1159 1336 vocam
1171 1267 1268 1333 Lond.
1282 1291 1311 1333 a.
1327 1269 1423 1332 1633.
1436 1268 1602 1333 emendate
1615 1268 1703 1333 edito
1718 1291 1770 1352 per

307 1362 458 1428 Thoumna
465 1361 686 1444 Rauenschralt
693 1358 833 1424 Musicae
843 1360 1100 1436 Baccalaureum,
1108 1357 1318 1422 communiter
1325 1357 1604 1440 tamen,imprimis
1613 1356 1647 1422 in
1657 1356 1770 1442 Belgio

303 1454 422 1528 nostro,
438 1449 478 1514 ad
491 1449 656 1533 pauciores
669 1452 737 1534 (εε11
750 1451 806 1512 aut
820 1452 942 1532 septem
956 1450 1004 1513 uti
1016 1445 1168 1530 arbitror)
1181 1468 1291 1510 omnes
1303 1451 1440 1510 revocat.
1453 1443 1516 1510 Sed
1527 1445 1603 1529 quia
1615 1445 1770 1530 plerique,

302 1539 358 1623 qui
378 1537 578 1622 frequentius
596 1541 652 1602 aut
673 1537 800 1602 assidui)
812 1536 975 1602 Ecclesiae
989 1559 1065 1602 suae
1078 1534 1286 1600 conventibus
1299 1533 1464 1612 interesse,
1476 1533 1608 1619 iusuper
1620 1533 1771 1618 privatim

302 1631 359 1692 aut
378 1649 450 1691 cunr
470 1625 594 1690 familia
614 1629 672 1691 sui
691 1625 831 1708 quotidie
851 1647 963 1690 canere
982 1626 1224 1704 consueverunt,
1237 1623 1306 1707 jam
1317 1623 1396 1688 satis
1412 1622 1589 1688 familiares
1601 1622 1664 1688 sibi
1677 1628 1769 1688 tonos

301 1716 475 1794 reddidere,
493 1714 613 1798 aliique
628 1736 691 1778 non
705 1714 751 1778 ita
767 1712 862 1797 periti
875 1736 933 1797 per
945 1713 1142 1798 phonascum
1154 1734 1209 1776 seu
1221 1715 1460 1796 praecentorem
1467 1711 1574 1795 juvari
1587 1711 1772 1795 possunt,si

302 1804 394 1870 modo
407 1825 480 1868 eum
492 1806 677 1887 sequantur,
689 1825 753 1866 nou
766 1809 990 1886 praecurrant:
1003 1824 1067 1867 non
1078 1800 1171 1866 video
1181 1800 1412 1884 quomodosiue
1420 1800 1596 1866 multorum
1605 1803 1773 1866 cantorum

302 1892 500 1958 incommodo
511 1891 581 1956 toni
590 1889 790 1956 Psalmorum
799 1891 918 1954 mutari
926 1892 1060 1975 possint.
1073 1888 1138 1954 Vix
1149 1889 1215 1954 ulla
1223 1889 1308 1973 apud
1314 1910 1370 1953 nos
1376 1887 1520 1954 Ecclesia
1529 1903 1585 1953 aut
1592 1888 1772 1956 Ecclesiola

302 1986 361 2060 est,
386 2003 468 2064 quae
491 1983 598 2045 careat
620 1979 792 2062 phonasco,
816 1983 872 2044 aut
888 1979 977 2044 verbi
993 1978 1141 2043 Ministro
1157 1977 1306 2042 cantandi
1321 1977 1435 2061 perito,
1452 1977 1508 2061 qui
1520 1977 1604 2042 viam
1619 1978 1774 2061 phonasci

302 2069 459 2153 tantisper
470 2069 636 2152 suppleat;
653 2068 770 2152 quique
784 2067 892 2132 ordine
903 2066 1047 2133 Psalmos
1063 2065 1205 2132 concioni
1218 2065 1477 2150 praemittendos,
1491 2066 1626 2150 aprima
1638 2066 1680 2130 ad
1696 2065 1772 2130 ulti-

302 2180 390 2222 mum
399 2157 554 2221 canendos
566 2179 629 2222 non
642 2155 846 2240 praescribat.
863 2155 1000 2221 Accedat
1012 2155 1095 2240 quod
1110 2155 1143 2218 in
1160 2152 1285 2220 Scholia
1296 2154 1475 2219 remaculis
1491 2155 1572 2219 bene
1588 2153 1774 2220 constitutis

302 2245 531 2330 Ludimagistri
543 2245 608 2309 sint
619 2245 712 2329 quasi
725 2243 882 2308 Phonasci
894 2267 951 2309 seu
961 2243 1189 2322 Phonasaetae,
1201 2243 1234 2308 id
1246 2247 1305 2322 est,
1318 2243 1387 2310 Arli
1469 2244 1561 2322 vocis,
1569 2265 1626 2308 seu
1634 2243 1775 2310 Edonia-

303 2346 382 2399 tares
405 2334 496 2408 υοείε,
516 2333 564 2398 uti
587 2331 803 2398 Phonaseetae
827 2333 974 2397 dicuntur
987 2333 1020 2396 111
1033 2332 1132 2397 1ε1ε11
1144 2330 1360 2409 Glossari03&
1405 2344 1595 2398 recreatores
1606 2333 1642 2398 ia
1653 2331 1774 2414 cteris,

302 2423 432 2488 Sidonio
442 2423 621 2506 Apollinari
632 2423 697 2486 tib.
713 2422 874 2505 LEpislol.
885 2421 972 2504 2.qui
981 2419 1304 2505 discipulosquotidie
1317 2420 1350 2484 in
1359 2419 1463 2486 Canta
1472 2422 1669 2506 malmouun
1681 2445 1775 2488 exer-

303 2515 383 2576 cent.
397 2510 560 2574 Adderent
570 2509 653 2574 forte
661 2510 717 2574 alii
730 2509 914 2574 varietatem
927 2510 1132 2576 metrorum&
1143 2513 1291 2574 tonorum
1304 2509 1408 2593 magis
1416 2509 1544 2575 afficere
1552 2532 1644 2594 posse
1653 2509 1777 2576 Canto-

303 2621 467 2683 tauquam
480 2598 508 2662 si
522 2598 632 2662 eidem
643 2598 760 2663 chorda
772 2597 833 2663 he.
843 2621 898 2662 sex
910 2602 966 2663 aut
974 2602 1097 2682 septem
1104 2597 1188 2662 tonis
1197 2620 1323 2681 semper
1330 2597 1488 2663 oberrent.
1497 2597 1589 2674 Quod
1596 2598 1625 2663 si
1632 2599 1673 2664 ab
1682 2599 1780 2666 initio

302 2687 411 2772 pausis
434 2692 607 2751 metrorum
630 2686 810 2771 generibus,
834 2687 857 2752 dr
879 2687 963 2752 tonis
987 2687 1181 2770 psalmorum
1197 2685 1404 2771 paraphrasis
1416 2689 1528 2771 aptata
1540 2685 1665 2767 fuisset,
1679 2711 1777 2754 nemo

303 2775 516 2860 proculdubio
529 2778 621 2840 autor
633 2779 725 2853 esset,
738 2779 775 2839 ut
787 2773 937 2860 aliquaiu
945 2775 985 2840 iis
993 2775 1238 2841 mutatiofieret.
1254 2772 1318 2840 Sed
1325 2774 1582 2859 quandoquidem
1591 2797 1678 2841 nuno
1686 2777 1780 2842 adia-

302 2863 439 2948 phorum
462 2863 522 2927 hoc
542 2862 624 2927 bene
644 2862 783 2946 positum
806 2867 864 2942 est,
888 2863 922 2926 in
944 2864 1061 2928 nostris
1082 2885 1147 2928 non
1158 2867 1295 2942 tantum,
1312 2863 1447 2930 sedhic
1463 2865 1682 2948 compluribus
1700 2867 1777 2932 aliia

302 2951 464 3030 Ecclesiis,
486 2972 569 3035 quae
580 2955 755 3015 metrorum
770 2951 794 3016 b
810 2956 958 3016 tonorum
970 2973 1088 3037 genera
1102 2952 1425 3030 mauricianae
1439 2953 1565 3020 &audii
1582 2955 1782 3022 Gaudiraelli

302 3041 504 3124 adoptarunt,
516 3042 585 3104 tam
596 3038 700 3104 facilis
713 3043 770 3103 aut
783 3061 958 3124 paucorum
970 3062 1034 3105 non
1049 3044 1133 3106 esset
1145 3039 1256 3106 futura
1268 3042 1307 3106 de
1318 3041 1380 3106 hcc
1392 3040 1513 3106 Cantus
1526 3043 1709 3108 mutatione
1722 3045 1780 3108 de-

302 3128 458 3193 liberatio.
472 3125 507 3190 Si
519 3127 647 3192 demum
659 3128 697 3192 de
709 3127 769 3192 hic
780 3151 814 3193 re
826 3127 904 3211 quid
914 3129 1171 3194 constituendum
1184 3133 1278 3208 esset,
1291 3151 1352 3215 ego
1364 3129 1513 3194 omuibus
1524 3131 1666 3196 consiliis
1680 3154 1781 3216 prae·

301 3215 419 3281 ferrem
441 3214 522 3280 illud
548 3216 586 3281 de
598 3214 738 3281 canendo
751 3218 843 3281 textu
854 3237 944 3282 sacro
955 3239 994 3282 ex
1010 3217 1221 3302 originalibus
1234 3218 1354 3303 linguis
1370 3217 1507 3284 fideliter
1522 3219 1681 3284 translato
1698 3223 1724 3288 81
1738 3221 1782 3286 ad

301 3308 402 3369 certes
413 3308 505 3368 tonos
517 3325 574 3368 seu
584 3304 727 3368 modulos
739 3307 859 3387 aptato.
872 3303 1033 3389 Quidquid
1045 3307 1088 3370 sit
1098 3307 1137 3371 de
1158 3312 1202 3384 τῷ
1221 3303 1362 3380 βελτίονι,
1373 3306 1459 3390 quod
1469 3307 1523 3371 hic
1533 3307 1639 3392 optari
1651 3313 1780 3392 posset

302 3392 469 3458 indubium
491 3391 573 3456 mihi
588 3391 761 3477 elogiumii
777 3392 909 3459 Tbaaao
921 3393 1007 3460 lita.
1022 3395 1075 3460 52.
1088 3395 1204 3460 Hister.
1219 3395 1301 3460 louis
1315 3395 1508 3461 Gaadiaaclli
1519 3396 1681 3462 tributum
1695 3397 1782 3482 ipsis

302 3481 389 3545 omni
397 3481 469 3566 jure
481 3483 676 3562 competere;
690 3479 718 3544 si
729 3481 857 3545 modum
873 3482 1005 3547 canendi
1020 3483 1054 3547 in
1066 3482 1218 3548 Ecclesiis
1230 3483 1358 3558 nostris,
1371 3485 1394 3549 ta
1406 3483 1576 3550 materiam
1588 3484 1681 3570 [pag.
1693 3487 1782 3574 536]

302 3591 425 3634 sacram
436 3567 597 3652 respicias.
610 3567 724 3652 Neque
740 3568 825 3633 enim
837 3570 953 3653 asperi,
969 3571 1050 3650 duri,
1063 3571 1167 3646 rudes,
1180 3571 1328 3636 insuaves
1341 3575 1433 3636 sunt:
1445 3593 1504 3638 nee
1516 3572 1556 3637 ab
1568 3574 1672 3638 alteri.
1682 3579 1784 3658 parte

303 3657 398 3722 nimis
421 3657 543 3734 mallee,
567 3655 663 3734 leves,
682 3656 818 3721 vanitati
830 3656 1039 3738 theatrorum,
1052 3660 1074 3725 dr
1091 3658 1278 3724 chorearum
1289 3659 1405 3743 magis,
1417 3682 1516 3744 quam
1526 3661 1711 3727 sanctuario
1729 3665 1784 3728 in-

303 3745 487 3812 servientes.
511 3743 674 3820 Quantum
696 3744 730 3808 in
742 3745 909 3811 affectibus
925 3747 1017 3830 gravi
1030 3747 1242 3812 oblectatione
1254 3747 1484 3814 concitandis&
1496 3749 1530 3814 in
1543 3749 1651 3814 altiori
1664 3773 1785 3819 sacrae

303 3834 456 3898 materiae
479 3833 686 3916 impressione
708 3834 922 3916 promovendi
944 3835 1049 3901 facere
1072 3837 1210 3914 valeant,
1234 3834 1354 3919 optime
1378 3837 1786 3921 deprehendunthiusioae

304 3943 411 3986 sacrae
434 3921 540 4004 periti,
563 3943 635 3985 cum
658 3919 794 3986 Psalmis
817 3926 954 4006 quatuor
978 3924 1108 3989 vocibus
1122 3925 1162 3988 ab
1176 3923 1345 3989 excellenti
1357 3925 1479 3991 arh'fice
1495 3927 1626 3993 Claudio
1639 3929 1666 3992 le
1677 3930 1788 3996 laune

304 4009 492 4092 compositos
510 4009 636 4094 vulgari
659 4014 807 4074 mensura
818 4011 984 4092 canendos,
997 4015 1020 4079 la
1032 4013 1188 4096 quosdam
1200 4011 1347 4078 Psalmos
1360 4013 1400 4078 ab
1413 4014 1524 4080 eodem
1535 4035 1576 4080 ca
1586 4035 1655 4081 ocra
1669 4038 1784 4084 ηεεειι·

305 4097 368 4159 rc'cs
391 4096 452 4180 (uti
475 4096 629 4180 appellat)
653 4097 684 4161 3.
708 4100 764 4161 aut
787 4097 817 4161 4.
842 4104 898 4164 aut
917 4099 947 4163 5.
961 4099 1591 4184 vocibusaomposirosaliaquemensua
1602 4105 1786 4186 canendos,

306 4183 496 4265 expendunt.
512 4183 559 4248 Ut
571 4186 638 4268 jam
650 4183 732 4249 nihil
748 4185 851 4250 dicam
863 4187 901 4252 de
914 4189 1053 4272 ejusdem
1061 4191 1103 4254 Le
1113 4191 1209 4255 Isarae
1220 4189 1470 4270 Dodecaclrordo,
1483 4191 1683 4276 aliorumque
1695 4196 1786 4260 arti-

305 4269 400 4333 ficum
422 4268 553 4335 Musicis
576 4273 869 4356 compositionibus.
889 4275 941 4341 Ita
956 4280 992 4342 ut
1003 4278 1151 4358 nesciam,
1165 4279 1243 4362 quid
1255 4278 1317 4343 sibi
1329 4279 1467 4344 voluerit
1480 4282 1641 4348 Parrwlias
1653 4303 1734 4349 acam
1746 4285 1787 4350 ia

308 4357 394 4423 Notis
405 4357 447 4422 ad
464 4359 690 4426 Tertullianum
703 4360 768 4426 aa.
782 4362 853 4429 2.de
863 4385 957 4431 caras
971 4363 1087 4432 Christi
1094 4387 1160 4451 cap.
1173 4367 1224 4432 17.
1233 4367 1271 4432 dc
1286 4366 1390 4435 0111111
1401 4369 1552 4436 archaice
1561 4371 1695 4456 ualtiaae
1701 4393 1787 4456 pro-

1644 4461 1789 4526 1111111111-
