3752 4858
257 297 370 364 Tales.
384 298 426 365 ll.
450 297 538 366 Sars.
550 298 608 364 IV.
632 298 681 363 Da
693 297 811 364 Goaria
823 297 996 364 Dominam
1010 295 1297 362 Aommsrulnora.
1314 297 1385 361 Ore.
1400 294 1441 360 V.
1517 295 1578 358 281

113 487 222 570 ,potui
247 508 310 550 non
334 485 445 552 inille
469 485 732 554 determinatione
756 485 887 550 subacto
910 485 1010 570 ipsius
1030 483 1150 568 judicio
1177 483 1335 549 accedere.
1374 480 1513 546 Tantum
1540 506 1579 545 ex

112 574 379 651 „circumstantiis
402 575 559 654 omnibus,
582 575 663 639 niihi
686 574 739 639 hic
762 574 890 658 ignotis,
918 575 1089 658 prudenter
1112 573 1315 638 statuendum
1339 594 1461 649 cenam,
1483 593 1523 634 an
1545 571 1578 634 in

112 664 192 740 „hac
200 667 257 728 aut
269 661 327 728 illa
338 664 523 748 particulari
537 663 699 729 Ecclesiae
711 661 845 737 εὒκαίρως
856 663 994 728 mutatio
1010 662 1119 746 aliqua
1131 662 1200 726 lieri
1212 661 1324 746 possit,
1336 683 1445 725 necne.
1457 658 1579 724 Notum

112 757 181 830 „est
203 774 303 837 panes
330 753 533 833 orbicularea,
556 753 683 836 aliaque
703 751 781 816 alibi
794 749 1026 830 aReformatis,
1040 754 1169 835 propter
1184 751 1295 834 populi
1310 749 1579 826 infirmitatem&

113 841 173 918 „ad
185 841 408 925 praesentanei
420 841 601 907 schismatis
614 840 827 920 evitationem,
840 841 880 904 ad
891 845 1017 924 tempus
1030 839 1129 904 fuisse
1141 840 1287 904 tolerata.
1311 838 1381 902 Hoc
1394 858 1470 922 ergo
1484 859 1581 919 agen·

112 930 219 1007 ,dum
233 934 270 994 ut
281 931 358 995 dara
370 931 481 1014 quavis
490 931 662 1009 occasione,
675 929 783 1007 missa,
796 929 985 996 &missatici
997 928 1089 1012 panis
1102 929 1256 1005 adoratio,
1271 927 1363 1012 eique
1374 925 1581 990 subordinate

112 1020 259 1096 „elecem
283 1018 315 1084 a
334 1020 503 1098 cateruatim
516 1019 549 1084 in
561 1019 686 1103 Papatu
699 1018 817 1083 servari
827 1018 922 1082 solita
934 1018 967 1082 in
980 1019 1049 1082 luce
1062 1021 1215 1101 ponatur:
1230 1015 1293 1082 Sed
1306 1015 1444 1100 primum
1457 1015 1579 1099 absque

113 1107 366 1192 „applicationm
386 1130 467 1190 quae
483 1111 590 1173 tamen
603 1106 755 1192 privatim
767 1107 890 1191 negligi
902 1129 966 1171 non
978 1107 1082 1171 debet.
1095 1106 1165 1172 Hoc
1177 1105 1346 1191 prodromo
1358 1104 1542 1188 praemisso,
1557 1108 1579 1170 b

113 1196 166 1274 „in
182 1195 439 1262 familiaritatem
448 1197 488 1261 ab
496 1196 706 1262 Auditoribus
716 1195 863 1272 admisso,
872 1199 983 1280 postea
992 1195 1100 1260 ordine
1108 1195 1216 1261 accedi
1223 1198 1339 1279 potest,
1352 1193 1392 1257 ad
1404 1193 1579 1258 modestam

114 1287 156 1362 „a
169 1287 381 1350 verecundam
394 1285 519 1352 irretitis
532 1287 618 1352 illias
629 1285 819 1350 ceremoniae
831 1305 1007 1362 censuram,
1021 1285 1113 1370 [pag.
1126 1285 1207 1370 834]
1222 1284 1271 1348 vel
1285 1283 1311 1347 si
1324 1281 1425 1346 mavis
1438 1281 1579 1364 explice-

113 1373 264 1452 ,tionem
289 1373 352 1439 Sed
363 1375 521 1458 imprimis
537 1375 681 1458 privatae
693 1372 917 1438 instructiones
930 1371 1067 1458 glaciem
1079 1373 1131 1438 hic
1143 1373 1304 1458 frangent.
1329 1371 1451 1446 Quibus
1467 1391 1578 1453 perac-

110 1463 174 1542 „tia
202 1462 454 1540 deliberandum,
479 1486 519 1528 an
545 1463 724 1528 benacum
750 1462 852 1540 venia,
877 1462 904 1526 si
916 1483 980 1526 non
996 1462 1150 1542 omnium,
1163 1466 1220 1527 aut
1229 1462 1452 1545 plerorumque
1465 1459 1579 1523 saltem

110 1573 254 1630 „eorum
268 1552 323 1635 qni
336 1553 500 1617 columnae
512 1551 660 1617 videntur
676 1551 769 1616 istius
782 1550 953 1629 Ecclesiae,
967 1550 1103 1616 mutatio
1115 1551 1241 1616 institui
1259 1549 1368 1634 possit.
1394 1547 1503 1630 Atque
1520 1548 1580 1612 lroc

112 1639 255 1719 ,ordina
280 1644 395 1706 arcete
409 1641 619 1706 sentientibus
632 1640 789 1725 agendum
805 1661 926 1704 censeo
939 1638 1030 1715 Quod
1043 1641 1084 1704 ad
1095 1639 1261 1704 Ministros
1271 1636 1502 1714 dissentientes
1527 1659 1579 1700 eos

111 1727 318 1808 „tolerabunt
337 1730 360 1795 b
380 1729 517 1794 fideliter
539 1730 725 1808 monebunt,
749 1751 788 1792 ne
806 1751 864 1812 pro
887 1729 947 1793 hoc
970 1728 1225 1804 πατροπαραδότῳ
1239 1730 1390 1800 tertuum
1409 1729 1500 1789 tanto
1513 1725 1580 1789 zelo

109 1818 335 1898 „contendant
366 1818 389 1882 dr
405 1817 451 1882 sic
461 1818 597 1883 nimium
622 1817 804 1882 altercando
816 1817 985 1881 veritatem
1001 1817 1161 1882 amittant.
1186 1815 1221 1881 Si
1235 1815 1444 1899 adiaphorum
1457 1818 1581 1890 vocant,

111 1911 198 1991 ‚qua
225 1905 417 1972 conscientia
442 1907 585 1972 libertati
609 1909 744 1972 fratrum
764 1906 879 1970 melius
891 1905 1098 1970 sentientium
1109 1906 1338 1989 praejudicant,
1352 1905 1490 1970 &tantas
1501 1903 1579 1985 ipsis

7 2019 18 2038 ·
111 1995 298 2072 ¹„molestias
325 1995 498 2060 facessunt.
522 1995 662 2061 Videant
678 2019 718 2060 ne
730 1995 808 2080 ipsis
825 1995 951 2060 eveniat
962 1994 1047 2078 quod
1057 1993 1219 2058 nonnullis
1234 1993 1276 2059 N.
1294 1992 1337 2058 N.
1354 2015 1410 2076 pro
1423 1991 1579 2071 crucibus,

113 2083 344 2168 „imaginibus
369 2083 535 2160 altaribus,
558 2087 609 2152 &a
637 2085 722 2150 bella
741 2083 939 2169 gerentibus,
963 2083 1019 2168 qui
1040 2083 1073 2147 in
1094 2085 1218 2147 fervore
1230 2079 1450 2158 contentionis¹
1462 2079 1580 2145 sensim

114 2173 205 2251 „siue
229 2195 334 2252 sensu,
358 2173 386 2236 si
410 2195 474 2236 non
499 2173 539 2238 ad
562 2174 728 2253 vomitum,
745 2173 860 2238 saltem
878 2172 918 2237 ad
931 2172 1060 2238 odorem
1070 2172 1208 2238 vomitus
1224 2171 1349 2258 papalia
1365 2168 1483 2254 relapsi
1494 2173 1580 2234 sunt.

109 2259 205 2341 „Oete
216 2258 248 2320 oi
258 2263 477 2339 μυκτηρίζεται,

390 3394 394 3399 ’
465 3380 1038 3434 ---‡xc.fflfffl2wssia
1064 3393 1292 3422 «”“--·-··
