3768 4842
321 269 363 340 20
532 265 647 340 Pras
681 273 708 340 I.
743 265 803 340 Da
838 263 1036 343 0111111
1074 269 1221 342 Ρ1111.
1255 267 1378 343 Ecca.
1414 265 1502 342 bru.
1538 264 1563 342 l.

320 466 402 542 atur,
422 466 458 527 ut
473 463 708 546 aliquantulum
724 463 827 527 adhuc
839 463 975 529 differat.
1001 463 1107 550 Atque
1119 464 1171 530 hic
1183 461 1353 528 laudabilis
1365 485 1433 527 mos
1446 463 1569 528 obtinet
1581 463 1613 526 in
1626 461 1780 528 Ecclesiis

319 552 445 618 nostris.
469 549 535 618 Ubi
559 555 666 616 autern
690 552 924 638 presbyterium
947 553 1050 638 primo
1072 553 1302 618 instituendum
1327 557 1386 630 est,
1413 556 1436 618 a
1462 551 1607 618 Ecclesia
1629 551 1782 617 Ministro

319 640 513 720 destituitur,
536 662 593 705 nec
616 641 757 724 suppetit
789 641 881 726 copia
904 639 1045 708 Ministri
1061 642 1167 722 vicini,
1180 645 1269 727 cujus
1282 663 1343 724 ope
1355 641 1404 705 uti
1415 646 1532 725 posset,
1545 641 1626 706 nihil
1642 645 1729 708 vetat
1746 642 1782 706 in

319 751 435 816 genere
458 730 522 794 imo
546 731 569 796 81
591 729 625 793 11
648 729 751 814 specie
767 731 910 814 profiteri
925 731 1009 811 illos,
1023 754 1102 816 quos
1115 737 1236 798 certum
1249 735 1297 796 est
1308 729 1462 794 hactenus
1473 730 1588 795 nullibi
1605 729 1779 815 professos,

318 823 489 903 praeeunte
501 819 534 883 in
544 815 729 884 'erotematis
742 819 926 898 fonuandis,
939 820 1231 905 &responsionibus
1244 819 1440 903 recipiendis,
1453 819 1586 904 aliisque
1599 820 1669 885 istis
1678 841 1780 905 agen-

319 907 377 987 dis,
402 929 587 993 quocunque
610 907 696 972 fideli
719 908 760 994 (si
783 908 854 992 quis
873 909 940 990 sit),
956 914 1012 974 aut
1024 909 1259 975 catechumeno
1273 910 1312 973 ad
1323 908 1401 974 haec
1412 929 1488 992 prae
1501 909 1573 974 aliis
1584 908 1782 988 idoneo,&a

316 997 447 1081 reliquis
471 997 511 1062 ad
532 997 565 1060 id
587 996 766 1081 specialiter
785 997 961 1082 designato,
974 1001 1030 1063 aut
1046 999 1217 1083 postulato.
1231 997 1308 1063 Tale
1322 997 1407 1061 enirn
1422 1020 1501 1082 opus
1513 997 1738 1081 provisionem,
1755 999 1780 1064 81

319 1086 605 1152 extraordinarium
613 1085 647 1150 in
656 1086 811 1169 ejusmodi
819 1088 1018 1154 necessitatis
1027 1087 1200 1167 casu,nihil
1209 1087 1405 1172 praejudicat
1412 1086 1491 1151 sacri
1498 1085 1665 1152 ministerii
1674 1086 1783 1152 ordini

198 1193 202 1204 ·
320 1175 525 1259 acpotmtati.
535 1172 665 1260 Reliqui
673 1174 699 1239 si
709 1176 764 1260 qui
775 1175 847 1240 istic
855 1181 930 1241 sunt
939 1177 1058 1256 fideles,
1067 1176 1161 1241 fidem
1172 1181 1245 1242 ante
1254 1176 1315 1243 hac
1323 1174 1439 1240 alicubi
1448 1175 1593 1260 professi,
1605 1175 1781 1262 analogum

319 1263 507 1348 professioni
519 1264 727 1348 praestabunt
737 1264 922 1330 testimonio
936 1269 992 1330 aut
1003 1267 1150 1344 testibus,
1166 1270 1223 1330 aut
1235 1266 1475 1350 quibuscunque
1492 1264 1563 1329 aliis
1576 1264 1780 1345 1111111111-

321 1351 1258 1438 cendoseprofessos.lnadmissionalideliumadEcclesiam
1268 1353 1782 1438 institutumquotiescunqueali-

318 1464 412 1525 quem
423 1443 562 1527 migrare
570 1441 752 1528 contigerit,
761 1442 922 1508 suffecerit
930 1443 1151 1510 testimonium
1160 1444 1280 1529 absque
1289 1465 1372 1508 novo
1384 1443 1528 1507 examine
1538 1447 1593 1506 aut
1601 1441 1780 1526 professio-

318 1553 368 1595 ne:
378 1530 562 1599 nisiincasu
570 1529 1222 1619 praesumtae[pag.l9]hetetodoxiae.lEt
1231 1533 1284 1597 hic
1293 1555 1361 1598 mos
1370 1531 1494 1596 obtinet
1501 1532 1535 1595 in
1543 1531 1660 1596 nostris
1670 1531 1785 1597 Eccle-

318 1619 385 1684 siis.
400 1659 438 1668 -
451 1615 508 1685 IV.
526 1618 572 1685 Ut
584 1625 640 1684 aut
651 1620 843 1686 testimoniis
856 1619 1089 1686 Ecclesiasticis
1105 1621 1275 1708 (siquidem
1288 1644 1326 1687 ex
1338 1620 1402 1684 alia
1414 1619 1558 1686 Ecclesia
1567 1620 1630 1684 hue
1645 1622 1783 1686 commi·

319 1709 436 1793 grant),
461 1713 517 1773 aut
539 1708 661 1773 idoneis
692 1709 839 1788 testibus,
864 1710 903 1775 ad
931 1733 1063 1776 examen
1086 1713 1108 1777 fe
1132 1711 1365 1795 professionem
1381 1709 1455 1774 fidei
1471 1731 1578 1774 secum
1590 1709 1785 1776 adducendis

319 1805 468 1882 (quorum
479 1798 609 1864 nomina
622 1797 695 1862 albo
708 1798 930 1864 Ecclesiastico
944 1800 1036 1884 juxta
1049 1799 1179 1864 nomina
1190 1799 1386 1866 novitiorum
1395 1798 1617 1878 inscribantur)
1627 1798 1784 1882 pietatem

320 1888 342 1952 11
364 1887 459 1966 vitae,
483 1908 672 1970 morumque
695 1887 914 1972 iutegritatem
938 1888 1090 1972 probent:
1115 1911 1149 1954 re
1173 1889 1270 1954 etiam
1293 1893 1366 1953 ante
1383 1891 1527 1952 accurate
1543 1887 1708 1972 explorare
1723 1911 1784 1972 per

319 1973 466 2040 Seniores
489 1978 513 2042 u
532 1973 715 2040 Ministmm
727 1976 819 2040 istius
832 1977 1002 2042 districtus.
1016 1975 1123 2062 Atque
1135 1976 1221 2043 hunc
1232 1976 1486 2042 laudatissimum
1501 1998 1622 2041 morem
1634 1975 1668 2040 in
1679 1979 1785 2062 majo-

319 2063 407 2129 ribus
431 2086 488 2129 seu
509 2063 779 2148 frequentioribus
803 2063 908 2152 Belgii
931 2065 1093 2144 EcclesiiS,
1116 2067 1236 2152 passim
1261 2067 1379 2132 serrari
1403 2065 1558 2130 arbitror:
1572 2066 1786 2150 &peculiares

320 2157 394 2216 sunt
416 2153 565 2232 rationes,
585 2176 641 2218 cur
653 2153 714 2218 hoe
726 2154 829 2240 magis
842 2154 874 2218 in
890 2154 965 2234 illis,
982 2177 1078 2238 quam
1090 2155 1123 2220 in
1135 2154 1276 2240 parvulis
1290 2155 1441 2220 Ecclesiis
1457 2154 1523 2222 sive
1536 2153 1703 2239 oppidanis
1715 2155 1785 2222 sive

319 2241 439 2306 vicanis
451 2242 641 2326 requiratur.
654 2239 776 2308 Saltem
791 2243 823 2307 in
837 2243 896 2308 hac
907 2249 1017 2308 nostra
1026 2247 1171 2310 accurate
1187 2244 1249 2310 lroc
1261 2244 1377 2330 agitur,
1394 2249 1565 2328 antequam
1581 2243 1622 2308 ad
1633 2245 1785 2310 conclave

319 2332 567 2414 competeutium
579 2331 800 2412 admittuntur,
817 2334 840 2398 11
851 2338 1022 2417 postquam
1030 2334 1098 2416 jam
1111 2333 1241 2398 admissi
1253 2333 1318 2398 illic
1330 2333 1362 2398 iu
1376 2332 1486 2398 orbern
1498 2337 1677 2398 recurrente
1687 2331 1784 2398 Cate-

319 2418 441 2484 chetico
462 2421 618 2499 examine,
642 2420 838 2504 aliquamdiu
861 2421 992 2486 scientia
1015 2422 1241 2488 &orthodoxia
1258 2445 1368 2487 eorum
1381 2422 1574 2508 exploratur.
1590 2461 1621 2470 —
1643 2419 1785 2487 11011-

318 2507 494 2574 foederatio
518 2531 573 2574 seu
596 2509 760 2593 stipulatio
784 2511 967 2595 requiritur,
984 2515 1047 2595 qud
1060 2511 1250 2596 promittant
1262 2509 1331 2577 Deo
1342 2513 1365 2577 81
1377 2511 1550 2591 Ecclesiae,
1566 2511 1784 2576 continuatio-

318 2618 392 2662 nem
404 2599 427 2663 &
439 2619 642 2684 progressum
653 2597 687 2662 in
702 2599 759 2662 illa
775 2599 995 2664 communione
1011 2598 1211 2665 Sanctorum.
1225 2599 1307 2665 Vide
1322 2601 1356 2664 iu
1368 2601 1510 2684 titurpid
1524 2602 1632 2664 rwstrd
1648 2601 1784 2666 Forma-

319 2685 384 2751 tam
411 2687 604 2770 Baptizumti
626 2687 776 2764 ridolto&
799 2689 870 2754 vide
894 2690 916 2754 11
938 2689 1124 2754 Ρ1111111111
1140 2687 1434 2754 Administrationis
1447 2689 1584 2755 Coenae.
1601 2687 1664 2753 Sed
1677 2689 1785 2775 magis

320 2774 468 2859 explicite
491 2777 530 2840 ad
551 2773 690 2841 Coenam
706 2777 901 2842 &Ecclesiae
914 2778 1171 2843 communionem
1183 2778 1371 2843 admitteudi
1387 2782 1530 2844 sanctam
1542 2779 1633 2842 illam
1647 2777 1785 2843 Confos-

319 2864 515 2928 demtionem
523 2865 644 2940 ineunt,
654 2888 726 2930 cum
741 2866 933 2952 respondent
948 2871 1145 2931 nontantum
1155 2868 1194 2931 ad
1206 2867 1412 2951 particularia
1429 2872 1607 2932 erotemata
1620 2867 1658 2932 de
1670 2869 1784 2951 poeni-

318 2953 430 3033 tentiis,
454 2953 492 3018 de
514 2953 586 3032 fide,
601 2954 639 3018 ele
656 2953 862 3039 gratitudine,
875 2957 897 3020 81
912 2955 1042 3038 quidem
1054 2957 1213 3040 applicate
1225 2957 1265 3020 ad
1277 2956 1406 3041 seipsos,
1419 2956 1473 3023 sed
1485 2958 1524 3020 ad
1540 2956 1703 3043 generalia
1715 2957 1785 3036 illa,

317 3062 398 3124 quae
407 3063 521 3126 agmen
537 3042 698 3122 claudunt,
716 3044 745 3108 l.
758 3043 810 3108 An
823 3043 891 3109 scil.
907 3050 1081 3130 agnoscant
1093 3045 1271 3110 doctrinam
1283 3044 1500 3110 Ecclesiarum
1517 3050 1697 3110 nostrarum
1714 3069 1785 3112 esse

317 3129 525 3196 orthodoxam
548 3131 651 3208 fidem,
676 3134 698 3197 11
721 3132 805 3197 viam
828 3133 962 3198 salutis?
988 3135 1018 3200 2.
1037 3134 1087 3197 An
1101 3134 1289 3218 promittant
1305 3158 1339 3199 se
1354 3157 1411 3218 per
1427 3133 1487 3198 Dei
1500 3135 1638 3219 gratiam
1651 3134 1683 3198 iu
1696 3135 1786 3201 illius

317 3218 478 3283 doctrinae
490 3220 686 3302 professione
699 3244 799 3306 usque
815 3222 855 3285 ad
869 3226 1005 3286 mortem
1018 3227 1300 3306 perseveraturos?
1315 3225 1345 3286 3.
1361 3223 1412 3288 An
1424 3223 1617 3307 promittant
1629 3246 1663 3288 se
1674 3229 1785 3290 sancte

317 3307 442 3392 &digne
453 3307 514 3372 hac
525 3307 667 3374 doctrina
683 3311 846 3375 victuros?
862 3313 892 3374 4.
906 3308 958 3375 Au
970 3311 1139 3395 subjiciant
1152 3334 1185 3377 se
1197 3311 1381 3396 disciplinae
1394 3310 1634 3377 Ecclesiasticae
1646 3315 1660 3378 1
1673 3311 1783 3398 Atque

317 3394 396 3460 haec
422 3397 506 3461 ratio
530 3398 743 3482 stipulationis
771 3397 1103 3466 &confoederationis
1127 3401 1161 3465 in
1188 3401 1306 3465 nostris
1322 3400 1483 3465 Ecclesiis.
1499 3399 1590 3476 Quod
1601 3402 1641 3466 ad
1652 3403 1786 3468 modum

314 3483 407 3550 illum
434 3485 718 3552 confoederationis
741 3492 1036 3572 perjuramentum,
1049 3494 1105 3554 aut
1117 3489 1274 3554 formulae
1288 3513 1344 3553 seu
1360 3490 1563 3554 instrmnenti
1576 3491 1785 3575 subscriptio·

318 3594 407 3638 nem:
424 3597 489 3638 non
504 3575 629 3640 videtur
644 3575 671 3640 is
688 3599 755 3641 esse
767 3578 973 3641 necessarius.
986 3577 1113 3642 Sufficit
1125 3578 1203 3642 haec
1220 3577 1290 3643 fieri
1302 3601 1408 3644 coram
1425 3579 1535 3644 multis
1547 3580 1699 3646 testibus:
1717 3605 1785 3646 non

318 3667 425 3726 tamen
448 3663 640 3728 arbitramur
664 3687 731 3730 esse
754 3666 921 3741 illicitum3
946 3667 993 3730 uti
1017 3689 1092 3731 mox
1116 3667 1257 3731 dicemus
1282 3667 1314 3730 in
1339 3667 1554 3733 Precianam.
1567 3667 1615 3732 De
1627 3670 1785 3735 relatione

317 3751 413 3830 modi,
436 3775 499 3836 quc
521 3753 592 3836 quis
616 3776 783 3820 conversus
808 3760 865 3832 est,
886 3755 986 3838 deque
999 3756 1129 3839 speciali
1145 3760 1349 3839 peccatorum
1366 3755 1562 3822 confessione
1575 3761 1684 3842 (quam
1698 3757 1784 3824 forte

317 3841 463 3904 nonnulli
485 3841 695 3925 requirerent)
722 3843 806 3908 infra
833 3843 972 3908 dicemus
999 3845 1033 3908 in
1060 3844 1275 3910 Probleruutis.
1306 3883 1345 3892 —-
1374 3843 1431 3910 Vl.
1456 3845 1515 3910 Est
1529 3847 1651 3912 libertos
1667 3852 1735 3912 taur
1749 3850 1785 3912 in

318 3933 401 4006 ortu,
424 3952 520 4012 quam
543 3929 576 3993 in
603 3936 685 3995 actu.
706 3929 752 3996 Ut
765 3932 863 3997 libere
880 3932 947 3996 scil.
960 3934 993 3996 in
1010 3933 1113 4016 prima
1125 3933 1289 3998 Ecclesiae
1302 3934 1497 4014 collectione,
1514 3940 1570 3999 aut
1586 3937 1618 4000 in
1630 3936 1785 4002 collectae

318 4016 553 4082 continuatione
577 4041 633 4103 per
656 4021 867 4104 receptionem
890 4043 1045 4086 novorum
1073 4023 1299 4101 membrorum,
1325 4045 1513 4088 consensum
1537 4047 1630 4088 suum
1646 4025 1784 4110 quisque

317 4105 464 4183 declaret,
488 4110 511 4173 11
533 4107 842 4174 confoederationem
854 4108 956 4174 ineat:
970 4134 1035 4175 nou
1051 4133 1126 4175 veru
1139 4113 1255 4175 coacte.
1270 4111 1362 4186 Quod
1377 4113 1512 4177 extendo
1524 4136 1589 4177 non
1603 4119 1731 4178 tantum
1743 4117 1786 4180 ad

316 4194 524 4278 recipiendos,
547 4195 602 4260 sed
625 4197 723 4262 etiam
746 4199 786 4263 ad
801 4198 997 4280 recipientes.
1012 4199 1126 4283 Neque
1139 4223 1212 4264 eum
1226 4199 1371 4264 Ecclesia
1383 4200 1453 4284 cogi
1467 4206 1581 4284 potest,
1598 4203 1677 4267 utin
1695 4226 1784 4268 com·

317 4283 499 4349 munionem
523 4285 680 4364 admittet,
705 4309 799 4371 quem
824 4287 919 4370 justis
943 4289 981 4353 de
1006 4289 1109 4352 causis
1133 4311 1195 4352 non
1218 4289 1449 4352 admittendum
1459 4291 1591 4373 judicat.
1605 4291 1736 4357 Adhaec
1748 4299 1785 4358 ut

315 4371 417 4444 libare
439 4375 602 4440 continuet
626 4374 717 4439 illam
740 4374 1008 4455 communionem
1021 4377 1066 4442 sic
1080 4381 1116 4440 ut
1128 4376 1269 4442 honestis
1284 4381 1340 4442 aut
1350 4379 1536 4444 necessariis
1549 4380 1587 4446 de
1599 4381 1702 4446 causis
1718 4383 1784 4449 alio
1868 4381 1869 4386 ’

1695 4493 1784 4536 conr-
