<?xml version="1.0" encoding="UTF-8"?>
<!DOCTYPE html PUBLIC "-//W3C//DTD XHTML 1.0 Transitional//EN"
    "http://www.w3.org/TR/xhtml1/DTD/xhtml1-transitional.dtd">
<html xmlns="http://www.w3.org/1999/xhtml" xml:lang="en" lang="en">
 <head>
  <title>
</title>
<meta http-equiv="Content-Type" content="text/html;charset=utf-8" />
  <meta name='ocr-system' content='tesseract 3.04.00' />
  <meta name='ocr-capabilities' content='ocr_page ocr_carea ocr_par ocr_line ocrx_word'/>
</head>
<body>
  <div class='ocr_page' id='page_1' title='image "./gisbertivoetiit00rutggoog_0571.png"; bbox 0 0 3736 4860; ppageno 0'>
   <div class='ocr_carea' id='block_1_1' title="bbox 327 294 1579 376">
    <p class='ocr_par' dir='ltr' id='par_1_1' title="bbox 327 294 1579 376">
     <span class='ocr_line' id='line_1_1' title="bbox 327 294 1579 376; baseline 0.002 -6"><span class='ocrx_word' id='word_1_1' title='bbox 327 297 437 370; x_wconf 62' lang='lat' dir='ltr'>&#39;&#39;Pmca</span> <span class='ocrx_word' id='word_1_2' title='bbox 450 295 493 371; x_wconf 90' lang='lat' dir='ltr'>Il.</span> <span class='ocrx_word' id='word_1_3' title='bbox 517 299 604 370; x_wconf 81' lang='lat' dir='ltr'>Sace.</span> <span class='ocrx_word' id='word_1_4' title='bbox 617 303 676 372; x_wconf 85' lang='grc' dir='ltr'><strong>ΙΙΙ.</strong></span> <span class='ocrx_word' id='word_1_5' title='bbox 700 295 749 370; x_wconf 84' lang='lat' dir='ltr'>Da</span> <span class='ocrx_word' id='word_1_6' title='bbox 763 294 1296 374; x_wconf 68' lang='grc'><strong>11011111111110111111111101.</strong></span> <span class='ocrx_word' id='word_1_7' title='bbox 1310 294 1368 375; x_wconf 76' lang='lat' dir='ltr'>IV.</span> <span class='ocrx_word' id='word_1_8' title='bbox 1517 297 1579 376; x_wconf 77' lang='lat' dir='ltr'>led</span> 
     </span>
    </p>
   </div>
   <div class='ocr_carea' id='block_1_2' title="bbox 114 491 1580 759">
    <p class='ocr_par' dir='ltr' id='par_1_2' title="bbox 114 491 1580 759">
     <span class='ocr_line' id='line_1_2' title="bbox 115 491 1579 581; baseline 0.003 -20"><span class='ocrx_word' id='word_1_9' title='bbox 115 496 258 574; x_wconf 84' lang='lat' dir='ltr'>,sionem</span> <span class='ocrx_word' id='word_1_10' title='bbox 282 493 413 572; x_wconf 87' lang='lat' dir='ltr'>subiret,</span> <span class='ocrx_word' id='word_1_11' title='bbox 431 492 569 557; x_wconf 87' lang='lat' dir='ltr'>nuditati</span> <span class='ocrx_word' id='word_1_12' title='bbox 590 496 825 578; x_wconf 75' lang='lat' dir='ltr'>compararunt,</span> <span class='ocrx_word' id='word_1_13' title='bbox 846 491 896 556; x_wconf 80' lang='lat' dir='ltr'>tto.</span> <span class='ocrx_word' id='word_1_14' title='bbox 917 492 1067 575; x_wconf 76' lang='lat' dir='ltr'>Secundo,</span> <span class='ocrx_word' id='word_1_15' title='bbox 1081 495 1157 581; x_wconf 91' lang='lat' dir='ltr'>quia</span> <span class='ocrx_word' id='word_1_16' title='bbox 1171 495 1281 560; x_wconf 79' lang='grc'><strong>1101111</strong></span> <span class='ocrx_word' id='word_1_17' title='bbox 1294 495 1438 560; x_wconf 89' lang='lat' dir='ltr'>nuditate</span> <span class='ocrx_word' id='word_1_18' title='bbox 1456 519 1519 563; x_wconf 92' lang='lat' dir='ltr'>non</span> <span class='ocrx_word' id='word_1_19' title='bbox 1531 521 1579 565; x_wconf 88' lang='lat' dir='ltr'>se-</span> 
     </span>
     <span class='ocr_line' id='line_1_3' title="bbox 114 579 1580 668; baseline 0.005 -18"><span class='ocrx_word' id='word_1_20' title='bbox 114 608 201 664; x_wconf 70' lang='lat' dir='ltr'>,eus</span> <span class='ocrx_word' id='word_1_21' title='bbox 224 606 260 648; x_wconf 90' lang='lat' dir='ltr'>ac</span> <span class='ocrx_word' id='word_1_22' title='bbox 280 585 318 647; x_wconf 89' lang='lat' dir='ltr'>de</span> <span class='ocrx_word' id='word_1_23' title='bbox 338 583 405 660; x_wconf 83' lang='lat' dir='ltr'>illa,</span> <span class='ocrx_word' id='word_1_24' title='bbox 422 588 486 668; x_wconf 79' lang='lat' dir='ltr'>qut</span> <span class='ocrx_word' id='word_1_25' title='bbox 498 582 530 645; x_wconf 93' lang='lat' dir='ltr'>in</span> <span class='ocrx_word' id='word_1_26' title='bbox 544 583 647 647; x_wconf 89' lang='lat' dir='ltr'>lucem</span> <span class='ocrx_word' id='word_1_27' title='bbox 662 583 853 666; x_wconf 82' lang='lat' dir='ltr'>suscipimur</span> <span class='ocrx_word' id='word_1_28' title='bbox 865 579 920 650; x_wconf 82' lang='lat' dir='ltr'>SS.</span> <span class='ocrx_word' id='word_1_29' title='bbox 933 583 1117 651; x_wconf 83' lang='lat' dir='ltr'>Ambrosius</span> <span class='ocrx_word' id='word_1_30' title='bbox 1133 585 1366 664; x_wconf 68' lang='lat' dir='ltr'>&amp;Beraardua</span> <span class='ocrx_word' id='word_1_31' title='bbox 1384 585 1482 650; x_wconf 85' lang='lat' dir='ltr'>locuti</span> <span class='ocrx_word' id='word_1_32' title='bbox 1495 597 1580 657; x_wconf 90' lang='lat' dir='ltr'>sunt.</span> 
     </span>
     <span class='ocr_line' id='line_1_4' title="bbox 115 671 1579 759; baseline 0.003 -19"><span class='ocrx_word' id='word_1_33' title='bbox 115 675 251 752; x_wconf 67' lang='lat' dir='ltr'>,Tertia</span> <span class='ocrx_word' id='word_1_34' title='bbox 277 672 361 759; x_wconf 88' lang='lat' dir='ltr'>quod</span> <span class='ocrx_word' id='word_1_35' title='bbox 384 672 558 758; x_wconf 77' lang='lat' dir='ltr'>Dionys-ias</span> <span class='ocrx_word' id='word_1_36' title='bbox 582 673 777 759; x_wconf 75' lang='lat' dir='ltr'>Areopapitc,</span> <span class='ocrx_word' id='word_1_37' title='bbox 801 671 889 736; x_wconf 82' lang='lat' dir='ltr'>Elios</span> <span class='ocrx_word' id='word_1_38' title='bbox 915 673 1077 752; x_wconf 79' lang='lat' dir='ltr'>Cretensis,</span> <span class='ocrx_word' id='word_1_39' title='bbox 1098 673 1322 758; x_wconf 79' lang='lat' dir='ltr'>acplures&#39;alii</span> <span class='ocrx_word' id='word_1_40' title='bbox 1337 674 1466 740; x_wconf 90' lang='lat' dir='ltr'>omnino</span> <span class='ocrx_word' id='word_1_41' title='bbox 1479 679 1579 745; x_wconf 92' lang='lat' dir='ltr'>nudos</span> 
     </span>
    </p>
   </div>
   <div class='ocr_carea' id='block_1_3' title="bbox 8 759 1581 1114">
    <p class='ocr_par' dir='ltr' id='par_1_3' title="bbox 8 759 1581 1114">
     <span class='ocr_line' id='line_1_5' title="bbox 8 759 1579 851; baseline 0.003 -23"><span class='ocrx_word' id='word_1_42' title='bbox 8 823 9 828; x_wconf 73' lang='grc'><strong>,</strong></span> <span class='ocrx_word' id='word_1_43' title='bbox 115 763 235 842; x_wconf 80' lang='lat' dir='ltr'>,fuisse</span> <span class='ocrx_word' id='word_1_44' title='bbox 259 761 443 825; x_wconf 91' lang='lat' dir='ltr'>docuerunt.</span> <span class='ocrx_word' id='word_1_45' title='bbox 469 761 597 844; x_wconf 77' lang='lat' dir='ltr'>Quarto,</span> <span class='ocrx_word' id='word_1_46' title='bbox 622 761 698 847; x_wconf 89' lang='lat' dir='ltr'>quia</span> <span class='ocrx_word' id='word_1_47' title='bbox 722 759 912 844; x_wconf 80' lang='lat' dir='ltr'>Nicephorus</span> <span class='ocrx_word' id='word_1_48' title='bbox 939 759 1088 828; x_wconf 73' lang='lat' dir='ltr'><em>Callistus</em></span> <span class='ocrx_word' id='word_1_49' title='bbox 1112 762 1295 828; x_wconf 78' lang='lat' dir='ltr'>Hebraeum</span> <span class='ocrx_word' id='word_1_50' title='bbox 1311 761 1460 841; x_wconf 88' lang='lat' dir='ltr'>Puerum,</span> <span class='ocrx_word' id='word_1_51' title='bbox 1474 769 1579 851; x_wconf 88' lang='lat' dir='ltr'>qualis</span> 
     </span>
     <span class='ocr_line' id='line_1_6' title="bbox 8 849 1578 940; baseline 0.004 -24"><span class='ocrx_word' id='word_1_52' title='bbox 8 877 10 928; x_wconf 68' lang='grc' dir='ltr'><em>ἡ</em></span> <span class='ocrx_word' id='word_1_53' title='bbox 115 857 248 931; x_wconf 86' lang='lat' dir='ltr'>,natare</span> <span class='ocrx_word' id='word_1_54' title='bbox 265 850 389 914; x_wconf 87' lang='lat' dir='ltr'>solebat</span> <span class='ocrx_word' id='word_1_55' title='bbox 406 850 497 935; x_wconf 89' lang='lat' dir='ltr'>aquis</span> <span class='ocrx_word' id='word_1_56' title='bbox 517 849 763 935; x_wconf 89' lang='lat' dir='ltr'>baptismalibus</span> <span class='ocrx_word' id='word_1_57' title='bbox 777 851 847 934; x_wconf 89' lang='lat' dir='ltr'>(per</span> <span class='ocrx_word' id='word_1_58' title='bbox 859 849 966 931; x_wconf 84' lang='lat' dir='ltr'>jocum</span> <span class='ocrx_word' id='word_1_59' title='bbox 978 850 1046 916; x_wconf 90' lang='lat' dir='ltr'>scil.</span> <span class='ocrx_word' id='word_1_60' title='bbox 1059 853 1082 918; x_wconf 83' lang='lat' dir='ltr'>a</span> <span class='ocrx_word' id='word_1_61' title='bbox 1095 851 1205 917; x_wconf 91' lang='lat' dir='ltr'>ludum</span> <span class='ocrx_word' id='word_1_62' title='bbox 1218 855 1237 916; x_wconf 80' lang='grc'>1</span> <span class='ocrx_word' id='word_1_63' title='bbox 1248 850 1360 916; x_wconf 86' lang='lat' dir='ltr'>Pueris</span> <span class='ocrx_word' id='word_1_64' title='bbox 1373 851 1578 940; x_wconf 89' lang='lat' dir='ltr'>Christianis)</span> 
     </span>
     <span class='ocr_line' id='line_1_7' title="bbox 8 937 1581 1030; baseline 0.006 -28"><span class='ocrx_word' id='word_1_65' title='bbox 8 937 10 1002; x_wconf 66' lang='grc' dir='ltr'>ξ</span> <span class='ocrx_word' id='word_1_66' title='bbox 115 941 284 1020; x_wconf 85' lang='lat' dir='ltr'>,ablutum</span> <span class='ocrx_word' id='word_1_67' title='bbox 296 938 395 1002; x_wconf 90' lang='lat' dir='ltr'>fuisse</span> <span class='ocrx_word' id='word_1_68' title='bbox 408 938 520 1003; x_wconf 89' lang='lat' dir='ltr'>tradit:</span> <span class='ocrx_word' id='word_1_69' title='bbox 534 943 603 1003; x_wconf 87' lang='lat' dir='ltr'>turn</span> <span class='ocrx_word' id='word_1_70' title='bbox 616 939 767 1024; x_wconf 89' lang='lat' dir='ltr'>quoniam</span> <span class='ocrx_word' id='word_1_71' title='bbox 779 941 882 1002; x_wconf 89' lang='lat' dir='ltr'>totum</span> <span class='ocrx_word' id='word_1_72' title='bbox 894 959 1008 1022; x_wconf 86' lang='lat' dir='ltr'>corpus</span> <span class='ocrx_word' id='word_1_73' title='bbox 1021 941 1112 1026; x_wconf 90' lang='lat' dir='ltr'>aquis</span> <span class='ocrx_word' id='word_1_74' title='bbox 1121 940 1336 1026; x_wconf 88' lang='lat' dir='ltr'>mergebatur.</span> <span class='ocrx_word' id='word_1_75' title='bbox 1353 942 1486 1022; x_wconf 79' lang='lat' dir='ltr'>Deinde,</span> <span class='ocrx_word' id='word_1_76' title='bbox 1496 947 1581 1030; x_wconf 89' lang='lat' dir='ltr'>quod</span> 
     </span>
     <span class='ocr_line' id='line_1_8' title="bbox 8 1025 1580 1114; baseline 0.003 -20"><span class='ocrx_word' id='word_1_77' title='bbox 8 1059 9 1062; x_wconf 41' lang='lat'>¹</span> <span class='ocrx_word' id='word_1_78' title='bbox 116 1030 246 1108; x_wconf 84' lang='lat' dir='ltr'>,nullus</span> <span class='ocrx_word' id='word_1_79' title='bbox 270 1032 412 1092; x_wconf 88' lang='lat' dir='ltr'>veterum</span> <span class='ocrx_word' id='word_1_80' title='bbox 436 1025 645 1110; x_wconf 88' lang='lat' dir='ltr'>Scriptorum,</span> <span class='ocrx_word' id='word_1_81' title='bbox 658 1027 714 1113; x_wconf 91' lang='lat' dir='ltr'>qui</span> <span class='ocrx_word' id='word_1_82' title='bbox 726 1027 808 1090; x_wconf 91' lang='lat' dir='ltr'>hanc</span> <span class='ocrx_word' id='word_1_83' title='bbox 826 1028 1084 1093; x_wconf 78' lang='lat' dir='ltr'>consuetudinem</span> <span class='ocrx_word' id='word_1_84' title='bbox 1098 1030 1282 1108; x_wconf 88' lang='lat' dir='ltr'>docuerunt,</span> <span class='ocrx_word' id='word_1_85' title='bbox 1295 1028 1413 1094; x_wconf 90' lang='lat' dir='ltr'>fasciae</span> <span class='ocrx_word' id='word_1_86' title='bbox 1426 1031 1580 1114; x_wconf 90' lang='lat' dir='ltr'>pudendis</span> 
     </span>
    </p>
   </div>
   <div class='ocr_carea' id='block_1_4' title="bbox 8 1115 1637 1383">
    <p class='ocr_par' dir='ltr' id='par_1_4' title="bbox 8 1115 1637 1383">
     <span class='ocr_line' id='line_1_9' title="bbox 116 1115 1581 1204; baseline 0.003 -21"><span class='ocrx_word' id='word_1_87' title='bbox 116 1117 304 1204; x_wconf 80' lang='lat' dir='ltr'>,appositae</span> <span class='ocrx_word' id='word_1_88' title='bbox 323 1115 480 1180; x_wconf 87' lang='lat' dir='ltr'>meminit.</span> <span class='ocrx_word' id='word_1_89' title='bbox 505 1115 595 1191; x_wconf 87' lang='lat' dir='ltr'>Quod</span> <span class='ocrx_word' id='word_1_90' title='bbox 610 1115 795 1180; x_wconf 82' lang='lat' dir='ltr'>incredibile</span> <span class='ocrx_word' id='word_1_91' title='bbox 814 1115 985 1194; x_wconf 84' lang='lat' dir='ltr'>videratur,</span> <span class='ocrx_word' id='word_1_92' title='bbox 999 1117 1026 1180; x_wconf 87' lang='lat' dir='ltr'>si</span> <span class='ocrx_word' id='word_1_93' title='bbox 1039 1139 1077 1182; x_wconf 89' lang='lat' dir='ltr'>ea</span> <span class='ocrx_word' id='word_1_94' title='bbox 1091 1118 1210 1202; x_wconf 89' lang='lat' dir='ltr'>apponi</span> <span class='ocrx_word' id='word_1_95' title='bbox 1221 1117 1317 1183; x_wconf 87' lang='lat' dir='ltr'>solita</span> <span class='ocrx_word' id='word_1_96' title='bbox 1329 1117 1453 1183; x_wconf 91' lang='lat' dir='ltr'>fuisset.</span> <span class='ocrx_word' id='word_1_97' title='bbox 1477 1122 1516 1187; x_wconf 76' lang='lat' dir='ltr'>a</span> <span class='ocrx_word' id='word_1_98' title='bbox 1527 1123 1581 1188; x_wconf 84' lang='lat' dir='ltr'>de-</span> 
     </span>
     <span class='ocr_line' id='line_1_10' title="bbox 8 1201 1637 1298; baseline 0.002 -26"><span class='ocrx_word' id='word_1_99' title='bbox 8 1277 10 1280; x_wconf 63' lang='grc'><strong>,</strong></span> <span class='ocrx_word' id='word_1_100' title='bbox 116 1229 240 1286; x_wconf 65' lang='lat' dir='ltr'>,interra</span> <span class='ocrx_word' id='word_1_101' title='bbox 260 1206 310 1272; x_wconf 81' lang='lat' dir='ltr'>&amp;c</span> <span class='ocrx_word' id='word_1_102' title='bbox 326 1205 402 1290; x_wconf 89' lang='lat' dir='ltr'>quia</span> <span class='ocrx_word' id='word_1_103' title='bbox 421 1225 485 1268; x_wconf 94' lang='lat' dir='ltr'>non</span> <span class='ocrx_word' id='word_1_104' title='bbox 506 1205 634 1269; x_wconf 89' lang='lat' dir='ltr'>erubuit</span> <span class='ocrx_word' id='word_1_105' title='bbox 651 1205 723 1288; x_wconf 87' lang='lat' dir='ltr'>pius</span> <span class='ocrx_word' id='word_1_106' title='bbox 740 1202 918 1288; x_wconf 90' lang='lat' dir='ltr'>Imperator</span> <span class='ocrx_word' id='word_1_107' title='bbox 938 1205 1028 1269; x_wconf 88' lang='lat' dir='ltr'>vitali</span> <span class='ocrx_word' id='word_1_108' title='bbox 1041 1201 1129 1271; x_wconf 87' lang='lat' dir='ltr'>fonte</span> <span class='ocrx_word' id='word_1_109' title='bbox 1146 1210 1353 1290; x_wconf 86' lang='lat' dir='ltr'>campartem</span> <span class='ocrx_word' id='word_1_110' title='bbox 1369 1206 1505 1293; x_wconf 89' lang='lat' dir='ltr'>tingere,</span> <span class='ocrx_word' id='word_1_111' title='bbox 1518 1217 1582 1298; x_wconf 77' lang='lat' dir='ltr'>qua</span> <span class='ocrx_word' id='word_1_112' title='bbox 1634 1259 1637 1266; x_wconf 73' lang='lat'><em>,</em></span> 
     </span>
     <span class='ocr_line' id='line_1_11' title="bbox 8 1293 1581 1383; baseline 0.003 -23"><span class='ocrx_word' id='word_1_113' title='bbox 8 1301 10 1320; x_wconf 81' lang='lat'>³</span> <span class='ocrx_word' id='word_1_114' title='bbox 116 1319 233 1380; x_wconf 79' lang='lat' dir='ltr'>,saepe</span> <span class='ocrx_word' id='word_1_115' title='bbox 245 1293 361 1379; x_wconf 85' lang='lat' dir='ltr'>flagitii</span> <span class='ocrx_word' id='word_1_116' title='bbox 373 1293 396 1358; x_wconf 81' lang='grc'>81</span> <span class='ocrx_word' id='word_1_117' title='bbox 408 1293 570 1379; x_wconf 72' lang='lat' dir='ltr'>nequitiae</span> <span class='ocrx_word' id='word_1_118' title='bbox 585 1315 660 1358; x_wconf 90' lang='lat' dir='ltr'>usus</span> <span class='ocrx_word' id='word_1_119' title='bbox 672 1293 778 1358; x_wconf 91' lang='lat' dir='ltr'>fuerat</span> <span class='ocrx_word' id='word_1_120' title='bbox 790 1293 1011 1358; x_wconf 76' lang='lat' dir='ltr'>instrumente.</span> <span class='ocrx_word' id='word_1_121' title='bbox 1025 1293 1145 1359; x_wconf 90' lang='lat' dir='ltr'>Probat</span> <span class='ocrx_word' id='word_1_122' title='bbox 1157 1295 1232 1360; x_wconf 83' lang='lat' dir='ltr'>ibid.</span> <span class='ocrx_word' id='word_1_123' title='bbox 1242 1294 1325 1359; x_wconf 90' lang='lat' dir='ltr'>hanc</span> <span class='ocrx_word' id='word_1_124' title='bbox 1333 1293 1496 1362; x_wconf 81' lang='lat' dir='ltr'>Historiae</span> <span class='ocrx_word' id='word_1_125' title='bbox 1504 1322 1581 1383; x_wconf 90' lang='lat' dir='ltr'>par-</span> 
     </span>
    </p>
   </div>
   <div class='ocr_carea' id='block_1_5' title="bbox 8 1379 1582 1645">
    <p class='ocr_par' dir='ltr' id='par_1_5' title="bbox 8 1379 1582 1645">
     <span class='ocr_line' id='line_1_12' title="bbox 117 1379 1580 1470; baseline 0.005 -23.445"><span class='ocrx_word' id='word_1_126' title='bbox 117 1391 205 1466; x_wconf 87' lang='lat' dir='ltr'>,tem</span> <span class='ocrx_word' id='word_1_127' title='bbox 223 1407 260 1448; x_wconf 84' lang='lat' dir='ltr'>ex</span> <span class='ocrx_word' id='word_1_128' title='bbox 281 1384 348 1448; x_wconf 90' lang='grc'><strong>1010</strong></span> <span class='ocrx_word' id='word_1_129' title='bbox 364 1379 511 1446; x_wconf 82' lang='lat' dir='ltr'>Simeone</span> <span class='ocrx_word' id='word_1_130' title='bbox 527 1381 747 1466; x_wconf 89' lang='lat' dir='ltr'>Metaphraste</span> <span class='ocrx_word' id='word_1_131' title='bbox 763 1381 799 1446; x_wconf 88' lang='lat' dir='ltr'>iu</span> <span class='ocrx_word' id='word_1_132' title='bbox 810 1383 873 1448; x_wconf 77' lang='lat' dir='ltr'>vila</span> <span class='ocrx_word' id='word_1_133' title='bbox 889 1382 1047 1465; x_wconf 64' lang='lat' dir='ltr'>Sapluestri,</span> <span class='ocrx_word' id='word_1_134' title='bbox 1061 1384 1176 1470; x_wconf 89' lang='lat' dir='ltr'>inquit,</span> <span class='ocrx_word' id='word_1_135' title='bbox 1189 1396 1224 1449; x_wconf 86' lang='lat' dir='ltr'>ut</span> <span class='ocrx_word' id='word_1_136' title='bbox 1236 1384 1325 1469; x_wconf 84' lang='lat' dir='ltr'>opud</span> <span class='ocrx_word' id='word_1_137' title='bbox 1336 1383 1524 1452; x_wconf 85' lang='lat' dir='ltr'>collectorem</span> <span class='ocrx_word' id='word_1_138' title='bbox 1540 1391 1580 1454; x_wconf 74' lang='lat' dir='ltr'>le-</span> 
     </span>
     <span class='ocr_line' id='line_1_13' title="bbox 8 1469 1581 1560; baseline 0.003 -22"><span class='ocrx_word' id='word_1_139' title='bbox 8 1477 10 1526; x_wconf 79' lang='lat' dir='ltr'>i</span> <span class='ocrx_word' id='word_1_140' title='bbox 117 1477 255 1560; x_wconf 69' lang='lat' dir='ltr'>,pinaria</span> <span class='ocrx_word' id='word_1_141' title='bbox 275 1471 325 1536; x_wconf 76' lang='lat' dir='ltr'>tte.</span> <span class='ocrx_word' id='word_1_142' title='bbox 351 1471 435 1538; x_wconf 86' lang='lat' dir='ltr'>Hace</span> <span class='ocrx_word' id='word_1_143' title='bbox 449 1471 670 1537; x_wconf 84' lang='lat' dir='ltr'>eumaudissct</span> <span class='ocrx_word' id='word_1_144' title='bbox 682 1472 867 1556; x_wconf 82' lang='lat' dir='ltr'>Imperator,</span> <span class='ocrx_word' id='word_1_145' title='bbox 887 1469 1028 1538; x_wconf 69' lang='lat' dir='ltr'>aurias</span> <span class='ocrx_word' id='word_1_146' title='bbox 1038 1472 1311 1556; x_wconf 77' lang='lat' dir='ltr'>protrumearnis</span> <span class='ocrx_word' id='word_1_147' title='bbox 1323 1473 1496 1557; x_wconf 82' lang='lat' dir='ltr'>subjecisset</span> <span class='ocrx_word' id='word_1_148' title='bbox 1508 1498 1581 1542; x_wconf 90' lang='lat' dir='ltr'>oeu-</span> 
     </span>
     <span class='ocr_line' id='line_1_14' title="bbox 8 1558 1582 1645; baseline 0.008 -29"><span class='ocrx_word' id='word_1_149' title='bbox 8 1605 9 1616; x_wconf 58' lang='grc'><strong>.</strong></span> <span class='ocrx_word' id='word_1_150' title='bbox 117 1566 188 1642; x_wconf 64' lang='lat' dir='ltr'>‚lis</span> <span class='ocrx_word' id='word_1_151' title='bbox 211 1565 262 1630; x_wconf 81' lang='lat' dir='ltr'>&amp;c</span> <span class='ocrx_word' id='word_1_152' title='bbox 286 1559 378 1624; x_wconf 89' lang='lat' dir='ltr'>Hanc</span> <span class='ocrx_word' id='word_1_153' title='bbox 397 1558 602 1624; x_wconf 89' lang='lat' dir='ltr'>Vieecomitis</span> <span class='ocrx_word' id='word_1_154' title='bbox 620 1559 802 1644; x_wconf 89' lang='lat' dir='ltr'>opinionem</span> <span class='ocrx_word' id='word_1_155' title='bbox 823 1565 949 1625; x_wconf 89' lang='lat' dir='ltr'>secutus</span> <span class='ocrx_word' id='word_1_156' title='bbox 965 1560 1028 1625; x_wconf 91' lang='lat' dir='ltr'>fuit</span> <span class='ocrx_word' id='word_1_157' title='bbox 1041 1560 1201 1645; x_wconf 89' lang='lat' dir='ltr'>Polyistor</span> <span class='ocrx_word' id='word_1_158' title='bbox 1215 1561 1307 1627; x_wconf 79' lang='lat' dir='ltr'>Cart.</span> <span class='ocrx_word' id='word_1_159' title='bbox 1320 1561 1386 1626; x_wconf 78' lang='lat' dir='ltr'>lot.</span> <span class='ocrx_word' id='word_1_160' title='bbox 1410 1561 1536 1630; x_wconf 79' lang='lat' dir='ltr'>Vossius</span> <span class='ocrx_word' id='word_1_161' title='bbox 1548 1566 1582 1629; x_wconf 93' lang='lat' dir='ltr'>in</span> 
     </span>
    </p>
   </div>
   <div class='ocr_carea' id='block_1_6' title="bbox 46 1647 1603 3682">
    <p class='ocr_par' dir='ltr' id='par_1_6' title="bbox 46 1647 1603 3682">
     <span class='ocr_line' id='line_1_15' title="bbox 114 1647 1581 1738; baseline -0.001 -19"><span class='ocrx_word' id='word_1_162' title='bbox 114 1654 209 1737; x_wconf 84' lang='lat' dir='ltr'>Disp.</span> <span class='ocrx_word' id='word_1_163' title='bbox 231 1652 259 1715; x_wconf 94' lang='grc'>1.</span> <span class='ocrx_word' id='word_1_164' title='bbox 281 1649 318 1714; x_wconf 85' lang='lat' dir='ltr'>de</span> <span class='ocrx_word' id='word_1_165' title='bbox 333 1649 493 1732; x_wconf 80' lang='lat' dir='ltr'>Baptismo</span> <span class='ocrx_word' id='word_1_166' title='bbox 506 1671 602 1735; x_wconf 88' lang='lat' dir='ltr'>quarn</span> <span class='ocrx_word' id='word_1_167' title='bbox 614 1647 716 1733; x_wconf 89' lang='lat' dir='ltr'>Lugd.</span> <span class='ocrx_word' id='word_1_168' title='bbox 732 1648 844 1713; x_wconf 85' lang='lat' dir='ltr'>Batav.</span> <span class='ocrx_word' id='word_1_169' title='bbox 858 1671 940 1712; x_wconf 92' lang='lat' dir='ltr'>anno</span> <span class='ocrx_word' id='word_1_170' title='bbox 960 1650 1055 1712; x_wconf 85' lang='lat'>1619.</span> <span class='ocrx_word' id='word_1_171' title='bbox 1069 1649 1155 1734; x_wconf 84' lang='lat' dir='ltr'>typis</span> <span class='ocrx_word' id='word_1_172' title='bbox 1168 1649 1297 1726; x_wconf 90' lang='lat' dir='ltr'>editam,</span> <span class='ocrx_word' id='word_1_173' title='bbox 1309 1649 1342 1712; x_wconf 93' lang='lat' dir='ltr'>in</span> <span class='ocrx_word' id='word_1_174' title='bbox 1355 1650 1490 1738; x_wconf 89' lang='lat' dir='ltr'>collegio</span> <span class='ocrx_word' id='word_1_175' title='bbox 1502 1653 1581 1718; x_wconf 91' lang='lat' dir='ltr'>Hol-</span> 
     </span>
     <span class='ocr_line' id='line_1_16' title="bbox 115 1735 1582 1823; baseline 0 -17"><span class='ocrx_word' id='word_1_176' title='bbox 115 1741 252 1818; x_wconf 89' lang='lat' dir='ltr'>landieo,</span> <span class='ocrx_word' id='word_1_177' title='bbox 265 1739 355 1822; x_wconf 87' lang='lat' dir='ltr'>eujus</span> <span class='ocrx_word' id='word_1_178' title='bbox 367 1741 443 1801; x_wconf 90' lang='lat' dir='ltr'>tunc</span> <span class='ocrx_word' id='word_1_179' title='bbox 455 1735 633 1822; x_wconf 85' lang='lat' dir='ltr'>Regentem</span> <span class='ocrx_word' id='word_1_180' title='bbox 646 1738 774 1823; x_wconf 85' lang='lat' dir='ltr'>agebat,</span> <span class='ocrx_word' id='word_1_181' title='bbox 787 1737 1003 1802; x_wconf 82' lang='lat' dir='ltr'>ventilandam</span> <span class='ocrx_word' id='word_1_182' title='bbox 1016 1738 1223 1822; x_wconf 89' lang='lat' dir='ltr'>proponebat.</span> <span class='ocrx_word' id='word_1_183' title='bbox 1241 1737 1303 1813; x_wconf 87' lang='lat' dir='ltr'>Qui</span> <span class='ocrx_word' id='word_1_184' title='bbox 1315 1743 1423 1803; x_wconf 88' lang='lat' dir='ltr'>tamen</span> <span class='ocrx_word' id='word_1_185' title='bbox 1435 1763 1498 1806; x_wconf 91' lang='lat' dir='ltr'>non</span> <span class='ocrx_word' id='word_1_186' title='bbox 1508 1743 1582 1806; x_wconf 88' lang='lat' dir='ltr'>abs-</span> 
     </span>
     <span class='ocr_line' id='line_1_17' title="bbox 113 1825 1582 1917; baseline -0.001 -22"><span class='ocrx_word' id='word_1_187' title='bbox 113 1855 178 1917; x_wconf 90' lang='lat' dir='ltr'>que</span> <span class='ocrx_word' id='word_1_188' title='bbox 198 1827 343 1893; x_wconf 88' lang='lat' dir='ltr'>adhibito</span> <span class='ocrx_word' id='word_1_189' title='bbox 364 1826 488 1890; x_wconf 87' lang='lat' dir='ltr'>delectu</span> <span class='ocrx_word' id='word_1_190' title='bbox 500 1825 684 1891; x_wconf 91' lang='lat' dir='ltr'>testimonia</span> <span class='ocrx_word' id='word_1_191' title='bbox 700 1830 719 1890; x_wconf 81' lang='lat' dir='ltr'>a</span> <span class='ocrx_word' id='word_1_192' title='bbox 742 1827 916 1892; x_wconf 83' lang='lat' dir='ltr'>Viceeoruitc</span> <span class='ocrx_word' id='word_1_193' title='bbox 927 1826 1062 1891; x_wconf 89' lang='lat' dir='ltr'>adducta</span> <span class='ocrx_word' id='word_1_194' title='bbox 1075 1826 1265 1910; x_wconf 87' lang='lat' dir='ltr'>adoptabat:</span> <span class='ocrx_word' id='word_1_195' title='bbox 1279 1826 1399 1892; x_wconf 91' lang='lat' dir='ltr'>relictis</span> <span class='ocrx_word' id='word_1_196' title='bbox 1412 1828 1537 1911; x_wconf 79' lang='lat' dir='ltr'>pictura</span> <span class='ocrx_word' id='word_1_197' title='bbox 1549 1831 1582 1894; x_wconf 94' lang='lat' dir='ltr'>in</span> 
     </span>
     <span class='ocr_line' id='line_1_18' title="bbox 113 1915 1582 2003; baseline 0 -19"><span class='ocrx_word' id='word_1_198' title='bbox 113 1918 261 1984; x_wconf 77' lang='lat' dir='ltr'>Ecclesia</span> <span class='ocrx_word' id='word_1_199' title='bbox 273 1915 453 2000; x_wconf 67' lang='lat' dir='ltr'>Augustini,</span> <span class='ocrx_word' id='word_1_200' title='bbox 469 1915 642 1999; x_wconf 81' lang='lat' dir='ltr'>Nicephoro</span> <span class='ocrx_word' id='word_1_201' title='bbox 656 1916 781 1980; x_wconf 84' lang='lat' dir='ltr'>Callisto</span> <span class='ocrx_word' id='word_1_202' title='bbox 792 1915 854 1979; x_wconf 87' lang='lat' dir='ltr'>Lib.</span> <span class='ocrx_word' id='word_1_203' title='bbox 866 1915 895 1977; x_wconf 89' lang='lat'>3.</span> <span class='ocrx_word' id='word_1_204' title='bbox 906 1936 931 1981; x_wconf 89' lang='lat' dir='ltr'>c.</span> <span class='ocrx_word' id='word_1_205' title='bbox 941 1915 1115 1980; x_wconf 64' lang='lat' dir='ltr'>startias</span> <span class='ocrx_word' id='word_1_206' title='bbox 1125 1917 1241 1990; x_wconf 83' lang='lat' dir='ltr'>Flacco,</span> <span class='ocrx_word' id='word_1_207' title='bbox 1252 1915 1393 1981; x_wconf 85' lang='lat' dir='ltr'>Simeoee</span> <span class='ocrx_word' id='word_1_208' title='bbox 1403 1918 1582 2003; x_wconf 85' lang='lat' dir='ltr'>Metaptra-</span> 
     </span>
     <span class='ocr_line' id='line_1_19' title="bbox 113 2003 1583 2092; baseline 0 -20"><span class='ocrx_word' id='word_1_209' title='bbox 113 2021 170 2086; x_wconf 83' lang='lat' dir='ltr'>sle,</span> <span class='ocrx_word' id='word_1_210' title='bbox 184 2005 349 2092; x_wconf 82' lang='lat' dir='ltr'>Gagnaeio</span> <span class='ocrx_word' id='word_1_211' title='bbox 361 2005 384 2069; x_wconf 80' lang='grc'>81</span> <span class='ocrx_word' id='word_1_212' title='bbox 399 2003 653 2068; x_wconf 88' lang='lat' dir='ltr'>Ambrosiastro:</span> <span class='ocrx_word' id='word_1_213' title='bbox 668 2003 758 2090; x_wconf 85' lang='lat' dir='ltr'>[pag.</span> <span class='ocrx_word' id='word_1_214' title='bbox 772 2003 854 2088; x_wconf 73' lang='grc'><strong>615]</strong></span> <span class='ocrx_word' id='word_1_215' title='bbox 869 2004 1109 2090; x_wconf 89' lang='lat' dir='ltr'>quorumillum</span> <span class='ocrx_word' id='word_1_216' title='bbox 1122 2003 1314 2070; x_wconf 64' lang='grc'><strong>1111101018.</strong></span> <span class='ocrx_word' id='word_1_217' title='bbox 1328 2026 1356 2069; x_wconf 89' lang='lat' dir='ltr'>v.</span> <span class='ocrx_word' id='word_1_218' title='bbox 1371 2005 1423 2069; x_wconf 85' lang='lat'>38.</span> <span class='ocrx_word' id='word_1_219' title='bbox 1438 2006 1534 2072; x_wconf 89' lang='lat' dir='ltr'>istum</span> <span class='ocrx_word' id='word_1_220' title='bbox 1544 2030 1583 2072; x_wconf 87' lang='lat' dir='ltr'>ex</span> 
     </span>
     <span class='ocr_line' id='line_1_20' title="bbox 117 2091 1582 2177; baseline -0.002 -14"><span class='ocrx_word' id='word_1_221' title='bbox 117 2099 233 2163; x_wconf 85' lang='lat' dir='ltr'>Coloss.</span> <span class='ocrx_word' id='word_1_222' title='bbox 256 2096 286 2158; x_wconf 84' lang='lat'>2.</span> <span class='ocrx_word' id='word_1_223' title='bbox 307 2115 335 2157; x_wconf 89' lang='lat' dir='ltr'>e.</span> <span class='ocrx_word' id='word_1_224' title='bbox 360 2093 409 2156; x_wconf 87' lang='lat'>12.</span> <span class='ocrx_word' id='word_1_225' title='bbox 424 2092 554 2156; x_wconf 90' lang='lat' dir='ltr'>totalem</span> <span class='ocrx_word' id='word_1_226' title='bbox 568 2092 746 2157; x_wconf 90' lang='lat' dir='ltr'>nuditatem</span> <span class='ocrx_word' id='word_1_227' title='bbox 758 2091 935 2177; x_wconf 84' lang='lat' dir='ltr'>collegisse,</span> <span class='ocrx_word' id='word_1_228' title='bbox 957 2093 1119 2157; x_wconf 82' lang='lat' dir='ltr'>Vicecorues</span> <span class='ocrx_word' id='word_1_229' title='bbox 1131 2093 1239 2158; x_wconf 83' lang='lat' dir='ltr'>refert.</span> <span class='ocrx_word' id='word_1_230' title='bbox 1254 2091 1316 2158; x_wconf 85' lang='lat' dir='ltr'>Sed</span> <span class='ocrx_word' id='word_1_231' title='bbox 1329 2094 1377 2158; x_wconf 90' lang='lat' dir='ltr'>uti</span> <span class='ocrx_word' id='word_1_232' title='bbox 1389 2093 1422 2158; x_wconf 89' lang='lat' dir='ltr'>in</span> <span class='ocrx_word' id='word_1_233' title='bbox 1435 2096 1507 2160; x_wconf 90' lang='lat' dir='ltr'>aliis</span> <span class='ocrx_word' id='word_1_234' title='bbox 1520 2119 1582 2160; x_wconf 92' lang='lat' dir='ltr'>non</span> 
     </span>
     <span class='ocr_line' id='line_1_21' title="bbox 114 2179 1582 2271; baseline -0.001 -21"><span class='ocrx_word' id='word_1_235' title='bbox 114 2185 238 2271; x_wconf 78' lang='lat' dir='ltr'>paucis,</span> <span class='ocrx_word' id='word_1_236' title='bbox 260 2184 306 2246; x_wconf 92' lang='lat' dir='ltr'>ita</span> <span class='ocrx_word' id='word_1_237' title='bbox 323 2183 346 2248; x_wconf 79' lang='grc'>11</span> <span class='ocrx_word' id='word_1_238' title='bbox 362 2181 395 2245; x_wconf 93' lang='lat' dir='ltr'>in</span> <span class='ocrx_word' id='word_1_239' title='bbox 409 2181 468 2244; x_wconf 89' lang='lat' dir='ltr'>hoc</span> <span class='ocrx_word' id='word_1_240' title='bbox 480 2181 730 2245; x_wconf 89' lang='lat' dir='ltr'>animadvertere</span> <span class='ocrx_word' id='word_1_241' title='bbox 743 2181 818 2246; x_wconf 90' lang='lat' dir='ltr'>licet</span> <span class='ocrx_word' id='word_1_242' title='bbox 830 2181 924 2245; x_wconf 89' lang='lat' dir='ltr'>nimis</span> <span class='ocrx_word' id='word_1_243' title='bbox 940 2181 1098 2264; x_wconf 87' lang='lat' dir='ltr'>patientes</span> <span class='ocrx_word' id='word_1_244' title='bbox 1121 2183 1203 2252; x_wconf 70' lang='grc'><strong>13111</strong></span> <span class='ocrx_word' id='word_1_245' title='bbox 1217 2179 1348 2260; x_wconf 68' lang='grc' dir='ltr'><strong>ἀρχαίων</strong></span> <span class='ocrx_word' id='word_1_246' title='bbox 1363 2182 1582 2263; x_wconf 69' lang='lat' dir='ltr'>admiratores</span> 
     </span>
     <span class='ocr_line' id='line_1_22' title="bbox 115 2268 1582 2353; baseline -0.002 -14"><span class='ocrx_word' id='word_1_247' title='bbox 115 2273 265 2351; x_wconf 89' lang='lat' dir='ltr'>testibus,</span> <span class='ocrx_word' id='word_1_248' title='bbox 289 2270 390 2348; x_wconf 91' lang='lat' dir='ltr'>libris,</span> <span class='ocrx_word' id='word_1_249' title='bbox 411 2270 643 2353; x_wconf 88' lang='lat' dir='ltr'>consequentiis</span> <span class='ocrx_word' id='word_1_250' title='bbox 656 2269 795 2346; x_wconf 86' lang='lat' dir='ltr'>incertis,</span> <span class='ocrx_word' id='word_1_251' title='bbox 808 2268 841 2332; x_wconf 91' lang='lat' dir='ltr'>in</span> <span class='ocrx_word' id='word_1_252' title='bbox 853 2269 1052 2353; x_wconf 87' lang='lat' dir='ltr'>proscenium</span> <span class='ocrx_word' id='word_1_253' title='bbox 1066 2270 1218 2340; x_wconf 83' lang='lat' dir='ltr'>adductis.</span> <span class='ocrx_word' id='word_1_254' title='bbox 1231 2271 1323 2353; x_wconf 91' lang='lat' dir='ltr'>quasi</span> <span class='ocrx_word' id='word_1_255' title='bbox 1339 2275 1459 2336; x_wconf 87' lang='lat' dir='ltr'>certam</span> <span class='ocrx_word' id='word_1_256' title='bbox 1472 2272 1582 2338; x_wconf 79' lang='lat' dir='ltr'>Eccle-</span> 
     </span>
     <span class='ocr_line' id='line_1_23' title="bbox 115 2357 1581 2444; baseline -0.001 -17"><span class='ocrx_word' id='word_1_257' title='bbox 115 2365 184 2428; x_wconf 84' lang='lat' dir='ltr'>siae</span> <span class='ocrx_word' id='word_1_258' title='bbox 209 2362 233 2427; x_wconf 80' lang='grc'>11</span> <span class='ocrx_word' id='word_1_259' title='bbox 257 2359 420 2444; x_wconf 86' lang='lat' dir='ltr'>religionis</span> <span class='ocrx_word' id='word_1_260' title='bbox 444 2359 595 2443; x_wconf 89' lang='lat' dir='ltr'>antiquae</span> <span class='ocrx_word' id='word_1_261' title='bbox 618 2358 743 2437; x_wconf 86' lang='lat' dir='ltr'>faciem,</span> <span class='ocrx_word' id='word_1_262' title='bbox 769 2357 1000 2443; x_wconf 84' lang='lat' dir='ltr'>spectatoribus</span> <span class='ocrx_word' id='word_1_263' title='bbox 1013 2358 1173 2423; x_wconf 88' lang='lat' dir='ltr'>exhibere.</span> <span class='ocrx_word' id='word_1_264' title='bbox 1191 2357 1234 2423; x_wconf 92' lang='lat' dir='ltr'>Ut</span> <span class='ocrx_word' id='word_1_265' title='bbox 1246 2359 1358 2438; x_wconf 86' lang='lat' dir='ltr'>dicam,</span> <span class='ocrx_word' id='word_1_266' title='bbox 1373 2361 1457 2444; x_wconf 88' lang='lat' dir='ltr'>quod</span> <span class='ocrx_word' id='word_1_267' title='bbox 1469 2362 1581 2437; x_wconf 91' lang='lat' dir='ltr'>sentio,</span> 
     </span>
     <span class='ocr_line' id='line_1_24' title="bbox 115 2445 1581 2536; baseline -0.001 -19"><span class='ocrx_word' id='word_1_268' title='bbox 115 2452 285 2536; x_wconf 84' lang='lat' dir='ltr'>Scriptura</span> <span class='ocrx_word' id='word_1_269' title='bbox 307 2470 465 2532; x_wconf 90' lang='lat' dir='ltr'>nusquam</span> <span class='ocrx_word' id='word_1_270' title='bbox 487 2451 635 2526; x_wconf 86' lang='lat' dir='ltr'>testatur,</span> <span class='ocrx_word' id='word_1_271' title='bbox 652 2447 850 2530; x_wconf 91' lang='lat' dir='ltr'>temporibus</span> <span class='ocrx_word' id='word_1_272' title='bbox 863 2445 884 2511; x_wconf 89' lang='lat' dir='ltr'>J</span> <span class='ocrx_word' id='word_1_273' title='bbox 886 2445 1020 2510; x_wconf 89' lang='lat' dir='ltr'>ohannis</span> <span class='ocrx_word' id='word_1_274' title='bbox 1034 2446 1211 2531; x_wconf 76' lang='lat' dir='ltr'>baptistae,</span> <span class='ocrx_word' id='word_1_275' title='bbox 1225 2447 1356 2526; x_wconf 82' lang='lat' dir='ltr'>Christi,</span> <span class='ocrx_word' id='word_1_276' title='bbox 1369 2451 1392 2514; x_wconf 80' lang='lat' dir='ltr'>h</span> <span class='ocrx_word' id='word_1_277' title='bbox 1404 2448 1581 2534; x_wconf 87' lang='lat' dir='ltr'>Apostolo-</span> 
     </span>
     <span class='ocr_line' id='line_1_25' title="bbox 117 2535 1582 2624; baseline -0.001 -19"><span class='ocrx_word' id='word_1_278' title='bbox 117 2564 201 2620; x_wconf 89' lang='lat' dir='ltr'>rum,</span> <span class='ocrx_word' id='word_1_279' title='bbox 226 2537 404 2603; x_wconf 88' lang='lat' dir='ltr'>nuditatem</span> <span class='ocrx_word' id='word_1_280' title='bbox 427 2535 517 2600; x_wconf 90' lang='lat' dir='ltr'>illam</span> <span class='ocrx_word' id='word_1_281' title='bbox 540 2537 683 2616; x_wconf 90' lang='lat' dir='ltr'>totalem,</span> <span class='ocrx_word' id='word_1_282' title='bbox 708 2539 764 2600; x_wconf 88' lang='lat' dir='ltr'>aut</span> <span class='ocrx_word' id='word_1_283' title='bbox 776 2535 919 2600; x_wconf 90' lang='lat' dir='ltr'>omnium</span> <span class='ocrx_word' id='word_1_284' title='bbox 931 2535 1070 2618; x_wconf 89' lang='lat' dir='ltr'>partium</span> <span class='ocrx_word' id='word_1_285' title='bbox 1083 2537 1233 2619; x_wconf 87' lang='lat' dir='ltr'>corporis,</span> <span class='ocrx_word' id='word_1_286' title='bbox 1249 2557 1289 2600; x_wconf 88' lang='lat' dir='ltr'>ne</span> <span class='ocrx_word' id='word_1_287' title='bbox 1302 2536 1430 2620; x_wconf 89' lang='lat' dir='ltr'>quidem</span> <span class='ocrx_word' id='word_1_288' title='bbox 1443 2540 1582 2624; x_wconf 86' lang='lat' dir='ltr'>exceptis</span> 
     </span>
     <span class='ocr_line' id='line_1_26' title="bbox 116 2624 1582 2712; baseline -0.001 -18"><span class='ocrx_word' id='word_1_289' title='bbox 116 2630 194 2709; x_wconf 86' lang='lat' dir='ltr'>illis,</span> <span class='ocrx_word' id='word_1_290' title='bbox 215 2649 297 2712; x_wconf 88' lang='lat' dir='ltr'>quae</span> <span class='ocrx_word' id='word_1_291' title='bbox 310 2628 425 2689; x_wconf 88' lang='lat' dir='ltr'>natura</span> <span class='ocrx_word' id='word_1_292' title='bbox 436 2625 503 2708; x_wconf 89' lang='lat' dir='ltr'>tegi</span> <span class='ocrx_word' id='word_1_293' title='bbox 519 2624 629 2703; x_wconf 89' lang='lat' dir='ltr'>voluit,</span> <span class='ocrx_word' id='word_1_294' title='bbox 642 2647 699 2709; x_wconf 90' lang='lat' dir='ltr'>per</span> <span class='ocrx_word' id='word_1_295' title='bbox 711 2625 853 2689; x_wconf 90' lang='lat' dir='ltr'>omnium</span> <span class='ocrx_word' id='word_1_296' title='bbox 865 2627 1123 2708; x_wconf 86' lang='lat' dir='ltr'>tegumentorum</span> <span class='ocrx_word' id='word_1_297' title='bbox 1136 2625 1363 2689; x_wconf 87' lang='lat' dir='ltr'>detractionem</span> <span class='ocrx_word' id='word_1_298' title='bbox 1376 2627 1399 2691; x_wconf 81' lang='grc'>81</span> <span class='ocrx_word' id='word_1_299' title='bbox 1411 2627 1582 2711; x_wconf 87' lang='lat' dir='ltr'>depositio·</span> 
     </span>
     <span class='ocr_line' id='line_1_27' title="bbox 116 2712 1580 2796; baseline -0.001 -13"><span class='ocrx_word' id='word_1_300' title='bbox 116 2742 203 2796; x_wconf 89' lang='lat' dir='ltr'>nem,</span> <span class='ocrx_word' id='word_1_301' title='bbox 228 2737 333 2780; x_wconf 91' lang='lat' dir='ltr'>coram</span> <span class='ocrx_word' id='word_1_302' title='bbox 352 2712 546 2795; x_wconf 85' lang='lat' dir='ltr'>baptizante,</span> <span class='ocrx_word' id='word_1_303' title='bbox 571 2715 594 2779; x_wconf 84' lang='grc'>81</span> <span class='ocrx_word' id='word_1_304' title='bbox 616 2713 761 2792; x_wconf 92' lang='lat' dir='ltr'>testibus,</span> <span class='ocrx_word' id='word_1_305' title='bbox 773 2712 871 2776; x_wconf 90' lang='lat' dir='ltr'>immo</span> <span class='ocrx_word' id='word_1_306' title='bbox 887 2714 910 2778; x_wconf 81' lang='grc'>81</span> <span class='ocrx_word' id='word_1_307' title='bbox 922 2735 1027 2776; x_wconf 90' lang='lat' dir='ltr'>coram</span> <span class='ocrx_word' id='word_1_308' title='bbox 1039 2713 1188 2777; x_wconf 72' lang='lat' dir='ltr'>universa</span> <span class='ocrx_word' id='word_1_309' title='bbox 1201 2713 1462 2796; x_wconf 89' lang='lat' dir='ltr'>baptizandorum</span> <span class='ocrx_word' id='word_1_310' title='bbox 1474 2717 1580 2796; x_wconf 74' lang='lat' dir='ltr'>turbis,</span> 
     </span>
     <span class='ocr_line' id='line_1_28' title="bbox 116 2801 1581 2885; baseline -0.003 -13"><span class='ocrx_word' id='word_1_311' title='bbox 116 2805 374 2872; x_wconf 85' lang='lat' dir='ltr'>denudationem.</span> <span class='ocrx_word' id='word_1_312' title='bbox 388 2801 617 2885; x_wconf 81' lang='lat' dir='ltr'>Expendantur</span> <span class='ocrx_word' id='word_1_313' title='bbox 628 2805 735 2866; x_wconf 85' lang='lat' dir='ltr'>textus</span> <span class='ocrx_word' id='word_1_314' title='bbox 746 2802 814 2866; x_wconf 82' lang='lat' dir='ltr'>lob.</span> <span class='ocrx_word' id='word_1_315' title='bbox 831 2802 859 2866; x_wconf 92' lang='lat' dir='ltr'>l.</span> <span class='ocrx_word' id='word_1_316' title='bbox 872 2803 895 2867; x_wconf 84' lang='lat' dir='ltr'>a</span> <span class='ocrx_word' id='word_1_317' title='bbox 908 2803 938 2865; x_wconf 90' lang='lat'>3.</span> <span class='ocrx_word' id='word_1_318' title='bbox 955 2802 1061 2867; x_wconf 78' lang='lat' dir='ltr'>Mottlt.</span> <span class='ocrx_word' id='word_1_319' title='bbox 1075 2802 1105 2864; x_wconf 86' lang='lat'>3:</span> <span class='ocrx_word' id='word_1_320' title='bbox 1120 2823 1217 2885; x_wconf 88' lang='lat' dir='ltr'>snpra</span> <span class='ocrx_word' id='word_1_321' title='bbox 1228 2803 1276 2866; x_wconf 85' lang='lat' dir='ltr'>cit.</span> <span class='ocrx_word' id='word_1_322' title='bbox 1289 2801 1313 2866; x_wconf 82' lang='grc'>11</span> <span class='ocrx_word' id='word_1_323' title='bbox 1324 2802 1427 2868; x_wconf 85' lang='lat' dir='ltr'>Actor.</span> <span class='ocrx_word' id='word_1_324' title='bbox 1441 2805 1471 2868; x_wconf 84' lang='lat'>2.</span> <span class='ocrx_word' id='word_1_325' title='bbox 1485 2826 1514 2869; x_wconf 90' lang='grc' dir='ltr'>υ.</span> <span class='ocrx_word' id='word_1_326' title='bbox 1530 2805 1581 2868; x_wconf 87' lang='grc'>16.</span> 
     </span>
     <span class='ocr_line' id='line_1_29' title="bbox 117 2889 1580 2974; baseline -0.003 -13"><span class='ocrx_word' id='word_1_327' title='bbox 117 2897 175 2961; x_wconf 92' lang='lat' dir='ltr'>nbi</span> <span class='ocrx_word' id='word_1_328' title='bbox 187 2895 251 2959; x_wconf 86' lang='lat' dir='ltr'>tria</span> <span class='ocrx_word' id='word_1_329' title='bbox 263 2891 376 2967; x_wconf 89' lang='lat' dir='ltr'>millia,</span> <span class='ocrx_word' id='word_1_330' title='bbox 389 2891 412 2956; x_wconf 82' lang='lat' dir='ltr'>ft</span> <span class='ocrx_word' id='word_1_331' title='bbox 425 2890 480 2954; x_wconf 92' lang='lat' dir='ltr'>ubi</span> <span class='ocrx_word' id='word_1_332' title='bbox 494 2889 628 2974; x_wconf 76' lang='lat' dir='ltr'>Lydia&amp;</span> <span class='ocrx_word' id='word_1_333' title='bbox 641 2889 943 2956; x_wconf 88' lang='lat' dir='ltr'>Commentariensis</span> <span class='ocrx_word' id='word_1_334' title='bbox 955 2913 1026 2954; x_wconf 89' lang='lat' dir='ltr'>curn</span> <span class='ocrx_word' id='word_1_335' title='bbox 1039 2889 1171 2954; x_wconf 89' lang='lat' dir='ltr'>familiis</span> <span class='ocrx_word' id='word_1_336' title='bbox 1184 2891 1250 2955; x_wconf 89' lang='lat' dir='ltr'>suis</span> <span class='ocrx_word' id='word_1_337' title='bbox 1260 2889 1413 2974; x_wconf 89' lang='lat' dir='ltr'>baptizati</span> <span class='ocrx_word' id='word_1_338' title='bbox 1424 2892 1580 2957; x_wconf 88' lang='lat' dir='ltr'>dicuntur.</span> 
     </span>
     <span class='ocr_line' id='line_1_30' title="bbox 119 2973 1589 3063; baseline -0.001 -14"><span class='ocrx_word' id='word_1_339' title='bbox 119 2985 172 3049; x_wconf 79' lang='lat' dir='ltr'>An</span> <span class='ocrx_word' id='word_1_340' title='bbox 184 2984 306 3047; x_wconf 88' lang='lat' dir='ltr'>facturn</span> <span class='ocrx_word' id='word_1_341' title='bbox 318 2980 383 3044; x_wconf 90' lang='lat' dir='ltr'>tale</span> <span class='ocrx_word' id='word_1_342' title='bbox 394 2983 549 3062; x_wconf 90' lang='lat' dir='ltr'>tanquam</span> <span class='ocrx_word' id='word_1_343' title='bbox 561 2979 648 3043; x_wconf 92' lang='lat' dir='ltr'>omni</span> <span class='ocrx_word' id='word_1_344' title='bbox 659 2979 819 3044; x_wconf 89' lang='lat' dir='ltr'>honestati</span> <span class='ocrx_word' id='word_1_345' title='bbox 832 2979 976 3045; x_wconf 78' lang='lat' dir='ltr'>&amp;decoro</span> <span class='ocrx_word' id='word_1_346' title='bbox 987 2979 1126 3042; x_wconf 88' lang='lat' dir='ltr'>naturali</span> <span class='ocrx_word' id='word_1_347' title='bbox 1135 3000 1317 3063; x_wconf 86' lang='lat' dir='ltr'>repugnans</span> <span class='ocrx_word' id='word_1_348' title='bbox 1326 2973 1589 3063; x_wconf 77' lang='lat' dir='ltr'>euprobasseJu·¹</span> 
     </span>
     <span class='ocr_line' id='line_1_31' title="bbox 118 3065 1583 3152; baseline -0.003 -12"><span class='ocrx_word' id='word_1_349' title='bbox 118 3077 215 3140; x_wconf 87' lang='lat' dir='ltr'>dacos</span> <span class='ocrx_word' id='word_1_350' title='bbox 237 3072 260 3137; x_wconf 82' lang='grc'>11</span> <span class='ocrx_word' id='word_1_351' title='bbox 283 3067 436 3146; x_wconf 79' lang='lat' dir='ltr'>Gentiles,</span> <span class='ocrx_word' id='word_1_352' title='bbox 461 3065 675 3152; x_wconf 87' lang='lat' dir='ltr'>Magistratus</span> <span class='ocrx_word' id='word_1_353' title='bbox 683 3066 894 3151; x_wconf 88' lang='lat' dir='ltr'>impedivisse,</span> <span class='ocrx_word' id='word_1_354' title='bbox 909 3069 931 3133; x_wconf 84' lang='grc'>81</span> <span class='ocrx_word' id='word_1_355' title='bbox 947 3067 1103 3151; x_wconf 88' lang='lat' dir='ltr'>siquidem</span> <span class='ocrx_word' id='word_1_356' title='bbox 1116 3089 1154 3132; x_wconf 84' lang='lat' dir='ltr'>er</span> <span class='ocrx_word' id='word_1_357' title='bbox 1166 3065 1227 3131; x_wconf 90' lang='lat' dir='ltr'>Dei</span> <span class='ocrx_word' id='word_1_358' title='bbox 1239 3067 1461 3140; x_wconf 84' lang='lat' dir='ltr'>mandatohoc</span> <span class='ocrx_word' id='word_1_359' title='bbox 1476 3074 1583 3134; x_wconf 91' lang='lat' dir='ltr'>actum</span> 
     </span>
     <span class='ocr_line' id='line_1_32' title="bbox 118 3154 1582 3240; baseline -0.003 -12"><span class='ocrx_word' id='word_1_360' title='bbox 118 3164 244 3240; x_wconf 84' lang='lat' dir='ltr'>fuisset,</span> <span class='ocrx_word' id='word_1_361' title='bbox 266 3157 463 3223; x_wconf 82' lang='lat' dir='ltr'>Christianos</span> <span class='ocrx_word' id='word_1_362' title='bbox 480 3156 560 3221; x_wconf 91' lang='lat' dir='ltr'>illud</span> <span class='ocrx_word' id='word_1_363' title='bbox 576 3157 658 3220; x_wconf 81' lang='lat' dir='ltr'>scrib</span> <span class='ocrx_word' id='word_1_364' title='bbox 671 3155 858 3234; x_wconf 87' lang='lat' dir='ltr'>defendisse,</span> <span class='ocrx_word' id='word_1_365' title='bbox 870 3178 1033 3240; x_wconf 91' lang='lat' dir='ltr'>nunquam</span> <span class='ocrx_word' id='word_1_366' title='bbox 1045 3156 1230 3240; x_wconf 82' lang='lat' dir='ltr'>legeretur?</span> <span class='ocrx_word' id='word_1_367' title='bbox 1246 3154 1337 3220; x_wconf 89' lang='lat' dir='ltr'>Nulli</span> <span class='ocrx_word' id='word_1_368' title='bbox 1349 3155 1490 3238; x_wconf 87' lang='lat' dir='ltr'>Luciani,</span> <span class='ocrx_word' id='word_1_369' title='bbox 1504 3157 1582 3224; x_wconf 90' lang='lat' dir='ltr'>Por-</span> 
     </span>
     <span class='ocr_line' id='line_1_33' title="bbox 118 3243 1583 3338; baseline -0.003 -22"><span class='ocrx_word' id='word_1_370' title='bbox 118 3249 240 3338; x_wconf 85' lang='lat' dir='ltr'>phyrii,</span> <span class='ocrx_word' id='word_1_371' title='bbox 264 3246 358 3318; x_wconf 85' lang='lat' dir='ltr'>Celsi,</span> <span class='ocrx_word' id='word_1_372' title='bbox 381 3244 514 3324; x_wconf 74' lang='lat' dir='ltr'>tuliani,</span> <span class='ocrx_word' id='word_1_373' title='bbox 539 3245 707 3328; x_wconf 90' lang='lat' dir='ltr'>strepitum</span> <span class='ocrx_word' id='word_1_374' title='bbox 731 3244 871 3329; x_wconf 90' lang='lat' dir='ltr'>aliquem</span> <span class='ocrx_word' id='word_1_375' title='bbox 886 3243 938 3309; x_wconf 89' lang='lat' dir='ltr'>hie</span> <span class='ocrx_word' id='word_1_376' title='bbox 951 3244 1159 3322; x_wconf 84' lang='lat' dir='ltr'>excitassent;</span> <span class='ocrx_word' id='word_1_377' title='bbox 1172 3244 1228 3328; x_wconf 91' lang='lat' dir='ltr'>qui</span> <span class='ocrx_word' id='word_1_378' title='bbox 1241 3244 1320 3309; x_wconf 90' lang='lat' dir='ltr'>alias</span> <span class='ocrx_word' id='word_1_379' title='bbox 1332 3248 1399 3310; x_wconf 91' lang='lat' dir='ltr'>tam</span> <span class='ocrx_word' id='word_1_380' title='bbox 1411 3247 1514 3312; x_wconf 90' lang='lat' dir='ltr'>multa</span> <span class='ocrx_word' id='word_1_381' title='bbox 1524 3270 1583 3331; x_wconf 90' lang='lat' dir='ltr'>per</span> 
     </span>
     <span class='ocr_line' id='line_1_34' title="bbox 119 3333 1582 3419; baseline -0.003 -13"><span class='ocrx_word' id='word_1_382' title='bbox 119 3337 316 3406; x_wconf 88' lang='lat' dir='ltr'>calumniam</span> <span class='ocrx_word' id='word_1_383' title='bbox 332 3333 586 3398; x_wconf 89' lang='lat' dir='ltr'>Christianorum</span> <span class='ocrx_word' id='word_1_384' title='bbox 598 3334 759 3417; x_wconf 87' lang='lat' dir='ltr'>mysteriis</span> <span class='ocrx_word' id='word_1_385' title='bbox 775 3334 1006 3417; x_wconf 77' lang='lat' dir='ltr'>imponebant?</span> <span class='ocrx_word' id='word_1_386' title='bbox 1026 3333 1144 3398; x_wconf 87' lang='lat' dir='ltr'>Nullae</span> <span class='ocrx_word' id='word_1_387' title='bbox 1155 3333 1324 3419; x_wconf 70' lang='lat' dir='ltr'>Apologiae</span> <span class='ocrx_word' id='word_1_388' title='bbox 1337 3333 1431 3414; x_wconf 85' lang='lat' dir='ltr'>lusti,</span> <span class='ocrx_word' id='word_1_389' title='bbox 1444 3336 1582 3402; x_wconf 75' lang='lat' dir='ltr'>Allata·</span> 
     </span>
     <span class='ocr_line' id='line_1_35' title="bbox 118 3422 1603 3516; baseline -0.003 -22"><span class='ocrx_word' id='word_1_390' title='bbox 118 3451 225 3516; x_wconf 81' lang='lat' dir='ltr'>perae,</span> <span class='ocrx_word' id='word_1_391' title='bbox 247 3423 440 3501; x_wconf 81' lang='lat' dir='ltr'>Tertulliani,</span> <span class='ocrx_word' id='word_1_392' title='bbox 455 3423 582 3488; x_wconf 82' lang='lat' dir='ltr'>liliautii</span> <span class='ocrx_word' id='word_1_393' title='bbox 593 3423 710 3502; x_wconf 86' lang='lat' dir='ltr'>Felicis,</span> <span class='ocrx_word' id='word_1_394' title='bbox 725 3423 833 3510; x_wconf 81' lang='lat' dir='ltr'>Cyrilli</span> <span class='ocrx_word' id='word_1_395' title='bbox 845 3422 1062 3501; x_wconf 73' lang='lat' dir='ltr'>alexaudriai,</span> <span class='ocrx_word' id='word_1_396' title='bbox 1075 3422 1126 3486; x_wconf 90' lang='lat' dir='ltr'>his</span> <span class='ocrx_word' id='word_1_397' title='bbox 1139 3422 1313 3508; x_wconf 88' lang='lat' dir='ltr'>purgandis</span> <span class='ocrx_word' id='word_1_398' title='bbox 1323 3427 1493 3507; x_wconf 89' lang='lat' dir='ltr'>occupatae</span> <span class='ocrx_word' id='word_1_399' title='bbox 1502 3425 1582 3489; x_wconf 91' lang='lat' dir='ltr'>fuis·</span> <span class='ocrx_word' id='word_1_400' title='bbox 1597 3467 1603 3480; x_wconf 87' lang='lat'>·</span> 
     </span>
     <span class='ocr_line' id='line_1_36' title="bbox 46 3510 1581 3596; baseline -0.005 -12"><span class='ocrx_word' id='word_1_401' title='bbox 46 3525 49 3532; x_wconf 87' lang='lat'>&#39;</span> <span class='ocrx_word' id='word_1_402' title='bbox 119 3522 217 3584; x_wconf 87' lang='lat' dir='ltr'>sent?</span> <span class='ocrx_word' id='word_1_403' title='bbox 237 3513 344 3590; x_wconf 78' lang='lat' dir='ltr'>Quid?</span> <span class='ocrx_word' id='word_1_404' title='bbox 361 3534 401 3575; x_wconf 89' lang='lat' dir='ltr'>an</span> <span class='ocrx_word' id='word_1_405' title='bbox 411 3511 578 3596; x_wconf 90' lang='lat' dir='ltr'>justitiarii</span> <span class='ocrx_word' id='word_1_406' title='bbox 590 3510 756 3575; x_wconf 89' lang='lat' dir='ltr'>Pharisaei</span> <span class='ocrx_word' id='word_1_407' title='bbox 769 3511 970 3578; x_wconf 78' lang='lat' dir='ltr'>&amp;severioris</span> <span class='ocrx_word' id='word_1_408' title='bbox 983 3511 1067 3575; x_wconf 86' lang='lat' dir='ltr'>vitae</span> <span class='ocrx_word' id='word_1_409' title='bbox 1079 3511 1278 3576; x_wconf 89' lang='lat' dir='ltr'>consecranei</span> <span class='ocrx_word' id='word_1_410' title='bbox 1290 3511 1382 3576; x_wconf 82' lang='lat' dir='ltr'>Essei</span> <span class='ocrx_word' id='word_1_411' title='bbox 1394 3513 1454 3576; x_wconf 91' lang='lat' dir='ltr'>hoc</span> <span class='ocrx_word' id='word_1_412' title='bbox 1466 3514 1581 3590; x_wconf 84' lang='lat' dir='ltr'>tacuis·</span> 
     </span>
     <span class='ocr_line' id='line_1_37' title="bbox 119 3599 1582 3682; baseline -0.005 -8"><span class='ocrx_word' id='word_1_413' title='bbox 119 3610 217 3674; x_wconf 81' lang='lat' dir='ltr'>sent?</span> <span class='ocrx_word' id='word_1_414' title='bbox 229 3602 348 3668; x_wconf 90' lang='lat' dir='ltr'>Paulus</span> <span class='ocrx_word' id='word_1_415' title='bbox 362 3601 392 3663; x_wconf 92' lang='grc'>1.</span> <span class='ocrx_word' id='word_1_416' title='bbox 407 3601 545 3665; x_wconf 81' lang='lat' dir='ltr'>Cariath.</span> <span class='ocrx_word' id='word_1_417' title='bbox 561 3601 612 3662; x_wconf 92' lang='lat' dir='ltr'>ll.</span> <span class='ocrx_word' id='word_1_418' title='bbox 624 3600 728 3665; x_wconf 91' lang='lat' dir='ltr'>noluit</span> <span class='ocrx_word' id='word_1_419' title='bbox 739 3599 906 3665; x_wconf 85' lang='lat' dir='ltr'>connivere</span> <span class='ocrx_word' id='word_1_420' title='bbox 918 3599 959 3663; x_wconf 86' lang='lat' dir='ltr'>ad</span> <span class='ocrx_word' id='word_1_421' title='bbox 971 3599 1202 3682; x_wconf 88' lang='lat' dir='ltr'>qualecumque</span> <span class='ocrx_word' id='word_1_422' title='bbox 1218 3599 1439 3666; x_wconf 77' lang='lat' dir='ltr'>Faeminarum</span> <span class='ocrx_word' id='word_1_423' title='bbox 1451 3603 1475 3668; x_wconf 81' lang='grc'>11</span> <span class='ocrx_word' id='word_1_424' title='bbox 1487 3601 1582 3666; x_wconf 90' lang='lat' dir='ltr'>Viro·</span> 
     </span>
    </p>
   </div>
   <div class='ocr_carea' id='block_1_7' title="bbox 8 3687 1584 3958">
    <p class='ocr_par' dir='ltr' id='par_1_7' title="bbox 8 3687 1584 3958">
     <span class='ocr_line' id='line_1_38' title="bbox 8 3687 1581 3772; baseline -0.004 -10"><span class='ocrx_word' id='word_1_425' title='bbox 8 3695 10 3744; x_wconf 41' lang='grc'><strong>1</strong></span> <span class='ocrx_word' id='word_1_426' title='bbox 119 3720 193 3762; x_wconf 90' lang='lat' dir='ltr'>rum</span> <span class='ocrx_word' id='word_1_427' title='bbox 216 3695 251 3758; x_wconf 89' lang='lat' dir='ltr'>in</span> <span class='ocrx_word' id='word_1_428' title='bbox 274 3693 365 3755; x_wconf 90' lang='lat' dir='ltr'>coetu</span> <span class='ocrx_word' id='word_1_429' title='bbox 389 3690 412 3754; x_wconf 82' lang='grc'>81</span> <span class='ocrx_word' id='word_1_430' title='bbox 435 3688 521 3753; x_wconf 92' lang='lat' dir='ltr'>cultu</span> <span class='ocrx_word' id='word_1_431' title='bbox 546 3689 673 3772; x_wconf 89' lang='lat' dir='ltr'>publico</span> <span class='ocrx_word' id='word_1_432' title='bbox 696 3689 887 3767; x_wconf 86' lang='lat' dir='ltr'>indecorum,</span> <span class='ocrx_word' id='word_1_433' title='bbox 908 3687 991 3752; x_wconf 90' lang='lat' dir='ltr'>circa</span> <span class='ocrx_word' id='word_1_434' title='bbox 1003 3693 1133 3772; x_wconf 87' lang='lat' dir='ltr'>tegmen</span> <span class='ocrx_word' id='word_1_435' title='bbox 1145 3687 1259 3771; x_wconf 91' lang='lat' dir='ltr'>capitis</span> <span class='ocrx_word' id='word_1_436' title='bbox 1272 3691 1342 3752; x_wconf 91' lang='lat' dir='ltr'>tum</span> <span class='ocrx_word' id='word_1_437' title='bbox 1354 3691 1500 3755; x_wconf 86' lang='lat' dir='ltr'>naturale</span> <span class='ocrx_word' id='word_1_438' title='bbox 1513 3693 1581 3755; x_wconf 87' lang='lat' dir='ltr'>turn</span> 
     </span>
     <span class='ocr_line' id='line_1_39' title="bbox 8 3775 1584 3864; baseline -0.005 -12"><span class='ocrx_word' id='word_1_439' title='bbox 8 3777 9 3782; x_wconf 29' lang='lat'>¹</span> <span class='ocrx_word' id='word_1_440' title='bbox 119 3783 318 3852; x_wconf 86' lang='lat' dir='ltr'>adscititium</span> <span class='ocrx_word' id='word_1_441' title='bbox 341 3801 370 3842; x_wconf 88' lang='grc'>1.</span> <span class='ocrx_word' id='word_1_442' title='bbox 387 3777 437 3842; x_wconf 88' lang='grc'>14.</span> <span class='ocrx_word' id='word_1_443' title='bbox 462 3798 506 3842; x_wconf 84' lang='lat' dir='ltr'>aa</span> <span class='ocrx_word' id='word_1_444' title='bbox 524 3799 564 3842; x_wconf 86' lang='lat' dir='ltr'>ue</span> <span class='ocrx_word' id='word_1_445' title='bbox 578 3789 696 3844; x_wconf 73' lang='lat' dir='ltr'>aeterra</span> <span class='ocrx_word' id='word_1_446' title='bbox 712 3777 837 3864; x_wconf 85' lang='lat' dir='ltr'>quidem</span> <span class='ocrx_word' id='word_1_447' title='bbox 853 3775 1584 3863; x_wconf 56' lang='grc'><strong>1011101001110111,810.1“0111113111110,111</strong></span> 
     </span>
     <span class='ocr_line' id='line_1_40' title="bbox 8 3865 1583 3958; baseline 0.004 -32"><span class='ocrx_word' id='word_1_448' title='bbox 8 3887 10 3926; x_wconf 75' lang='lat'>1</span> <span class='ocrx_word' id='word_1_449' title='bbox 120 3873 251 3958; x_wconf 60' lang='lat' dir='ltr'>Religio</span> <span class='ocrx_word' id='word_1_450' title='bbox 275 3866 467 3944; x_wconf 85' lang='lat' dir='ltr'>Christiana,</span> <span class='ocrx_word' id='word_1_451' title='bbox 492 3869 548 3930; x_wconf 91' lang='lat' dir='ltr'>aut</span> <span class='ocrx_word' id='word_1_452' title='bbox 572 3888 656 3950; x_wconf 88' lang='lat' dir='ltr'>pars,</span> <span class='ocrx_word' id='word_1_453' title='bbox 680 3871 736 3930; x_wconf 90' lang='lat' dir='ltr'>aut</span> <span class='ocrx_word' id='word_1_454' title='bbox 759 3870 847 3931; x_wconf 89' lang='lat' dir='ltr'>actus</span> <span class='ocrx_word' id='word_1_455' title='bbox 871 3868 927 3930; x_wconf 86' lang='lat' dir='ltr'>aut</span> <span class='ocrx_word' id='word_1_456' title='bbox 942 3865 1138 3944; x_wconf 86' lang='lat' dir='ltr'>exercitium,</span> <span class='ocrx_word' id='word_1_457' title='bbox 1152 3867 1209 3928; x_wconf 90' lang='lat' dir='ltr'>aut</span> <span class='ocrx_word' id='word_1_458' title='bbox 1223 3886 1345 3930; x_wconf 87' lang='lat' dir='ltr'>sacrum</span> <span class='ocrx_word' id='word_1_459' title='bbox 1364 3866 1583 3952; x_wconf 88' lang='lat' dir='ltr'>quodcumque</span> 
     </span>
    </p>
   </div>
   <div class='ocr_carea' id='block_1_8' title="bbox 120 3953 1582 4050">
    <p class='ocr_par' dir='ltr' id='par_1_8' title="bbox 8 3943 1582 4050">
     <span class='ocr_line' id='line_1_41' title="bbox 120 3953 1582 4050; baseline 0.004 -33.573"><span class='ocrx_word' id='word_1_460' title='bbox 120 3963 263 4050; x_wconf 82' lang='lat' dir='ltr'>ejusdcm</span> <span class='ocrx_word' id='word_1_461' title='bbox 276 3955 455 4042; x_wconf 83' lang='lat' dir='ltr'>symbolum</span> <span class='ocrx_word' id='word_1_462' title='bbox 466 3977 530 4020; x_wconf 91' lang='lat' dir='ltr'>non</span> <span class='ocrx_word' id='word_1_463' title='bbox 542 3959 646 4019; x_wconf 88' lang='lat' dir='ltr'>mutat</span> <span class='ocrx_word' id='word_1_464' title='bbox 658 3976 720 4019; x_wconf 93' lang='lat' dir='ltr'>non</span> <span class='ocrx_word' id='word_1_465' title='bbox 732 3954 830 4033; x_wconf 88' lang='lat' dir='ltr'>tollit,</span> <span class='ocrx_word' id='word_1_466' title='bbox 842 3954 896 4018; x_wconf 90' lang='lat' dir='ltr'>sed</span> <span class='ocrx_word' id='word_1_467' title='bbox 909 3953 1015 4036; x_wconf 88' lang='lat' dir='ltr'>potius</span> <span class='ocrx_word' id='word_1_468' title='bbox 1027 3957 1201 4030; x_wconf 84' lang='lat' dir='ltr'>conservat,</span> <span class='ocrx_word' id='word_1_469' title='bbox 1214 3957 1389 4037; x_wconf 84' lang='lat' dir='ltr'>promovet,</span> <span class='ocrx_word' id='word_1_470' title='bbox 1394 3955 1457 4039; x_wconf 84' lang='lat' dir='ltr'>jus,</span> <span class='ocrx_word' id='word_1_471' title='bbox 1467 3956 1582 4042; x_wconf 89' lang='lat' dir='ltr'>legem,</span> 
     </span>
    </p>
   </div>
   <div class='ocr_carea' id='block_1_9' title="bbox 8 4040 1583 4395">
    <p class='ocr_par' dir='ltr' id='par_1_9' title="bbox 8 4040 1583 4395">
     <span class='ocr_line' id='line_1_42' title="bbox 120 4040 1583 4126; baseline -0.014 4.436"><span class='ocrx_word' id='word_1_472' title='bbox 120 4052 322 4118; x_wconf 63' lang='lat' dir='ltr'>honestatem</span> <span class='ocrx_word' id='word_1_473' title='bbox 339 4043 362 4108; x_wconf 70' lang='lat'>⁸⁶</span> <span class='ocrx_word' id='word_1_474' title='bbox 378 4041 599 4122; x_wconf 54' lang='lat' dir='ltr'>stomatasm</span> <span class='ocrx_word' id='word_1_475' title='bbox 610 4043 798 4108; x_wconf 90' lang='lat' dir='ltr'>naturalem.</span> <span class='ocrx_word' id='word_1_476' title='bbox 812 4041 927 4107; x_wconf 77' lang='lat' dir='ltr'>Confer</span> <span class='ocrx_word' id='word_1_477' title='bbox 940 4041 1002 4106; x_wconf 87' lang='lat' dir='ltr'>huc</span> <span class='ocrx_word' id='word_1_478' title='bbox 1014 4063 1095 4124; x_wconf 89' lang='lat' dir='ltr'>quae</span> <span class='ocrx_word' id='word_1_479' title='bbox 1108 4041 1186 4105; x_wconf 91' lang='lat' dir='ltr'>alibi</span> <span class='ocrx_word' id='word_1_480' title='bbox 1198 4045 1217 4106; x_wconf 79' lang='grc'>1</span> <span class='ocrx_word' id='word_1_481' title='bbox 1229 4040 1388 4122; x_wconf 90' lang='lat' dir='ltr'>Patribus,</span> <span class='ocrx_word' id='word_1_482' title='bbox 1398 4041 1583 4126; x_wconf 89' lang='lat' dir='ltr'>Moralistis,</span> 
     </span>
     <span class='ocr_line' id='line_1_43' title="bbox 8 4129 1583 4216; baseline -0.01 -2"><span class='ocrx_word' id='word_1_483' title='bbox 8 4143 10 4204; x_wconf 78' lang='lat' dir='ltr'>l</span> <span class='ocrx_word' id='word_1_484' title='bbox 120 4138 288 4216; x_wconf 89' lang='lat' dir='ltr'>Casuistis,</span> <span class='ocrx_word' id='word_1_485' title='bbox 313 4133 350 4196; x_wconf 91' lang='lat' dir='ltr'>de</span> <span class='ocrx_word' id='word_1_486' title='bbox 373 4133 526 4212; x_wconf 72' lang='lat' dir='ltr'>vestibus</span> <span class='ocrx_word' id='word_1_487' title='bbox 543 4153 627 4210; x_wconf 90' lang='lat' dir='ltr'>suco,</span> <span class='ocrx_word' id='word_1_488' title='bbox 643 4131 832 4216; x_wconf 85' lang='lat' dir='ltr'>partialibus</span> <span class='ocrx_word' id='word_1_489' title='bbox 844 4151 1010 4214; x_wconf 90' lang='lat' dir='ltr'>corporum</span> <span class='ocrx_word' id='word_1_490' title='bbox 1023 4129 1231 4206; x_wconf 74' lang='lat' dir='ltr'>nuditatibus</span> <span class='ocrx_word' id='word_1_491' title='bbox 1244 4130 1402 4213; x_wconf 90' lang='lat' dir='ltr'>imprimis</span> <span class='ocrx_word' id='word_1_492' title='bbox 1414 4131 1583 4199; x_wconf 86' lang='lat' dir='ltr'>Faemina-</span> 
     </span>
     <span class='ocr_line' id='line_1_44' title="bbox 8 4217 1582 4305; baseline -0.011 1"><span class='ocrx_word' id='word_1_493' title='bbox 8 4223 10 4248; x_wconf 83' lang='lat'>:</span> <span class='ocrx_word' id='word_1_494' title='bbox 120 4253 192 4296; x_wconf 84' lang='lat' dir='ltr'>rum</span> <span class='ocrx_word' id='word_1_495' title='bbox 206 4224 411 4292; x_wconf 74' lang='lat' dir='ltr'>definiuntur·</span> <span class='ocrx_word' id='word_1_496' title='bbox 424 4220 492 4287; x_wconf 88' lang='lat' dir='ltr'>Nec</span> <span class='ocrx_word' id='word_1_497' title='bbox 512 4220 734 4305; x_wconf 83' lang='lat' dir='ltr'>praetereundi</span> <span class='ocrx_word' id='word_1_498' title='bbox 750 4219 902 4295; x_wconf 89' lang='lat' dir='ltr'>Canones,</span> <span class='ocrx_word' id='word_1_499' title='bbox 916 4217 1034 4282; x_wconf 91' lang='lat' dir='ltr'>Concil.</span> <span class='ocrx_word' id='word_1_500' title='bbox 1048 4219 1078 4282; x_wconf 83' lang='lat'>3.</span> <span class='ocrx_word' id='word_1_501' title='bbox 1091 4218 1279 4302; x_wconf 89' lang='lat' dir='ltr'>Carthagin.</span> <span class='ocrx_word' id='word_1_502' title='bbox 1292 4219 1344 4284; x_wconf 85' lang='lat'>25.</span> <span class='ocrx_word' id='word_1_503' title='bbox 1361 4241 1401 4284; x_wconf 85' lang='lat' dir='ltr'>ne</span> <span class='ocrx_word' id='word_1_504' title='bbox 1416 4221 1524 4288; x_wconf 81' lang='lat' dir='ltr'>Clerici</span> <span class='ocrx_word' id='word_1_505' title='bbox 1533 4245 1582 4288; x_wconf 88' lang='lat' dir='ltr'>ae·</span> 
     </span>
     <span class='ocr_line' id='line_1_45' title="bbox 120 4305 1583 4395; baseline -0.013 -9.493"><span class='ocrx_word' id='word_1_506' title='bbox 120 4339 242 4386; x_wconf 75' lang='grc'><strong>1111111</strong></span> <span class='ocrx_word' id='word_1_507' title='bbox 259 4314 391 4379; x_wconf 79' lang='lat' dir='ltr'>tabesne</span> <span class='ocrx_word' id='word_1_508' title='bbox 403 4311 445 4376; x_wconf 87' lang='lat' dir='ltr'>ad</span> <span class='ocrx_word' id='word_1_509' title='bbox 466 4311 583 4378; x_wconf 86' lang='lat' dir='ltr'>Viduas</span> <span class='ocrx_word' id='word_1_510' title='bbox 595 4310 625 4376; x_wconf 86' lang='lat' dir='ltr'>a·</span> <span class='ocrx_word' id='word_1_511' title='bbox 645 4305 1133 4395; x_wconf 55' lang='grc'><strong>1111911101.118111111111128.</strong></span> <span class='ocrx_word' id='word_1_512' title='bbox 1152 4309 1188 4372; x_wconf 82' lang='lat' dir='ltr'>llt</span> <span class='ocrx_word' id='word_1_513' title='bbox 1204 4308 1311 4372; x_wconf 84' lang='lat' dir='ltr'>Clerici</span> <span class='ocrx_word' id='word_1_514' title='bbox 1321 4309 1415 4374; x_wconf 82' lang='lat' dir='ltr'>vitent</span> <span class='ocrx_word' id='word_1_515' title='bbox 1426 4313 1583 4395; x_wconf 72' lang='lat' dir='ltr'>atrpriatia</span> 
     </span>
    </p>
   </div>
   <div class='ocr_carea' id='block_1_10' title="bbox 8 4393 1585 4554">
    <p class='ocr_par' dir='ltr' id='par_1_10' title="bbox 8 4393 1585 4554">
     <span class='ocr_line' id='line_1_46' title="bbox 8 4393 1583 4553; baseline -0.008 -77"><span class='ocrx_word' id='word_1_516' title='bbox 8 4393 10 4486; x_wconf 55' lang='grc' dir='ltr'>ζ</span> <span class='ocrx_word' id='word_1_517' title='bbox 119 4407 272 4476; x_wconf 81' lang='lat' dir='ltr'>eorauieia.</span> <span class='ocrx_word' id='word_1_518' title='bbox 286 4401 430 4466; x_wconf 80' lang='lat' dir='ltr'>Toletan.</span> <span class='ocrx_word' id='word_1_519' title='bbox 444 4401 474 4464; x_wconf 89' lang='lat'>2.</span> <span class='ocrx_word' id='word_1_520' title='bbox 488 4423 514 4464; x_wconf 90' lang='lat' dir='ltr'>c.</span> <span class='ocrx_word' id='word_1_521' title='bbox 527 4399 558 4464; x_wconf 91' lang='grc'>2.</span> <span class='ocrx_word' id='word_1_522' title='bbox 575 4401 612 4464; x_wconf 82' lang='lat' dir='ltr'>llt</span> <span class='ocrx_word' id='word_1_523' title='bbox 623 4400 731 4464; x_wconf 73' lang='lat' dir='ltr'>trullus</span> <span class='ocrx_word' id='word_1_524' title='bbox 744 4397 942 4476; x_wconf 82' lang='lat' dir='ltr'>Clericorunr,</span> <span class='ocrx_word' id='word_1_525' title='bbox 954 4394 1009 4462; x_wconf 72' lang='lat' dir='ltr'>aa.</span> <span class='ocrx_word' id='word_1_526' title='bbox 1022 4396 1057 4462; x_wconf 86' lang='lat' dir='ltr'>ia</span> <span class='ocrx_word' id='word_1_527' title='bbox 1069 4397 1222 4463; x_wconf 76' lang='lat' dir='ltr'>consortio</span> <span class='ocrx_word' id='word_1_528' title='bbox 1229 4396 1583 4553; x_wconf 57' lang='lat' dir='ltr'>scartilioruotisqutqat.</span> 
     </span>
     <span class='ocr_line' id='line_1_47' title="bbox 1506 4509 1585 4554; baseline 0 -1"><span class='ocrx_word' id='word_1_529' title='bbox 1506 4509 1528 4553; x_wconf 91' lang='lat' dir='ltr'>u</span> <span class='ocrx_word' id='word_1_530' title='bbox 1543 4511 1585 4554; x_wconf 77' lang='lat' dir='ltr'>ie-</span> 
     </span>
    </p>
   </div>
   <div class='ocr_carea' id='block_1_11' title="bbox 0 0 1880 4860">
    <p class='ocr_par' dir='ltr' id='par_1_11' title="bbox 0 0 1880 4860">
     <span class='ocr_line' id='line_1_48' title="bbox 0 0 1880 4860; baseline 0 0"><span class='ocrx_word' id='word_1_531' title='bbox 0 0 1880 4860; x_wconf 95' lang='lat' dir='ltr'> </span> 
     </span>
    </p>
   </div>
  </div>
 </body>
</html>
