3668 4856
328 293 393 363 308
627 294 708 364 Pras
731 293 790 363 III.
814 291 863 362 Dn
886 291 1038 362 Remulus
1061 293 1152 362 Eecn.
1177 315 1207 362 m
1231 314 1357 380 caunas,
1378 289 1444 360 Ina.
1467 287 1494 359 I.
1600 287 1602 298 '

327 495 427 564 tuoot,
450 485 545 571 ioque
571 485 610 550 iis
627 485 702 570 jure
724 485 874 572 serffraqii
889 483 1191 568 ueusiuyauueaur,
1203 483 1359 550 sollercia
1374 483 1424 559 iis,
1436 479 1774 567 qouedoclriucmcca·

326 573 482 640 ceruum
507 575 595 658 Resp.
613 573 783 659 Distingue
795 573 947 638 Doctores
959 574 992 638 in
1005 595 1068 652 eos,
1082 573 1137 660 qui
1148 572 1344 638 solummodo
1356 571 1482 655 publico
1494 568 1684 634 Academiae
1695 567 1774 632 testi·

327 663 433 727 monio
456 663 493 727 de
520 662 664 747 profectu
688 665 711 728 b
735 663 867 733 scientia
878 685 935 728 sua
947 663 1051 728 ornati
1066 666 1152 740 sunt,
1167 662 1257 748 [pag.
1274 661 1364 746 196.]
1381 661 1449 726 &in
1461 683 1524 739 eoa,
1538 657 1594 744 qui
1606 658 1730 739 insuper
1742 657 1776 720 ad

327 751 491 837 publicum
517 752 647 817 docendi
663 773 778 816 munus
790 752 937 836 promoti,
949 752 980 816 vi
996 751 1089 816 istius
1102 750 1271 816 ministerii
1282 750 1473 828 candidatos,
1487 771 1542 812 seu
1554 747 1638 812 filios
1653 744 1775 829 prophe·

326 845 442 920 tarum,
466 845 522 906 aut
545 841 642 906 etiam
665 841 750 925 ipsos
776 841 938 905 ministros
962 839 1149 905 lectionibus
1165 842 1188 906 b
1203 838 1437 916 collationibus,
1453 843 1508 901 aut
1521 833 1776 920 disputationibus

327 933 483 995 exercent.
509 927 625 1006 Quales
639 929 717 994 olim
729 933 819 995 erant
830 930 946 994 eruditi
959 929 1108 1014 episcopi:
1121 929 1231 1013 quales
1243 931 1354 1012 postea
1362 926 1561 1011 sequioribus
1569 923 1703 989 saeculis
1711 922 1777 987 dicti

328 1020 449 1084 [colmes
477 1019 655 1104 Theoloyr'ue
678 1019 711 1083 in
735 1019 946 1098 monasteriis,
960 1021 982 1084 lu
998 1019 1030 1082 in
1043 1018 1190 1101 capitulis
1203 1016 1430 1082 Canonicorum
1445 1014 1624 1082 &aeaerici
1632 1037 1643 1090 ;
1656 1034 1776 1097 quorum

327 1131 442 1174 munus
466 1112 534 1172 erat
553 1110 670 1173 clerum
695 1108 809 1188 douae,
823 1109 870 1171 uti
886 1130 925 1172 ex
941 1106 1062 1192 Papirii
1073 1105 1214 1170 Massoni
1229 1105 1398 1170 annalibus
1414 1105 1618 1169 observatum
1631 1107 1650 1167 a
1661 1123 1777 1186 pereru-

327 1197 393 1262 dito
410 1197 530 1263 usserio
542 1197 575 1262 in
588 1197 640 1263 lib.
654 1197 692 1262 de
705 1197 911 1264 Christianae.
924 1197 1034 1262 Ecetra
1047 1196 1245 1273 successione,
1258 1196 1308 1260 bc.
1320 1215 1386 1278 cop.
1402 1193 1429 1256 7.
1444 1195 1472 1278 ξ.
1486 1193 1537 1256 24.
1551 1191 1668 1268 Quales
1676 1190 1778 1255 etiam·

326 1308 404 1351 num
417 1286 510 1351 hodie
522 1289 594 1371 post
605 1284 781 1350 Concilium
793 1284 1015 1349 Tridentinum
1028 1287 1148 1350 molares
1166 1285 1307 1370 Theoloqi
1318 1283 1351 1348 in
1363 1282 1541 1347 seminariis
1551 1281 1778 1364 Episcoporum.

329 1373 547 1440 Communiter
567 1397 681 1438 munus
704 1375 783 1439 illud
799 1374 1014 1458 professorum
1026 1379 1082 1438 aut
1094 1375 1247 1438 lectorum
1263 1372 1410 1438 *anostris
1423 1375 1610 1436 numeratur
1625 1370 1706 1433 intm
1715 1390 1778 1432 mu·

327 1487 404 1529 nera
417 1486 506 1529 sacra
517 1485 572 1528 seu
584 1463 817 1544 Ecclesiastico,
830 1463 924 1548 idque
936 1486 1007 1529 cum
1020 1462 1299 1528 constitutionibus
1306 1461 1538 1530 Ecclesiasticis
1546 1457 1778 1544 BelgicisAru'c.

329 1554 359 1619 2.
373 1555 396 1620 b
411 1554 460 1617 18.
474 1552 534 1618 Est
545 1557 652 1617 tamen
665 1575 832 1632 nonnem0,
846 1553 901 1636 qui
916 1552 1175 1638 distinguendum
1186 1555 1280 1636 putat
1293 1551 1376 1615 inter
1387 1548 1539 1614 Doctores
1550 1546 1779 1613 Ecclesiasticos

328 1642 585 1709 &scholasticum
602 1642 686 1725 quod
701 1663 784 1706 nunc
795 1663 856 1706 non
871 1641 1099 1706 examinamus.
1112 1637 1161 1704 Sit
1177 1661 1270 1725 ergo:

377 1733 406 1796 1.
434 1732 534 1796 ccccl.
557 1729 709 1796 Doctores
733 1729 936 1815 Theologiae,
961 1730 1105 1815 quamvis
1124 1752 1220 1813 supra
1232 1728 1371 1812 reliquos
1383 1727 1572 1793 studiosos&
1579 1730 1781 1810 proponentes

328 1820 552 1904 praesumendi
564 1819 628 1884 sint
639 1819 742 1904 magis
754 1819 869 1898 idonei,
883 1821 923 1884 ad
934 1819 1217 1884 controversiarum
1225 1817 1492 1901 dijudicationem
1501 1814 1780 1899 sitamenaliquem

330 1908 501 1973 ministerii
511 1908 545 1972 in
558 1907 699 1974 Ecclesia
711 1909 856 1994 gradum,
866 1913 921 1972 aut
929 1909 1041 1973 saltem
1050 1908 1236 1972 diuturnum
1243 1929 1337 1970 usum
1345 1904 1781 1983 nonhabeant,nonridentu1

330 2019 454 2082 semper
474 2019 550 2081 prae
571 1997 642 2061 aliis
662 1997 808 2062 omnibus
826 1997 920 2062 titulo
940 1996 1086 2062 Doctoris
1106 1995 1287 2060 carentibus
1307 2000 1460 2079 tanquam
1480 1995 1619 2058 maxime
1631 1993 1731 2057 idonei
1746 1993 1781 2056 ad

330 2086 464 2170 synodos
487 2086 663 2172 delegandi.
683 2085 786 2150 Multo
805 2085 911 2150 minus
931 2109 969 2150 ex
991 2086 1075 2150 nudo
1093 2086 1165 2169 jure
1181 2084 1372 2150 Doctoratus
1387 2084 1447 2162 sui,
1461 2083 1580 2167 absque
1592 2082 1781 2168 delegatione

332 2173 555 2241 Ecclesiastica
568 2174 600 2238 in
612 2175 724 2240 iisdem
737 2174 907 2260 suffragari
919 2175 1043 2240 debent.

375 2264 405 2327 2.
434 2265 534 2330 Coucl.
558 2262 753 2349 Theologiae
775 2261 995 2329 Professorum
1018 2286 1073 2329 seu
1096 2264 1248 2328 lectorum
1271 2262 1306 2326 in
1318 2262 1444 2340 scholis,
1457 2262 1552 2346 longe
1561 2262 1781 2327 aliaestratio:

329 2352 527 2437 praesertim,
550 2352 605 2436 qui
629 2351 763 2417 antehae
786 2352 962 2418 ministerio
974 2353 1007 2416 in
1022 2351 1174 2418 Ecclesiis
1186 2351 1322 2416 fideliter
1333 2353 1356 2418 du
1369 2349 1516 2420 εὒτάκτως
1527 2351 1630 2416 functi
1641 2355 1722 2416 sunt.
1735 2350 1781 2414 llli

330 2441 415 2506 euim
437 2464 513 2525 prae
536 2441 646 2505 multis
669 2441 740 2505 aliis
753 2441 857 2506 idonei
873 2465 940 2507 esse
953 2442 1109 2521 videntur,
1122 2446 1178 2506 aut
1194 2441 1307 2506 saltem
1321 2441 1447 2516 debent,
1461 2439 1514 2523 qui
1528 2440 1565 2504 de
1578 2441 1715 2526 negotiis
1727 2440 1780 2504 Ec·

329 2529 523 2609 clesiasticiS,
548 2534 604 2594 aut
627 2531 741 2594 saltem
757 2530 794 2594 de
806 2530 947 2595 doctrina
956 2531 1097 2614 judicare
1109 2535 1244 2616 queant;
1257 2529 1373 2613 quibus
1385 2532 1554 2612 proptorea
1569 2531 1620 2594 vel
1633 2553 1688 2614 per
1703 2529 1782 2594 ordi·

329 2619 451 2684 nariam
477 2620 501 2685 b
524 2622 711 2702 perpetuam
737 2619 994 2686 constitutionem
1021 2618 1287 2696 Ecclesiasticam,
1302 2619 1349 2683 vel
1364 2641 1421 2702 per
1436 2618 1630 2701 peculiarem
1641 2619 1782 2705 synedrii,

226 2731 228 2736 ’
329 2712 385 2772 aut
396 2707 516 2786 elassis,
529 2711 584 2772 aut
596 2708 707 2792 synodi
722 2708 851 2772 minoris
865 2709 1060 2786 electionem,
1075 2708 1125 2773 vel
1135 2731 1192 2792 per
1204 2708 1304 2792 ipsius
1316 2706 1428 2792 synodi
1436 2709 1504 2791 jam
1515 2720 1703 2773 convocatae
1713 2729 1782 2772 ero-

328 2796 495 2874 cationem,
508 2800 564 2861 aut
578 2796 808 2875 invitationem,
826 2802 881 2862 aut
892 2797 1129 2876 assumtionem,
1145 2799 1268 2863 locus&
1283 2796 1472 2880 suffragium
1489 2796 1522 2859 in
1539 2798 1667 2882 synodis
1679 2819 1783 2862 conce·

331 2885 433 2952 denda
445 2883 601 2950 videntur.

375 2975 405 3038 3.
441 2973 541 3042 Conci.
578 2972 738 3058 Quidquid
760 2974 812 3040 hic
838 2976 993 3060 suffragii,
1019 2976 1085 3041 sive
1109 2975 1319 3054 deliberativi,
1343 2975 1409 3039 sive
1433 2974 1572 3052 decisivi,
1597 2976 1664 3041 sive
1685 2975 1783 3059 cujus·

330 3085 453 3147 cunque
480 3063 609 3128 alterius
632 3064 800 3147 potestatis
813 3065 947 3129 antehae
958 3064 1195 3129 Professoribus
1208 3086 1264 3147 per
1276 3064 1467 3148 synodorum
1481 3064 1721 3130 constitutiones
1733 3067 1784 3128 aut

330 3152 455 3217 decreta
467 3152 504 3216 de
515 3151 601 3217 facto
613 3152 763 3217 collatum
775 3176 811 3218 ac
822 3153 978 3217 tributum
990 3153 1063 3232 fuit,
1073 3175 1130 3237 pro
1141 3153 1234 3216 libitu
1244 3152 1338 3217 unius
1347 3158 1442 3236 atque
1452 3153 1584 3218 alterius
1591 3151 1784 3238 Diotrephioi

329 3240 485 3326 magistri,
510 3241 715 3306 auferendum
742 3264 805 3306 non
820 3246 885 3307 est:
897 3246 1063 3327 praetextu
1078 3241 1198 3306 scilicet
1214 3241 1332 3306 abusus
1343 3263 1400 3325 per
1412 3264 1521 3320 unum,
1534 3245 1557 3309 b
1570 3243 1696 3326 quidem
1709 3264 1783 3326 pan·

330 3351 437 3394 corum
460 3329 686 3413 stipendiorum
710 3330 920 3413 professorem
933 3331 1115 3396 Arminium
1127 3330 1297 3395 commissi.
1310 3328 1372 3394 Sed
1388 3353 1444 3395 cur
1455 3353 1564 3396 omnes
1577 3330 1723 3397 Arminio
1737 3352 1785 3396 co·

330 3417 400 3483 aevi
424 3420 447 3485 b
470 3419 667 3483 collaterales
691 3419 884 3501 professores
908 3420 1023 3506 Belgii,
1037 3421 1060 3486 b
1072 3419 1246 3504 exemplari
1258 3419 1343 3484 inter
1355 3419 1428 3484 illas
1443 3420 1649 3486 difficultates
1662 3421 1721 3486 fide
1731 3423 1784 3484 sua

331 3529 367 3571 ac
392 3508 569 3572 constantia
591 3507 707 3571 libram
729 3507 762 3570 in
786 3509 963 3592 oppositam
985 3513 1110 3593 partem
1133 3531 1196 3574 non
1222 3509 1402 3573 inclinant?
1425 3509 1527 3574 Erant
1550 3515 1659 3576 autem
1680 3509 1727 3574 illi
1747 3509 1782 3574 D.

333 3596 507 3770 uncurruq
523 3597 622 3661 Lucas
650 3597 815 3663 ltelcotius
841 3600 897 3685 fit,
920 3598 1097 3665 Sitrurulus
1121 3597 1302 3678 hotbertus,
1330 3599 1784 3677 Ileur..lruonides,1lmouiur

335 3686 363 3750 T
380 3684 479 3771 ysius.
507 3706 582 3770 pag.
597 3685 687 3770 197]

376 3773 406 3836 4.
435 3774 535 3839 Corecl.
568 3773 620 3838 An
647 3795 721 3838 vero
748 3776 893 3840 omnibus
916 3775 948 3840 in
973 3776 1087 3861 Belgio
1110 3775 1346 3842 Professoribus
1370 3776 1568 3843 Academicis
1594 3778 1783 3862 penitissime

332 3862 354 3926 b
377 3882 415 3926 ex
438 3867 551 3927 natura
573 3863 619 3926 rei
634 3862 766 3927 insitum
782 3866 824 3928 sit
835 3866 888 3949 jus
901 3865 1029 3949 aliquod
1041 3867 1081 3930 ad
1092 3865 1238 3950 politiam
1251 3865 1462 3950 spiritualem,
1476 3869 1499 3932 b
1511 3872 1737 3952 consequenter
1748 3864 1783 3930 ad

330 3949 483 4034 suffragia
505 3951 641 4016 decisiva
662 3951 696 4015 in
719 3953 845 4036 synodis
868 3952 1103 4033 Nationalibus,
1127 3956 1150 4020 fu
1173 3953 1408 4020 Professoribus
1430 3955 1464 4019 in
1476 3954 1536 4020 hac
1549 3961 1606 4021 aut
1616 3957 1673 4022 illa
1685 3955 1721 4021 D·
1733 3953 1781 4040 {gii

332 4037 498 4103 Provincia
509 4039 543 4103 in
555 4063 612 4104 sua
624 4041 774 4124 cujusque
786 4043 904 4126 syuodo
917 4041 1122 4108 Prouinciali:
1138 4065 1197 4129 ego
1209 4044 1419 4109 determinare
1431 4066 1563 4128 nequeo.
1576 4045 1668 4121 Quod
1679 4047 1713 4110 in
1733 4065 1781 4108 ne·

331 4125 453 4190 diatum
473 4129 525 4210 jus
541 4128 682 4192 divinum
694 4128 847 4195 hactenus
860 4131 969 4216 aliqua
979 4155 1051 4197 cum
1063 4133 1236 4212 soliditate,
1253 4139 1308 4199 aut
1316 4135 1369 4217 jus
1382 4133 1554 4217 positivum
1566 4133 1721 4200 Ecclesiae
1733 4134 1782 4197 ico

330 4213 506 4279 humanum
529 4217 594 4281 sive
618 4219 778 4302 autiquae,
802 4220 867 4284 sive
891 4220 1081 4287 reformatae
1107 4221 1268 4287 Ecclesiae
1292 4223 1463 4306 probatum
1477 4245 1540 4288 non
1553 4221 1783 4299 videamtlrod

331 4302 416 4368 enim
437 4327 495 4387 pro
520 4309 609 4388 parte
622 4306 802 4372 affirmante
816 4309 984 4375 discrimen
998 4310 1158 4397 allegatur
1171 4311 1254 4376 inter
1269 4311 1440 4376 Ductorem
1456 4312 1478 4376 b
1491 4309 1665 4392 Pastorem,
1677 4313 1721 4397 Ep
1733 4311 1782 4375 teu.

331 4390 362 4458 4.
393 4390 473 4456 illud
494 4391 569 4457 huic
592 4395 720 4479 negotio
743 4419 804 4460 non
822 4399 986 4464 satisfacit.
1000 4399 1085 4465 Nam
1102 4401 1175 4464 dato
1188 4401 1233 4464 ita
1246 4422 1324 4479 esse,
1337 4401 1420 4484 quod
1432 4423 1489 4466 nos
1501 4421 1619 4486 negare
1631 4402 1782 4472 uolumus,

1733 4490 1782 4552 lus
