3668 4856
233 281 352 350 Tnscr:
371 265 431 353 Ill.
454 284 501 350 Da
525 255 729 352 (lonvsumaus
754 285 959 351 6611666666.
984 284 1109 351 Euoras.
1135 284 1207 352 (lar.
1232 283 1322 352 VlIl.
1444 284 1508 348 319
1588 357 1592 373 Ι

14 419 17 570 l
77 469 255 554 sdsynodum
267 491 331 536 non
343 470 527 538 deferendas
540 473 739 556 quaestiones
752 473 774 538 b
786 495 896 538 causas
909 472 1077 556 praecipue
1090 476 1318 552 controversas,
1339 472 1377 536 16
1393 471 1510 556 quibus

75 563 150 622 antea
159 582 260 624 coram
271 561 476 646 presbyteriis
489 564 517 628 tr
525 562 677 627 classibus
689 567 795 626 actum
807 585 871 626 non
885 561 958 626 fuit.
975 561 1045 625 Hoc
1058 561 1142 625 enim
1158 563 1185 625 si
1197 562 1366 639 obtineret,
1379 562 1509 625 tandem

74 653 232 730 sequeretur
252 651 496 733 presbyteriales
516 653 538 716 a
557 652 702 716 classicos
726 656 896 716 conventus
916 655 1070 735 tanquam
1088 650 1205 716 otiosos
1229 651 1438 736 abrogandos,
1453 653 1509 714 aut

14 773 16 848 ᾗ
75 733 202 814 11616μῴ
223 739 381 822 proximos
405 762 482 804 esse.
507 738 576 804 Hoc
599 740 698 804 velint
720 739 920 824 Diotrephici
944 741 1224 820 φιλοπρωτεύοντεςε
1239 739 1317 804 haec
1331 739 1416 803 enirn
1428 738 1507 823 ipsis

14 883 15 898 ,
74 826 193 906 proxima
216 827 267 892 via
290 829 330 891 ad
356 829 588 912 episcopatum:
614 835 670 893 aut
693 830 784 912 quasi
806 830 1033 912 episcopatum.
1057 827 1105 892 De
1121 828 1172 892 his
1188 851 1265 914 ergo
1278 829 1361 913 apud
1373 851 1430 892 nos
1441 829 1509 911 jam

14 907 22 992 l
74 915 300 998 praejudicatum
312 921 376 993 cst;
401 921 493 1000 aquo
507 941 569 982 uon
581 918 741 1004 patiamur
756 941 814 982 nos
827 918 991 982 dimoveri.
1015 916 1050 982 Si
1062 917 1269 1002 magistratus
1285 917 1436 1003 supremi,
1454 922 1510 980 aut

73 1003 116 1066 alii
126 1009 207 1069 extra
219 1011 344 1070 nostras
356 1005 513 1071 Ecclesiae
526 1008 644 1091 synodo
658 1007 733 1091 quid
745 1011 933 1092 proponant,
947 1006 1030 1091 quod
1038 1029 1238 1072 communem
1246 1008 1388 1072 omnium
1399 1005 1510 1071 Eccle-

73 1091 171 1157 ciarum
181 1117 308 1158 causam
321 1100 377 1159 aut
389 1095 636 1160 aedificationem
650 1097 818 1175 concernit,
834 1119 891 1161 nec
904 1097 944 1160 ab
957 1096 1028 1160 aliis
1040 1095 1182 1160 coetibus
1194 1096 1315 1160 absolvi
1330 1099 1455 1180 potest;
1472 1096 1510 1159 de

73 1203 101 1243 eo
120 1184 247 1265 synodus
259 1184 401 1267 judicare
414 1184 516 1263 debet,
533 1209 573 1249 an
586 1185 628 1249 sit
640 1187 703 1249 talc
716 1187 800 1268 quod
812 1186 844 1248 in
856 1185 1018 1270 praesenti
1035 1185 1257 1263 decidendum3
1283 1209 1323 1248 an
1335 1207 1409 1250 vero
1422 1184 1511 1268 prius

72 1268 103 1332 ad
123 1272 320 1352 particulares
343 1275 488 1356 synodos,
512 1276 638 1354 classes,
664 1274 873 1358 presbyteria,
892 1296 950 1358 per
961 1275 1086 1338 modum
1102 1274 1295 1358 gravaminis
1309 1273 1511 1338 mittendum.

71 1355 168 1425 116616
188 1362 272 1425 enim
292 1384 373 1445 quae
386 1362 505 1446 synodo
517 1363 650 1448 proponi
666 1364 867 1448 contigerint,
885 1385 922 1426 er
939 1368 1081 1446 tempore
1093 1365 1115 1430 lv
1129 1364 1319 1446 peremtoria
1331 1361 1508 1427 definienda

72 1469 123 1510 non
134 1455 217 1514 sunt:
236 1452 274 1514 de
288 1473 353 1534 quo
366 1473 439 1515 mox
450 1451 544 1517 infra.

24 1548 28 1561 '
105 1535 142 1602 Η.
166 1539 288 1618 1166661.
302 1541 352 1606 An
365 1542 458 1624 prius
469 1543 578 1607 ordine
586 1542 793 1627 proponenda
805 1543 840 1606 in
852 1542 970 1628 synodo
982 1562 1062 1628 quae
1073 1542 1116 1606 dcl
1127 1541 1293 1627 Doynraln,
1307 1541 1417 1606 deircdc
1429 1561 1509 1628 quac

70 1626 233 1694 uotiua
248 1629 539 1713 disciplinandum
552 1633 769 1716 particular-ia.
793 1632 884 1716 Hesp.
909 1629 960 1696 Sic
972 1631 1006 1694 in
1021 1632 1135 1697 Concil.
1150 1629 1330 1716 Covlboyin.
1354 1631 1386 1694 2.
1409 1634 1512 1694 statu-

71 1721 137 1780 tum.
157 1716 196 1780 Et
208 1717 347 1802 probant
358 1717 519 1802 Hyperius
532 1743 628 1804 supra
640 1721 693 1784 cit.
707 1723 729 1787 tr
741 1722 872 1787 Danaus
884 1741 909 1784 c.
923 1720 976 1785 41.
985 1741 1058 1805 puy.
1073 1721 1148 1785 cal.
1163 1719 1232 1786 Nec
1245 1741 1460 1803 repugnamus
1477 1723 1513 1784 ut

70 1805 208 1871 ordinario
219 1808 267 1870 ita
280 1808 353 1884 liat;
373 1808 436 1872 nisi
450 1808 526 1892 quid
537 1809 699 1893 impediat,
713 1810 736 1875 tv
751 1809 921 1874 necessitas
933 1812 989 1878 aut
1001 1809 1178 1874 aedificatio
1190 1808 1405 1875 Ecclesiarum
1418 1808 1510 1872 aliter

69 1893 189 1959 suadeat.
214 1895 291 1961 Non
302 1897 385 1960 male
402 1901 508 1962 tamen
521 1898 645 1978 dixerit,
659 1899 714 1982 qni
725 1899 809 1963 hunc
820 1899 963 1963 ordinem
974 1898 1086 1962 fecerit
1098 1897 1329 1980 arbritrarium,
1344 1896 1511 1964 &arbitrio

70 1981 296 2063 praefectorum,
309 1991 366 2050 aut
380 1986 478 2051 totius
494 1988 606 2072 synodi
616 1991 721 2052 totum
733 1987 908 2072 reliquerit.

105 2073 132 2136 2.
153 2074 348 2155 Deliberabo,
373 2097 453 2159 quae
477 2077 500 2143 ts
522 2079 689 2154 συζὴτησις,
715 2077 903 2162 disquisitio,
918 2099 1050 2142 examen
1062 2077 1121 2141 dici
1135 2081 1250 2160 potest,
1262 2099 1327 2140 non
1339 2075 1467 2161 quidem
1479 2075 1512 2138 16

70 2159 207 2240 omnibus,
219 2165 276 2228 sed
288 2163 322 2227 in
335 2164 429 2228 rebus
441 2165 635 2246 difficilibus,
647 2171 703 2230 aut
714 2165 842 2250 majoris
855 2167 1017 2242 momenti,
1031 2169 1178 2231 6616666
1187 2165 1397 2230 controversis
1406 2164 1512 2250 requi-

70 2249 147 2315 ritur.
168 2255 267 2317 rlclor.
284 2254 334 2316 15.
351 2274 381 2318 v.
396 2254 424 2318 7.
443 2254 617 2320 Tbcodovel.
632 2256 682 2320 b'b.
697 2257 725 2318 2.
739 2275 806 2339 cop.
823 2253 872 2319 16.
887 2255 975 2340 [pag.
991 2255 1083 2341 2ll.]
1096 2254 1147 2320 lta
1162 2259 1196 2319 ut
1208 2255 1350 2340 graviter
1362 2275 1512 2338 peccare·

71 2342 112 2402 tur
123 2339 233 2406 abillis
250 2342 388 2426 synodis,
405 2365 486 2428 quae
498 2344 637 2428 primum
649 2345 811 2428 proposita
827 2365 884 2408 nec
895 2349 968 2408 ante
984 2345 1061 2408 66116
1074 2345 1237 2424 ventilata,
1247 2344 1344 2408 immo
1356 2344 1408 2408 vix
1418 2342 1514 2407 intel-

67 2425 147 2506 lecta,
172 2431 275 2495 crudis
292 2433 316 2497 ds
333 2431 522 2496 inconcoctis
534 2433 661 2517 judiciis
673 2435 791 2498 temere
808 2433 984 2512 definirent,
1001 2434 1146 2516 exemplo
1158 2433 1374 2518 antiquarum,
1387 2433 1425 2495 de
1442 2431 1512 2518 qui-

70 2513 118 2580 bus
132 2517 273 2584 Socrates
286 2519 337 2584 lib.
354 2521 381 2584 l.
398 2542 466 2606 cup.
480 2523 531 2586 2l.
545 2523 635 2587 1132.
656 2521 753 2587 Fiunt
766 2526 873 2585 autern
886 2521 1121 2607 disquisitiones
1138 2522 1357 2588 &collationes
1374 2521 1448 2584 illae
1462 2519 1512 2584 vel

70 2603 173 2692 absque
195 2609 347 2674 dilatione
370 2609 410 2674 61
425 2611 527 2694 ipsam
539 2611 803 2695 propositionem:
828 2612 878 2674 vel
890 2633 962 2675 curn
975 2611 1136 2691 dilatione,
1150 2633 1295 2676 concesso
1308 2610 1512 2694 synodalibus

67 2695 140 2772 justo
161 2701 302 2782 tempore
322 2699 362 2762 61
378 2699 626 2779 deliberandum,
639 2723 702 2786 quo
714 2703 823 2764 exacto
834 2700 954 2785 singuli
966 2701 999 2763 in
1012 2700 1130 2785 synodo
1143 2700 1274 2765 consilia
1286 2722 1345 2764 sua
1357 2699 1512 2783 aperiant,

69 2783 87 2846 t
105 2789 171 2866 post
193 2791 338 2851 mutuam
361 2810 471 2853 eorum
494 2788 694 2854 collationem
710 2812 747 2854 ac
758 2789 1008 2869 ventilationem,
1022 2791 1061 2854 ad
1077 2790 1229 2874 suffragia
1243 2788 1420 2853 deveniant.
1438 2787 1509 2852 Ali-

70 2874 179 2952 quando
200 2875 297 2940 etiam
325 2877 371 2941 rei
394 2878 551 2962 gravitate
575 2879 621 2942 ita
647 2879 838 2962 postulante,
863 2879 962 2962 aliqui
975 2901 1013 2942 cx
1030 2879 1233 2963 synodalibus
1245 2879 1444 2963 delegantur,
1456 2877 1512 2961 qui

69 2962 185 3028 seorsim
196 2964 284 3030 horis
295 2966 467 3032 subcesivis
480 2967 649 3032 consilium
658 2968 787 3052 aliquod
798 2968 977 3051 concipiant
990 2990 1025 3032 ac
1037 2969 1156 3052 synodo
1168 2972 1367 3051 praeparent.
1386 2964 1448 3030 Sed
1461 2966 1513 3029 lric

69 3052 163 3129 quaeri
218 3058 298 3120 sset:

104 3137 127 3207 l.
150 3075 272 3224 (tilbert.
298 3143 349 3208 An
374 3145 524 3211 condrust
546 3157 581 3211 nl
600 3145 639 3212 ab
652 3147 740 3211 initio
753 3147 865 3234 synodi
880 3147 980 3232 aliqui
992 3157 1143 3232 tunquam
1159 3146 1316 3212 ordinarii
1327 3145 1515 3210 consultores

69 3245 99 3290 a
110 3233 307 3316 synodalibus
318 3234 476 3319 eligantur
487 3255 523 3299 oc
534 3237 763 3301 constituuntur·
774 3259 785 3312 ;
797 3237 851 3322 qni
862 3237 897 3300 in
909 3236 1064 3314 onrm'bns,
1076 3247 1131 3301 aru
1143 3237 1250 3300 sallem
1263 3236 1298 3299 in
1306 3235 1436 3318 vvcajovis
1444 3255 1513 3298 vno-

71 3321 151 3386 nenn'
160 3323 290 3406 neyoliis
300 3323 420 3410 syuodo
431 3324 561 3388 consiliu
572 3325 808 3409 pruclbnncnl?
832 3327 921 3408 llcsp.
934 3325 1069 3389 Videtur
1081 3325 1145 3388 tale
1157 3325 1234 3407 quid
1246 3324 1337 3387 innui
1349 3324 1389 3387 ab
1404 3321 1515 3407 Hype-

70 3405 106 3504 ria
119 3421 200 3476 tract.
213 3413 263 3476 cil.
279 3433 351 3497 pay.
365 3413 439 3478 812.
452 3415 476 3479 1
488 3413 528 3477 ad
540 3413 666 3478 facilem
678 3437 714 3478 ac
727 3415 981 3496 compendiosam
996 3414 1194 3498 synodalium
1210 3413 1373 3477 actionum
1384 3413 1514 3495 expedi-

70 3497 173 3563 tronem
185 3523 248 3564 non
259 3523 376 3584 parum
387 3500 500 3567 facere.
525 3500 586 3566 Sed
599 3503 640 3566 ab
656 3503 757 3566 altera
769 3507 859 3586 parte
872 3503 996 3567 videtur
1007 3504 1039 3568 id
1052 3503 1156 3566 minus
1168 3507 1274 3566 tutum
1287 3525 1366 3580 esse,
1378 3503 1401 3566 bt
1414 3501 1511 3565 liber-

69 3585 117 3649 tati
128 3589 235 3672 synodi
251 3589 478 3674 praejudicare,
490 3591 638 3675 viamque
651 3596 792 3656 sternere
806 3591 846 3654 ad
858 3592 1085 3676 aligarchiam:
1100 3613 1181 3676 quae
1193 3595 1348 3675 perpetua
1361 3594 1408 3653 est
1424 3589 1515 3655 fundi

68 3669 266 3744 Enaesisstici
278 3678 454 3758 calamitas,
468 3680 668 3745 daemonium
681 3679 900 3760 obambulans,
913 3703 1038 3764 semper
1050 3680 1215 3759 infestans,
1230 3701 1355 3763 semper
1364 3678 1515 3744 Ecclesiis

68 3769 265 3832 metuendum.
291 3766 356 3837 Vix
375 3768 461 3841 enim
471 3769 541 3833 fieri
555 3773 661 3852 potest
672 3773 709 3833 ut
720 3769 833 3832 iisdem
844 3772 867 3835 dr
879 3769 1050 3854 perpetuis,
1064 3774 1168 3833 stante
1182 3770 1309 3852 synodo,
1324 3768 1515 3832 consultori-

70 3849 102 3915 bu
166 3856 267 3921 ..rsilia
279 3855 493 3941 praeformata
505 3881 568 3922 non
579 3862 744 3922 transeant
755 3858 788 3921 in
802 3859 1010 3943 praejudicia:
1027 3859 1141 3922 saltem
1153 3862 1264 3921 uttam
1281 3857 1380 3920 libere
1394 3860 1516 3940 async-

68 3938 102 4005 16
140 3967 176 4010 ¹rs
192 3947 422 4025 examinentur,
436 3949 461 4013 b
474 3948 502 4012 si
514 3947 560 4012 ita
571 3947 676 4011 visum
691 3947 798 4026 fuerit,
812 3947 1005 4031 rejiciantur,
1018 3969 1054 4011 ac
1066 3948 1093 4012 si
1106 3947 1145 4011 ab
1156 3946 1220 4009 illis
1230 3946 1443 4030 praeformata
1452 3968 1515 4019 non

68 4049 102 4096 en
150 4039 166 4099 ¹.
180 4034 246 4120 lpsi
258 4034 344 4100 enim
356 4036 550 4101 consultores
564 4041 686 4120 partem
699 4036 810 4121 synodi
821 4036 983 4113 facientes,
997 4037 1062 4100 suis
1075 4035 1238 4120 suffragiis
1247 4035 1365 4117 junctis
1379 4035 1514 4098 aliorum

68 4143 102 4204 qu
138 4127 249 4190 „ndam
273 4129 292 4189 a
319 4147 352 4190 se
382 4124 521 4190 studiose
534 4130 768 4210 occupatorum,
784 4123 878 4190 facile
892 4125 1006 4189 libram
1018 4125 1052 4188 in
1065 4148 1137 4189 suas
1150 4128 1256 4207 partes
1268 4123 1448 4207 depressuri
1464 4145 1514 4188 es-

69 4233 102 4276 ser
151 4215 267 4280 simnia
283 4218 354 4278 tuta
370 4213 422 4278 hic
434 4214 575 4279 timenda
587 4220 671 4280 sunt.

166 4306 290 4388 066661.
314 4304 367 4368 An
390 4304 529 4390 synodus
557 4315 628 4382 loto,
641 4315 696 4369 nul
708 4303 872 4390 synodales
885 4305 1024 4381 seorsim,
1036 4324 1102 4368 non
1116 4302 1318 4390 synodalibus
1330 4321 1469 4380 cenricus,
1486 4299 1517 4366 a

68 4389 102 4456 dis
166 4396 276 4458 *inirem
298 4394 532 4477 propositorum
556 4394 786 4478 qrroerlionrnn,
804 4391 1515 4474 1666611166661666611166161666616666-

1448 4481 1516 4564 {br-
