3736 4860
309 315 422 384 18888.
433 311 477 384 Π.
499 309 587 382 Scor.
599 307 658 382 III.
682 315 730 380 Da
742 275 1020 382 188888818888
1032 313 1189 383 Breuem.
1213 315 1283 384 (iar.
1296 312 1353 382 IV.
1483 309 1548 382 193

89 503 314 571 monachatum
331 505 387 568 aut
404 501 640 568 Pontificatum.
665 499 782 567 Fateor
804 506 913 568 tamen
929 503 1097 568 convenire
1116 502 1150 567 in
1183 502 1244 568 hoc
1264 523 1350 567 more
1379 501 1552 568 hodiernae

88 593 220 672 Romae,
243 597 279 658 ut
300 594 323 658 s
334 592 367 656 in
380 591 491 656 multis
503 591 586 670 aliis,
599 612 672 655 cum
683 591 817 675 antiquie
828 589 960 669 Gentili,
973 591 1029 656 ubi
1041 591 1223 658 Vestalium
1234 591 1365 656 nomina
1379 591 1552 656 mutaban-

88 687 149 762 tur,
160 685 245 748 teste
265 680 519 764 Viceoomitecap.
531 680 580 744 cit.
593 681 623 744 3.
640 681 736 747 conci.
756 677 848 755 Quod
859 679 900 744 ad
910 679 1051 746 infantes
1063 679 1328 757 Christianorum,
1341 702 1478 764 quorum
1493 701 1552 745 no·

7 839 8 848 ,
88 773 175 838 mina
198 769 335 854 professi
357 773 432 834 sunt
455 767 617 846 Parentes,
635 772 692 834 aut
707 767 762 832 alii
774 769 954 848 offerentes,
969 769 1148 856 quibusque
1162 769 1316 853 appellati
1330 791 1367 834 ac
1379 769 1450 834 noti
1463 767 1554 836 fuere

90 883 144 946 per
164 881 267 924 annos
285 858 452 943 pueritiae,
465 856 706 937 adolescentiae,
719 858 741 922 1
756 857 855 922 181188
868 858 1118 923 conversationis
1134 879 1210 924 suae
1221 858 1305 922 inter
1317 857 1476 938 homines,
1491 878 1555 922 non
1614 939 1617 942 Ι

7 1003 8 1030 ,
87 949 178 1014 rideo
199 970 256 1013 cur
276 947 309 1010 in
322 947 496 1032 juventute,
509 945 698 1030 praesertim
711 944 738 1009 si
752 945 786 1008 in
798 946 909 1011 eadem
920 945 1051 1031 regione
1064 949 1120 1011 aut
1131 950 1228 1032 gente
1239 950 1401 1026 maneant,
1414 946 1553 1011 mutatio

7 1035 8 1082 t
90 1037 234 1102 affectari
246 1036 370 1101 debeat.
383 1033 419 1100 Si
430 1033 502 1117 quis
513 1038 622 1100 tamen
634 1033 675 1098 ad
687 1033 828 1119 pericula
839 1035 923 1099 inter
934 1036 1120 1120 peregrinos
1132 1034 1292 1113 88118818,
1304 1034 1372 1100 8188
1385 1035 1457 1099 1818
1467 1035 1554 1099 malo

89 1127 262 1194 &aliorum
274 1123 402 1209 injurii,
418 1143 533 1186 nomen
546 1144 640 1186 suum
655 1126 780 1188 mutare
792 1127 937 1208 cogatur,¹
948 1126 986 1188 ut
997 1124 1107 1203 lateat,
1119 1145 1184 1188 non
1198 1122 1288 1188 video
1301 1123 1361 1188 hoo
1373 1124 1478 1208 magis
1495 1124 1554 1188 ab·

7 1205 9 1256 l
90 1216 222 1281 surdum
239 1235 325 1290 esse,
342 1233 439 1298 quam
459 1210 486 1274 si
505 1214 609 1275 mutet
624 1216 756 1276 vestem.
780 1209 870 1276 Idem
886 1215 1034 1277 statuunt
1046 1214 1123 1279 ICC.
1139 1212 1177 1276 de
1189 1211 1317 1276 nomine
1329 1212 1428 1295 turpi.
1452 1211 1556 1276 Extra

90 1326 169 1389 quos
193 1325 286 1368 casus
304 1322 419 1365 nomen
439 1303 495 1364 aut
507 1320 682 1384 cognomen
694 1303 818 1364 mutare
835 1300 874 1364 ad
886 1300 1006 1364 crimen
1018 1299 1094 1365 falsi
1105 1300 1252 1366 refertur.
1277 1298 1360 1365 Vide
1373 1301 1463 1386 leges
1476 1301 1555 1365 alle-

90 1397 184 1478 gatas
208 1389 293 1475 apud
320 1389 532 1456 thoracam
551 1387 617 1453 tit.
631 1389 682 1452 36.
697 1408 763 1474 cop.
777 1389 807 1454 4.
821 1391 850 1474 ἓ.
869 1389 899 1453 1.
911 1391 934 1455 dt
947 1389 979 1454 4.
1002 1387 1065 1454 Sed
1076 1389 1104 1454 si
1116 1387 1245 1480 Statuta
1257 1390 1280 1456 18
1292 1387 1429 1453 Decreta
1440 1387 1554 1454 Eccle-

90 1483 155 1546 siae
171 1479 375 1556 reformatae,
392 1499 488 1561 supra
511 1477 564 1542 cit.
586 1475 781 1543 &Ecclesiae
798 1475 962 1542 Romanae
977 1477 1185 1542 observentur
1196 1478 1280 1542 cirea
1295 1477 1433 1542 nominis
1445 1477 1553 1562 impo-

91 1571 254 1644 sitionem3
271 1567 361 1631 nulla
376 1565 498 1630 occasio
518 1565 642 1630 videtur
658 1565 754 1649 objici
765 1565 903 1630 nominis
915 1566 1118 1651 baptismalis
1130 1567 1284 1631 mutandi.
1310 1565 1475 1633 Pontoreia
1492 1568 1555 1650 lio-

90 1653 799 1740 88888881888881888888.13.8188181811.
1368 1705 1376 1718 .

137 1746 201 1824 ,Et
214 1744 365 1830 quoniam
377 1743 417 1808 iis
430 1742 486 1828 qui
497 1742 711 1826 baptizantur,
723 1746 878 1829 tanquam
890 1741 952 1807 Dei
964 1743 1040 1808 filiis
1053 1744 1087 1807 in
1098 1741 1227 1809 Christo
1238 1744 1475 1828 regenerandis,
1488 1743 1557 1809 1818
1615 1823 1618 1829 ¹

94 1836 181 1919 ,ejus
204 1833 355 1897 militiam
379 1830 604 1911 adscribendis,
628 1852 743 1895 nomen
765 1831 951 1915 imponitur,
976 1836 1075 1910 curet,
1093 1853 1133 1896 ne
1149 1831 1316 1912 obscoena,
1329 1831 1486 1908 fabulosa,
1501 1836 1557 1898 aut
1635 1907 1637 1912 ¹

95 1923 261 2001 ,ridicula
282 1921 332 1985 vel
347 1919 491 1984 inanium
503 1919 645 1999 deorum,
656 1919 708 1984 881
723 1919 896 2003 impiorum
907 1919 1120 1985 Ethnicorum
1130 1920 1298 1985 hominum
1310 1920 1440 1985 nomina
1451 1921 1557 2005 impo-

96 2015 251 2090 ,nautum
275 2009 331 2074 sed
353 2007 470 2092 potius,
487 2011 644 2092 quatenus
660 2007 730 2072 fieri
744 2012 861 2091 potest,
877 2006 1078 2088 Sanctorum,
1094 2009 1144 2074 &c
1169 2007 1216 2073 Ut
1227 2009 1334 2074 811881
1345 2008 1473 2075 Jesuita
1487 2011 1559 2078 tttz

90 2093 940 2181 818888,8888888881881818888188881811881881
955 2098 995 2161 ad
1010 2098 1141 2162 nomina
1152 2097 1354 2181 imponenda.
1435 2140 1438 2148 ·

134 2187 195 2252 Vl.
220 2186 397 2254 Neruiorum
418 2185 454 2249 ic
478 2185 600 2250 tubulas
622 2186 837 2250 corbeiosticos
859 2187 979 2266 relatio,
992 2186 1229 2269 praescribitur,
1254 2187 1287 2250 18
1300 2184 1439 2252 Statutis
1455 2189 1555 2253 eccle-

91 2277 240 2354 siasticis,
256 2280 326 2340 turn
338 2271 578 2338 Pontificiorum
591 2277 660 2337 tum
673 2271 940 2339 Reformatorum.
957 2272 1021 2340 Sed
1037 2278 1244 2362 utrorumque
1256 2297 1320 2339 non
1332 2297 1414 2340 unus
1426 2280 1475 2340 881
1487 2299 1555 2342 888-

91 2389 162 2452 888.
179 2364 240 2430 1811
252 2363 337 2428 enim
350 2362 519 2426 intendunt
530 2361 679 2426 notitiam
689 2361 924 2446 baptizatorum
937 2363 970 2427 in
982 2361 1136 2442 Ecclesia,
1150 2365 1287 2442 servare,
1301 2367 1337 2428 ut
1345 2364 1556 2430 institutionis

91 2477 203 2521 eorum
220 2453 255 2517 in
273 2452 333 2516 fide
352 2450 435 2515 ratio
454 2471 491 2514 ao
506 2471 582 2514 cura
596 2449 762 2515 habeatur.
787 2449 841 2515 llli
864 2451 1004 2536 insuper,
1016 2455 1053 2516 ut
1065 2451 1167 2516 adulti
1179 2453 1429 2518 adsaorementa
1440 2455 1555 2518 confir-

94 2542 257 2621 mationis,
280 2539 506 2624 poenitentiae,
531 2538 753 2612 eucharistiae,
782 2543 944 2604 extremae
971 2539 1131 2605 unctionis
1157 2541 1359 2626 percipienda
1386 2542 1557 2628 omniaque

91 2634 263 2716 praecepta
274 2627 435 2693 Ecclesiae
448 2625 611 2692 Romanae
622 2627 787 2707 servanda,
800 2628 899 2692 etiam
907 2628 999 2693 inviti
1009 2629 1099 2714 [pag.
1111 2628 1191 2714 723]
1201 2629 1449 2713 compellantur;
1460 2634 1556 2717 atque

92 2721 152 2786 hoc
172 2722 320 2802 respectu
331 2737 394 2781 non
405 2719 532 2781 tantum
544 2717 685 2780 censuris
697 2719 720 2783 t
732 2716 946 2781 anathematis
959 2717 1190 2797 ecclesiasticis,
1203 2718 1258 2782 sed
1271 2720 1294 2784 18
1305 2717 1415 2803 888818
1429 2718 1462 2781 18
1476 2719 1554 2784 hae-

92 2809 208 2874 reticos
227 2805 366 2880 sancitis,
382 2803 546 2884 infamiae,
565 2804 699 2870 extremi
718 2805 878 2889 supplicii,
898 2804 1129 2870 confiscationis
1145 2805 1310 2884 bonorum,
1323 2805 1554 2890 subjiciantur:

92 2897 140 2962 uti
155 2899 232 2982 Cap.
246 2895 387 2980 praeced.
403 2916 442 2958 ex
455 2891 601 2968 Vivaldo,
614 2892 749 2979 aliisque
761 2894 806 2958 ibi
819 2893 871 2958 cit.
885 2893 1104 2958 indicavimus.
1117 2891 1170 2958 An
1182 2897 1290 2958 autem
1302 2915 1379 2958 cura
1390 2893 1554 2960 Ecclesiae

92 2987 178 3050 circa
204 3006 314 3050 omnes
336 2983 370 3046 in
384 2981 1117 3068 11881111881188188188888888888188181,
1131 2987 1167 3046 ut
1178 2982 1274 3046 iidem
1284 2983 1352 3066 jam
1365 2983 1469 3047 adulti
1482 3005 1555 3048 cen-

93 3075 177 3140 suris
194 3071 409 3158 suspensionis
432 3070 813 3149 &excommunicationis
826 3071 1002 3154 juriacum
1018 3069 1089 3135 aliis
1103 3069 1265 3135 Ecclesiae
1278 3071 1429 3135 membris
1442 3073 1556 3156 subjici

94 3163 244 3240 debeant,
255 3159 367 3244 quaeri
378 3162 493 3243 potest.
507 3157 677 3238 Pontificii,
690 3160 730 3223 81
742 3179 851 3222 omnes
864 3161 887 3225 18
901 3159 984 3223 88188
996 3159 1174 3243 1881188188
1183 3181 1331 3224 censuras
1339 3159 1555 3245 restringunt:

95 3252 143 3316 uti
154 3248 367 3316 communiter
377 3247 437 3312 hoc
449 3247 617 3311 traditura
634 3248 783 3314 1188818118
798 3248 833 3312 18
845 3267 914 3312 voce
925 3267 1059 3314 8888888
1068 3271 1080 3324 ‚·
1091 3249 1114 3314 18
1125 3247 1320 3314 &bubetios
1337 3249 1465 3314 Zuurcz
1477 3251 1513 3314 in
1524 3251 1556 3315 3.

100 3341 236 3406 rumne
252 3349 325 3403 tom.
342 3337 372 3400 5.
389 3337 481 3420 Disp.
500 3336 529 3401 1.
549 3347 617 3401 sect.
636 3336 664 3399 1.
680 3337 857 3402 Cuoorustic
868 3337 911 3402 81
923 3357 992 3403 coa.
1008 3337 1254 3422 8881888811
1277 3337 1460 3404 1188811181·
1476 3339 1553 3405 Coo.

94 3427 276 3494 1811818818
292 3426 364 3490 cist.
377 3425 430 3489 45.
447 3421 535 3499 Quae
547 3445 620 3488 oum
632 3424 863 3508 hypothesibus
876 3445 986 3489 eorum
999 3425 1036 3490 de
1048 3427 1209 3490 coactione
1221 3425 1441 3505 conscientiae,
1454 3426 1555 3511 deque

93 3517 203 3582 officio
213 3511 440 3598 inquisitionis,
454 3514 476 3578 1
489 3512 527 3576 18
539 3513 736 3596 baptizandis
749 3511 925 3578 Gentilium
933 3513 1121 3594 infantibus,
1131 3515 1228 3578 ctiam
1236 3514 1345 3578 invitis
1353 3512 1560 3595 Parentibus,

94 3606 129 3670 18
149 3627 224 3670 casn
241 3603 309 3668 scil.
322 3599 471 3666 irrstantis
487 3599 609 3680 mortis,
621 3600 725 3684 magis
738 3601 905 3666 convenire
917 3602 1052 3670 videtur.
1076 3601 1254 3687 Disciplina
1265 3600 1481 3667 Ecclesiarum
1492 3602 1555 3668 lte·

95 3693 309 3758 formatarum
331 3690 485 3754 hactenus
505 3688 634 3768 tradita,
648 3691 778 3773 ejusque
790 3691 908 3774 praxis,
925 3691 1066 3755 censuris
1082 3692 1191 3755 stricte
1203 3713 1240 3755 ac
1251 3690 1379 3774 proprie
1394 3690 1440 3754 ite
1452 3691 1556 3773 dictis,

95 3778 417 3848 excommunicationi
433 3778 500 3842 soil.
514 3777 629 3842 minori
642 3784 735 3862 (quac
747 3779 912 3862 suspensio
924 3779 1049 3858 dicitur)
1063 3783 1119 3843 881
1130 3780 1244 3863 majori
1255 3801 1318 3843 non
1332 3779 1461 3862 subjicit
1471 3781 1555 3861 illos,

95 3871 162 3936 nisi
182 3869 237 3954 qui
258 3867 343 3932 81111
355 3867 427 3932 fidei
439 3864 670 3931 confessione&
687 3867 900 3932 intercedente
913 3867 1021 3931 181111
1032 3867 1249 3950 stipulatione,
1265 3865 1370 3932 08881
1380 3865 1511 3933 Domini
1523 3871 1556 3934 in

94 3958 320 4024 communione
343 3955 505 4020 Ecclesiae
530 3955 579 4018 usi
602 3959 687 4020 sunt
712 3953 802 4030 Quod
816 3955 899 4019 idem
917 3956 1015 4020 etiarn
1030 3959 1121 4039 patet
1132 3977 1171 4020 ex
1183 3954 1349 4021 Oetechesi
1360 3953 1489 4031 Quaest.
1502 3957 1555 4024 85.

93 4049 131 4112 in
143 4046 354 4130 descriptione
368 4043 718 4109 excommunicationis:
732 4044 788 4130 qui
799 4044 927 4110 nomine
942 4055 1017 4110 sunt
1031 4044 1214 4124 Christiani,
1225 4065 1335 4109 verrem
1347 4044 1490 4112 doctrimt
1500 4060 1557 4116 aut

91 4137 172 4216 vitri,
185 4137 235 4202 18.
250 4133 463 4199 interdictione
474 4128 743 4198 concinnatorum
755 4153 793 4197 88
804 4144 890 4197 coetu
901 4133 1060 4213 Ecclesiae,
1077 4135 1127 4199 188.
1140 4133 1361 4200 occluduntur.
1383 4133 1485 4220 Atqui
1496 4136 1557 4202 hoc

92 4247 161 4291 non
180 4223 328 4289 convenit
345 4221 456 4286 multis
472 4221 505 4284 in
521 4220 658 4285 infantia
670 4219 840 4305 baptizatis
852 4225 889 4284 ut
904 4220 1041 4301 nomine,
1058 4222 1081 4288 s
1097 4221 1206 4305 aliquia
1217 4225 1349 4286 externa
1360 4227 1418 4288 881
1432 4224 1556 4308 profes·

90 4316 197 4394 sione,
220 4316 278 4378 aut
300 4311 433 4375 minimo
454 4308 570 4373 indicio
594 4308 717 4393 possint
739 4308 802 4374 dici
824 4307 1008 4390 Christiani,
1032 4311 1055 4375 88
1076 4333 1144 4375 esse
1155 4311 1189 4374 iu
1201 4309 1345 4376 Ecclesia
1357 4311 1556 4379 Christiana:

90 4403 243 4486 exemplo
259 4400 325 4465 sint
340 4403 389 4463 tot
404 4396 548 4464 18188188
561 4395 774 4464 Orientalium
786 4400 808 4464 s
821 4396 1072 4464 Occidentalium
1084 4399 1348 4482 Christianorum,
1362 4401 1417 4485 qui
1429 4402 1462 4466 in
1474 4399 1557 4467 Tur-

788 4493 827 4548 13
1449 4513 1557 4558 corum
