3752 4858
320 301 384 365 262
713 295 1136 364 Ponrrrorallcoaasnsrrcrs
1148 294 1229 360 Pras
1242 293 1267 361 I.
1292 293 1356 360 Ins.
1370 294 1411 362 II.
1501 336 1508 348 ·

320 511 347 554 e.
360 508 408 572 gr.
422 485 580 570 Baptismi
603 487 731 572 signum
755 487 920 551 externum
932 483 1153 569 complectitur
1164 505 1292 568 aquam,
1304 483 1327 550 dc
1339 483 1555 566 aspersionem
1566 505 1621 548 seu
1632 483 1764 548 lotionem

320 599 375 642 seu
388 575 633 660 applicationem
645 597 746 662 aquae
759 575 799 639 ad
810 597 923 658 corpus
936 572 1137 658 Baptizandi.
1150 570 1301 637 Actiones
1314 571 1571 656 praeparatoriae
1584 595 1610 636 e.
1623 593 1669 658 gr.
1681 572 1764 636 denu-

320 664 406 730 datio
429 663 568 748 corporis
592 669 648 729 aut
670 663 784 747 capitis
808 662 998 747 Baptizandi
1015 662 1100 728 facta
1112 683 1168 746 per
1183 659 1361 740 Nutricem,
1378 664 1435 726 aut
1446 659 1667 740 commatrem,
1679 683 1764 746 aquae

320 777 359 818 er
382 757 478 838 puteo
502 756 558 816 aut
581 753 718 818 cisterna
730 751 868 832 haustio,
886 752 1089 838 ejusdemque
1100 750 1135 815 in
1146 749 1265 834 pelvim
1276 749 1406 830 infusio,
1419 750 1560 834 ejusdem
1572 749 1671 833 pelvis
1686 749 1765 814 sollo-

318 842 401 908 catio
424 845 480 906 aut
502 841 700 907 manutentic
724 841 809 906 facta
831 862 889 925 per
907 839 1093 919 Aeditnnm,
1106 861 1168 904 non
1181 839 1406 904 suntactioncs
1422 861 1541 917 sacrae,
1554 842 1765 904 autccnsecra·

318 931 430 1009 toriae,
447 935 504 994 aut
515 931 761 996 sacramentales
773 930 902 1014 proprie
914 952 951 994 ac
962 928 1142 994 formaliter
1154 927 1201 992 ita
1214 926 1333 994 dictae:
1350 928 1538 993 sedtantum
1551 927 1709 1012 requisita,
1721 949 1765 992 ser

319 1018 566 1105 praeparatoria,
590 1041 647 1084 seu
666 1019 817 1099 actiones,
834 1018 903 1084 sine
919 1017 1035 1104 quibus
1047 1039 1120 1082 non.
1137 1015 1226 1083 Idem
1239 1017 1405 1082 dicendum
1431 1016 1469 1082 de
1481 1015 1574 1100 panis
1587 1016 1766 1081 scissionem

317 1108 421 1174 frusta
443 1108 483 1173 ad
505 1111 664 1192 promtam
688 1106 876 1173 fractionem
899 1109 922 1174 dc
941 1105 1199 1172 distributionem
1211 1106 1324 1172 idonea
1335 1106 1374 1170 de
1386 1105 1527 1188 ejusdem
1543 1105 1635 1190 panis
1651 1105 1766 1170 scissiin

317 1197 463 1282 pinacem
478 1218 534 1262 sen
546 1197 688 1281 patinam
706 1195 918 1280 impositione,
933 1196 999 1260 vini
1012 1219 1051 1262 ex
1067 1217 1140 1260 vase
1152 1194 1185 1258 in
1202 1195 1390 1278 amphoram
1403 1194 1578 1274 eductione,
1591 1194 1724 1280 ejusdem
1737 1215 1767 1258 ex

297 1331 303 1342 -
318 1285 473 1371 amphora
484 1285 518 1350 in
528 1286 699 1351 cantharos
714 1309 771 1351 seu
786 1285 915 1371 congios
927 1285 951 1350 lv
962 1285 1035 1350 inde
1051 1284 1085 1348 in
1097 1284 1211 1350 calices
1223 1283 1393 1349 infusione.

364 1376 394 1439 5.
409 1375 534 1457 Quaest.
557 1376 608 1442 Aa
628 1374 763 1460 precatio
786 1395 842 1440 sca
862 1375 1041 1458 prasiorum
1064 1374 1153 1453 actm,
1170 1394 1244 1440 urm
1255 1372 1355 1438 verbis
1366 1373 1511 1439 amadati
1526 1370 1768 1458 &promissionis

319 1465 461 1550 repetitis,
485 1463 516 1530 d·
537 1465 712 1548 praescisset
736 1464 947 1539 ircstrrrctioae,
972 1463 1010 1528 de
1035 1463 1135 1529 606ηά
1149 1481 1277 1549 ejusque
1291 1473 1371 1528 recto
1382 1462 1617 1529 asnatsoloaat
1627 1481 1768 1528 massora·

319 1555 448 1630 emnem
470 1551 502 1619 e
519 1553 558 1617 iis
581 1553 741 1632 absolutis,
762 1553 858 1636 panis
877 1551 1092 1617 Assidenlibus
1115 1563 1172 1618 cut
1194 1551 1237 1616 cd
1262 1551 1396 1618 Cocum
1418 1550 1675 1617 accedentibmsir
1687 1571 1769 1629 moer,

318 1645 446 1728 siquam
458 1642 489 1707 d·
499 1641 638 1728 siciliam
645 1640 790 1708 sacrum?
804 1642 895 1725 Hesp.
910 1641 983 1726 Nep.
997 1639 1069 1706 Nisi
1081 1639 1166 1705 enim
1178 1639 1270 1725 panis
1283 1644 1302 1706 a
1313 1639 1463 1706 Ministro
1471 1641 1511 1705 ad
1519 1641 1609 1727 [pag.
1622 1639 1701 1726 810]
1713 1661 1770 1704 esse

319 1731 400 1798 sacri
422 1730 532 1816 sigilli,
552 1731 645 1814 juxta
665 1729 785 1796 Christi
798 1729 985 1794 mandatum
997 1731 1020 1796 b
1032 1729 1275 1814 promissionem
1287 1729 1391 1810 datus,
1408 1727 1697 1796 aOommunicante
1709 1731 1773 1794 actu

319 1820 536 1898 manducetur3
549 1818 660 1905 utique
672 1841 735 1884 non
747 1821 796 1883 est
807 1822 1052 1898 sacramentum,
1065 1822 1121 1883 ant
1134 1817 1263 1904 signum
1274 1840 1410 1898 sacrum,
1422 1821 1446 1886 dr
1458 1822 1686 1905 consequenter
1696 1817 1774 1882 nulla
1853 1823 1860 1906 ,3

271 1945 276 1952 ·
320 1909 386 1975 illic
409 1911 458 1974 est
480 1907 716 1973 manducatio&
740 1907 934 1974 consecratio
957 1907 1207 1973 sacramentalis.
1236 1905 1279 1972 Ut
1291 1906 1451 1972 Pontificii
1463 1910 1611 1973 statuunt
1621 1929 1678 1991 per
1688 1927 1774 1972 unam
1858 1909 1860 1938 ¹

319 2001 414 2084 atque
438 1996 573 2062 alteram
596 1998 741 2062 voculam
763 2019 826 2060 non
849 1995 918 2061 lieri
943 1996 1228 2062 consecrationem:
1253 1997 1308 2062 sed
1330 1999 1457 2061 tantum
1472 2019 1529 2080 per
1542 1996 1774 2083 quinquevoccs

322 2108 421 2172 usque
444 2085 484 2150 ad
506 2086 654 2151 ultimam
678 2086 836 2170 syllabam
856 2107 924 2166 arn,
940 2090 1093 2172 tanquam
1105 2085 1282 2151 orationem
1293 2085 1477 2150 continuam
1489 2084 1512 2150 h
1524 2085 1775 2151 consecratorum

319 2175 416 2240 immo
432 2175 455 2240 b
472 2175 653 2254 creativam,
670 2174 908 2258 pronuntiatas:
925 2175 1079 2254 sicnos,&
1094 2175 1222 2261 quidem
1234 2176 1308 2240 vere
1316 2174 1498 2254 statuimus,
1511 2196 1574 2239 non
1590 2174 1650 2239 hac
1662 2177 1716 2238 aut
1727 2173 1775 2237 ills
1852 2195 1860 2274 p

320 2285 405 2342 voce,
429 2267 486 2328 aut
501 2263 626 2329 actione
638 2262 880 2344 Distribuentis,
893 2264 948 2328 sed
959 2264 1138 2328 actionibus
1150 2285 1206 2329 seu
1219 2263 1335 2329 ritibus
1348 2263 1561 2331 essentialiter
1572 2266 1776 2328 sacramente·

321 2352 405 2417 libus
430 2353 540 2436 (supra
563 2351 747 2437 propositis)
766 2373 882 2436 panem
906 2353 1092 2432 consecrari,
1105 2374 1174 2418 esse
1194 2375 1329 2432 sacrum,
1342 2375 1410 2418 esse
1423 2352 1565 2419 divinum
1578 2353 1718 2438 sigillum
1735 2350 1774 2414 rei
1857 2371 1860 2444 5

320 2440 491 2526 sigillatae,
505 2439 681 2524 spiritualis
694 2441 761 2505 scil.
774 2463 830 2505 seu
839 2441 992 2508 coelestis.
1007 2439 1096 2506 Unde
1105 2441 1259 2528 sequitur,
1268 2439 1352 2506 nihil
1358 2442 1440 2508 sacri
1449 2442 1708 2508 sivesacramenti
1717 2440 1774 2504 sive
1858 2451 1859 2478 l

320 2528 1774 2616 sacramentalistribuendumpaniautvinopostcelebratamccmmuuioneminpatinis,aut

318 2617 352 2681 in
375 2617 533 2697 canistris,
545 2622 601 2682 aut
612 2617 646 2682 in
658 2623 768 2683 mensa
779 2617 922 2684 residuo:
939 2641 996 2684 nec
1009 2619 1101 2684 illum
1113 2624 1266 2705 tanquam
1278 2641 1404 2685 sacrum
1419 2619 1656 2698 asservandum,
1667 2619 1699 2683 in
1710 2638 1772 2704 pro·

319 2706 460 2773 cessione
472 2707 793 2792 circumgestsndum‚
802 2709 851 2774 hc.
865 2705 917 2772 Sic
928 2712 1036 2774 tamen
1049 2707 1231 2773 habendum
1245 2709 1489 2790 &tractandum
1501 2731 1542 2774 ue
1555 2708 1632 2795 quid
1648 2705 1773 2772 indecori

319 2795 402 2861 circa
425 2817 498 2859 eum
521 2795 749 2870 committatur,
773 2817 813 2860 ne
836 2797 1189 2864 scandalumbcccasio
1202 2798 1353 2862 sarcasmi
1365 2803 1422 2863 aut
1433 2796 1663 2882 sycophantiae
1675 2797 1774 2861 adver-

320 2883 412 2949 sariis
425 2883 625 2967 praebeatur.
648 2883 720 2949 Huc
744 2883 909 2950 referenda
922 2885 1083 2950 distinctio
1107 2885 1305 2951 reverentiae
1318 2887 1352 2950 in
1367 2886 1575 2972 positivam&
1595 2885 1774 2972 privativam

321 2973 406 3056 apud
417 2973 577 3039 Aradum
589 2973 655 3038 tit.
670 2975 700 3037 4.
715 2975 783 3040 Cas.
796 2993 864 3057 cap.
878 2975 932 3040 31.
945 2976 967 3040 dr
984 2975 1187 3040 erasm-um
1201 2976 1326 3041 amtor.
1340 2976 1359 3040 6
1372 2997 1424 3062 qu.
1439 2975 1491 3040 24.

363 3061 393 3125 b.
412 3062 536 3144 Quccst.
560 3063 610 3128 Aa
628 3063 722 3147 pacis
745 3061 931 3128 distributus
953 3083 1054 3129 sacac
1082 3061 1392 3131 Communicactr'am
1415 3065 1504 3149 teupi
1526 3063 1667 3149 &accipi
1678 3061 1773 3149 possis,
1856 3053 1858 3148 l

318 3169 363 3216 ars
373 3169 445 3216 cero
457 3151 533 3234 ipsis
544 3152 564 3216 ὰ
577 3151 722 3217 Ministro
738 3152 774 3216 irs
785 3173 819 3216 os
830 3152 899 3217 iudi
909 3151 1035 3219 debeat.9
1050 3153 1140 3237 Resp.
1156 3151 1213 3218 Pr.
1228 3154 1301 3240 Nep.
1318 3153 1438 3220 Poster.
1451 3157 1513 3241 Aff.
1530 3152 1689 3218 Pontificii
1700 3149 1775 3235 apud
1856 3149 1858 3204 l

320 3239 387 3304 lob.
410 3239 514 3324 steps.
526 3242 714 3306 Daroma-m
726 3241 792 3307 lic.
810 3241 839 3304 2.
852 3261 919 3326 cap.
934 3241 987 3305 55.
1000 3261 1073 3326 pap.
1087 3241 1161 3306 843.
1178 3240 1227 3305 Ob
1240 3263 1362 3307 sacram
1375 3243 1470 3328 hujus
1486 3242 1633 3328 mysterii
1644 3239 1774 3328 singula·

324 3349 408 3406 „rem
417 3329 663 3408 venerationem,
673 3328 815 3394 Ecclesia
823 3330 1016 3406 instituit,ue
1024 3329 1203 3394 Laicinuda
1211 3353 1308 3396 manu
1324 3331 1561 3397 Eucharistiam
1579 3331 1774 3414 attingerent,

324 3417 395 3494 ,sed
408 3420 427 3482 a
438 3415 607 3483 Sacerdote
620 3417 652 3481 in
664 3439 699 3482 os
712 3419 867 3484 sumentis
877 3418 1114 3484 immitteretur.
1128 3418 1248 3485 Itidem
1259 3422 1367 3485 tamen
1374 3422 1413 3486 de
1422 3423 1516 3507 longe
1524 3420 1589 3486 alio
1597 3415 1775 3504 acceptionis

319 3505 411 3572 modo
434 3506 468 3570 in
491 3505 631 3590 antiquis
654 3504 806 3572 Ecclesiis
829 3507 948 3572 usitato
971 3509 1074 3572 multa
1097 3514 1333 3574 commemorat.
1358 3508 1396 3574 ln
1418 3511 1531 3576 Concil.
1545 3505 1776 3594 Rbctonsapcssi

319 3595 419 3680 (apud
436 3595 662 3662 Burctardum
681 3595 746 3661 ric.
766 3598 795 3660 3.
817 3597 973 3666 necere.
993 3618 1061 3681 cap.
1080 3596 1146 3680 76.)
1168 3597 1342 3663 sancitum:
1362 3597 1513 3664 Sacerdos
1529 3598 1612 3663 nulli
1623 3597 1716 3662 Laico
1728 3597 1776 3660 sut

325 3683 500 3762 „foeminae
524 3683 761 3750 Eucharistiam
785 3686 818 3749 in
841 3685 989 3750 manibus
1011 3690 1119 3770 ponat,
1143 3686 1198 3750 sed
1221 3690 1348 3751 tantum
1360 3687 1394 3752 in
1406 3709 1441 3752 os
1453 3688 1521 3770 ejus
1533 3683 1776 3752 cumh'mverbis

323 3775 457 3856 ,ponatz
474 3794 588 3857 corpus
600 3770 729 3837 Domini
742 3775 764 3840 dr
776 3773 907 3860 sanguis
920 3774 1021 3858 prosit
1032 3774 1093 3838 tibi
1105 3775 1146 3840 ad
1156 3774 1376 3840 remissionem
1390 3785 1590 3860 peccatorum
1603 3778 1626 3843 h·
1639 3775 1775 3840 edvitam
1853 3751 1857 3868 l

324 3865 514 3939 ,aeternam
529 3860 564 3926 si
578 3861 649 3947 quis
661 3861 741 3928 haec
752 3866 970 3948 transgressus
982 3863 1090 3942 fuerit,
1104 3864 1180 3949 quia
1192 3863 1297 3929 Deum
1310 3865 1559 3950 omnipotentem
1568 3860 1776 3938 contemnit&
1854 3869 1856 3936 i

324 3953 498 4035 ,quantum
516 3949 550 4013 in
573 3950 642 4035 ipso
656 3955 714 4030 est,
727 3950 907 4030 inhonorat,
920 3952 961 4016 ab
974 3950 1069 4017 altari
1082 3956 1291 4022 removeatur.
1305 3951 1368 4019 Sed
1379 3977 1461 4040 quae
1472 3953 1556 4019 ratio
1568 3955 1664 4038 hujus
1676 3949 1774 4017 feralis
1853 3945 1856 4052 l

318 4037 467 4102 carminis
480 4037 597 4104 adferri
610 4039 752 4123 poterit?
764 4039 913 4124 Apostoll
923 4041 957 4104 in
969 4040 1073 4125 prima
1085 4040 1190 4107 Coena
1204 4042 1421 4108 manibussuis
1430 4048 1629 4128 acceperunt,
1640 4044 1684 4107 ita
1692 4061 1773 4106 man·

321 4124 556 4196 dantesshristo
573 4128 680 4194 Mattb.
695 4129 746 4192 26.
760 4127 887 4202 Λάβετε,
900 4129 1022 4208 φάγετε.
1035 4127 1088 4195 Sic
1100 4131 1185 4194 enim
1197 4152 1269 4195 cum
1282 4132 1366 4198 Besa
1377 4133 1505 4217 Epistol.
1518 4133 1550 4197 2.
1563 4133 1693 4197 verbum
1703 4126 1773 4194 illud

322 4211 448 4296 λάβετε,
461 4218 681 4301 exponendum
697 4216 839 4282 dicimus.
857 4216 948 4293 Quod
959 4218 1057 4284 etiam
1069 4221 1159 4304 patet
1174 4241 1212 4284 ex
1228 4241 1255 4284 v.
1270 4221 1322 4284 27.
1337 4221 1392 4286 ubi
1404 4222 1442 4286 de
1453 4221 1583 4305 poculo:
1608 4219 1772 4286 tibiteecsc

320 4324 438 4371 manes·
461 4303 482 4372 J
484 4329 537 4371 am
559 4327 634 4372 vero
647 4306 797 4392 antiquus
813 4306 1030 4373 discumbendi
1042 4331 1111 4374 mos
1124 4331 1187 4373 non
1199 4309 1416 4393 permittebat,
1429 4313 1465 4375 ut
1477 4308 1623 4394 Christus
1635 4307 1771 4394 poculum

322 4415 420 4462 manu
432 4397 490 4463 sua
501 4395 702 4482 singulorum
713 4395 762 4462 ori
777 4395 969 4465 admoveret.
981 4395 1054 4464 Non
1072 4402 1120 4464 est
1133 4397 1230 4464 etiam
1247 4399 1438 4466 acommuni
1450 4421 1537 4466 more
1549 4395 1768 4552 convivpptipp

1599 4489 1662 4554 Mc!
1694 4533 1700 4550 .
1758 4527 1764 4542 ·
