3732 4840
314 272 398 360 158
541 354 542 358 ,
672 297 752 362 Pras
775 297 800 364 I.
825 297 873 364 De
898 247 1030 366 Oarscro
1055 301 1158 367 Pomr.
1182 299 1273 366 Ecca.
1294 300 1359 368 Lra.
1382 301 1408 366 1.

308 483 429 566 templa
440 482 506 547 scil.
520 484 543 549 11
555 482 723 568 stipendia,
737 483 908 550 Potestatis
922 509 958 552 ac
970 487 1135 573 regiminis
1149 486 1362 552 Ecclesiastici
1374 487 1617 552 fundamentum
1631 510 1779 554 essenon

308 576 450 656 possunt,
476 576 532 637 aut
555 595 650 638 causa
675 573 816 638 efficiens
838 576 992 659 proxima,
1005 576 1070 642 sive
1083 577 1278 661 principalis,
1292 577 1358 641 sive
1371 579 1617 661 procatarctica:
1632 583 1695 662 qua
1708 579 1780 644 scil.

309 661 413 745 posita
435 665 619 744 praesumta
637 661 782 728 Potestas
799 667 882 728 esset
894 688 991 749 penes
1004 665 1106 730 solum
1119 664 1357 750 Magistratum,
1371 669 1393 732 81
1408 673 1470 750 qua
1487 667 1594 732 ablata
1610 668 1778 732 abeodem

308 750 485 816 tolleretur.
510 750 599 826 Quod
620 753 807 817 tantundem
821 756 878 833 est,
893 777 928 818 aa
945 755 971 818 si
988 755 1113 820 Diuites
1125 755 1190 819 sive
1203 755 1366 840 Principes
1379 755 1445 819 sive
1458 755 1580 820 Privati
1592 757 1676 821 cives
1689 755 1780 822 Titio

295 839 394 904 ,exuli
418 844 473 904 aut
497 840 630 924 pauperi
646 863 718 905 cunr
731 864 828 906 uxore
845 843 867 907 11
884 843 992 908 liberis
1005 845 1043 907 de
1059 843 1198 927 hospitio
1211 845 1234 908 11
1247 844 1397 908 alimonia
1410 849 1522 928 sponte
1535 846 1780 929 prospicientes,

310 951 345 990 eo
373 929 441 1012 ipae
465 927 662 994 Potestatem
685 931 865 994 maritalem
878 937 934 996 aut
945 933 1083 1017 patriam
1098 933 1131 996 in
1143 937 1245 997 totum
1259 937 1315 998 aut
1327 956 1365 998 ex
1379 938 1469 1018 parte
1482 933 1544 999 sibi
1562 935 1779 1000 vindicarent:

230 1073 235 1085 .
309 1020 331 1084 11
355 1039 491 1094 rursum,
517 1018 606 1103 [pag.
636 1020 714 1104 187]
739 1020 872 1084 simulac
884 1022 1035 1087 nutritius
1051 1022 1106 1086 ille
1119 1027 1256 1086 cessaret
1268 1022 1454 1088 benefacere
1467 1027 1523 1087 aut
1535 1044 1657 1108 pauper
1670 1023 1782 1089 Titius

244 1170 247 1176 ,
308 1105 461 1170 beneficio
489 1107 697 1187 renuntiaret,
722 1108 868 1174 Potestas
888 1110 1043 1176 maritalis
1075 1113 1097 1176 11
1126 1111 1232 1194 patria
1255 1111 1287 1174 in
1300 1111 1567 1177 solidrrmaTitio
1579 1117 1781 1179 teneretur&

308 1200 517 1260 exerceretur.
542 1193 631 1261 Talis
644 1197 803 1277 alienatio,
818 1200 840 1264 81
853 1198 1024 1264 Potestatis
1037 1205 1093 1264 aut
1104 1200 1270 1285 regiminis
1282 1201 1321 1265 ab
1335 1201 1478 1266 Ecclesia
1491 1201 1525 1264 in
1549 1201 1780 1286 Magistratum

308 1305 346 1347 ac
369 1284 529 1349 riceversa
561 1286 728 1350 translatio
751 1309 808 1350 nec
828 1309 865 1351 ex
875 1290 946 1373 jure
959 1289 1075 1368 divino,
1089 1312 1146 1354 nec
1159 1311 1197 1353 ex
1208 1288 1348 1354 humano
1361 1294 1429 1354 tuni
1442 1290 1528 1354 civili
1541 1295 1611 1355 tum
1623 1292 1780 1356 canonico

211 1441 221 1468 α
307 1373 487 1438 confirmari
500 1380 621 1458 potest:
635 1381 860 1460 praeterquam
873 1380 957 1462 quod
968 1379 1111 1443 accidens
1124 1401 1222 1442 unum
1236 1401 1366 1443 numero
1378 1399 1568 1464 permanens
1582 1377 1625 1443 de*
1632 1381 1781 1464 subjecto

306 1463 338 1526 iu
363 1462 540 1547 subjectum
562 1486 626 1528 non
649 1466 777 1550 migret.
802 1464 897 1531 Forte
925 1467 996 1550 quis
1023 1466 1171 1551 excipiat,
1200 1467 1337 1532 absurda
1361 1468 1439 1533 haec
1448 1469 1520 1552 jure
1533 1469 1669 1554 impingi
1683 1493 1781 1554 posse

305 1552 507 1616 translationi
531 1553 596 1616 sive
621 1557 739 1624 κτήσιος
762 1554 828 1618 sive
852 1560 973 1635 χρήσιος
996 1556 1169 1620 Potestatis
1183 1557 1340 1621 maritalis
1354 1562 1409 1622 0111
1422 1558 1545 1641 patriae
1561 1559 1593 1620 in
1610 1557 1778 1623 Maesium

305 1641 474 1706 nutritium
501 1644 524 1707 11
552 1639 787 1707 benefactorem
811 1641 907 1722 Titii;
921 1645 974 1709 sed
987 1645 1106 1709 nonita
1122 1646 1324 1710 translationi
1340 1646 1513 1711 Potestatis
1526 1646 1777 1712 Ecclesiasticus

305 1734 374 1794 tum
390 1731 556 1815 regiminis
568 1734 637 1794 tum
646 1731 875 1814 jurisdictionis
891 1733 924 1796 in
936 1733 1164 1818 Magistratum
1177 1735 1303 1799 fidelem
1319 1735 1480 1800 Ecclesiae
1494 1736 1664 1800 nutritium
1682 1740 1706 1802 11
1718 1760 1780 1820 pa-

299 1823 444 1901 tronum.
468 1817 530 1884 Sed
553 1819 646 1884 facile
666 1821 848 1903 replicatur,
862 1821 957 1906 longe
974 1825 1086 1907 majori
1098 1825 1221 1887 ratione
1235 1824 1463 1888 absurdissima
1472 1824 1551 1888 haec
1563 1825 1703 1890 absurda
1716 1827 1780 1890 iru-

307 1908 396 1993 pingi
418 1908 598 1973 vicissariae
610 1909 685 1972 illae
698 1907 870 1975 Potestatis
882 1911 1001 1976 Eccles.
1012 1913 1267 1998 commigrationi
1275 1913 1451 1999 (antehaca
1463 1912 1780 1994 ltemonstrantibuS,

310 2020 393 2061 nune
416 1998 557 2081 apertius
581 2001 599 2062 a
616 1999 704 2062 novis
720 1999 897 2064 Erastianis
914 2003 936 2066 11
961 2003 1077 2068 1111100.
1100 2003 1230 2066 Maliaco
1242 2004 1277 2066 ia
1293 2004 1403 2068 Coroll.
1416 2005 1457 2067 cd
1470 2005 1660 2087 parentemn
1675 2017 1779 2070 osterr-

310 2087 405 2172 lctce)
431 2109 526 2169 quam
538 2087 740 2151 translationi
751 2087 923 2154 Potestatis
936 2091 1103 2155 maritalis.
1127 2089 1235 2155 Minus
1248 2092 1333 2156 enim
1349 2092 1382 2156 in
1395 2093 1482 2156 aliud
1494 2114 1596 2177 genus
1608 2094 1778 2171 transitur,

311 2176 337 2239 si
365 2176 405 2239 ad
433 2176 644 2240 imitationem
675 2178 891 2242 translationis
912 2179 1043 2244 dominii
1058 2181 1092 2244 in
1106 2180 1196 2244 bonis
1209 2181 1436 2266 corporalibus
1451 2183 1618 2246 translatio
1631 2183 1780 2263 dominii,

310 2264 493 2343 Potestatis,
518 2267 540 2331 11
553 2265 759 2348 possessionis
771 2266 927 2332 maritalis
941 2269 1155 2354 concipiatur:
1174 2271 1248 2353 quia
1262 2275 1396 2354 utraque
1409 2269 1589 2337 Potestas&
1606 2272 1638 2335 in
1652 2272 1737 2336 bona
1755 2275 1779 2338 a

311 2354 343 2417 in
360 2377 490 2418 uxorem
502 2359 550 2418 est
562 2354 600 2418 de
612 2354 672 2418 hcc
684 2357 817 2431 mundo;
831 2359 853 2422 81
866 2358 924 2421 sub
937 2381 1000 2422 uno
1013 2359 1071 2422 hoc
1083 2379 1199 2444 genere
1214 2361 1403 2424 continetur.
1427 2358 1489 2424 Sed
1505 2359 1650 2424 Potestas
1663 2359 1779 2426 Eccle-

310 2443 438 2508 siastica
463 2447 497 2507 ut
516 2445 538 2508 11
551 2443 695 2508 Ecclesia
711 2468 782 2509 curn
795 2446 941 2511 omnibus
957 2447 1177 2530 spiritualibus
1190 2448 1284 2513 rebus
1297 2471 1333 2513 ac
1345 2449 1434 2513 donis
1447 2449 1512 2514 suis
1526 2472 1588 2514 11011
1603 2453 1652 2514 est
1664 2451 1702 2514 de
1715 2450 1779 2516 hoc

310 2534 443 2597 mundo:
469 2533 540 2597 «101.
566 2534 619 2596 18.
642 2555 669 2596 er.
695 2535 746 2598 36.
772 2533 862 2610 Quod
885 2536 912 2600 si
926 2537 1096 2600 adversarii
1110 2537 1247 2620 propriis
1260 2537 1387 2602 dictatis
1404 2543 1488 2602 stare
1500 2538 1610 2617 velint,
1621 2538 1717 2604 facile
1734 2541 1778 2603 ab

310 2621 368 2686 hoc
388 2622 469 2686 nodo
482 2621 623 2686 Ecclesia
636 2645 668 2686 se
680 2624 825 2707 expedire
839 2630 944 2708 posset
957 2627 1167 2690 renuntiando
1179 2627 1308 2711 templis
1320 2627 1455 2711 publicis
1469 2627 1654 2693 &subsidiis
1667 2626 1779 2713 Magi-

310 2716 438 2787 stratus
453 2713 475 2777 a
489 2733 538 2775 res
551 2734 625 2776 suas
637 2712 698 2775 sibi
711 2713 776 2776 sive
790 2714 927 2796 publice,
941 2716 1007 2780 sire
1018 2715 1167 2799 privatim
1180 2715 1245 2780 sive
1258 2717 1340 2780 clam
1352 2716 1516 2781 habendo:
1531 2717 1571 2780 ad
1579 2717 1779 2802 exemplum,

307 2802 486 2885 prirailiusc
513 2801 670 2880 Ecclesiae,
687 2800 718 2866 a
732 2800 965 2881 Waldensium,
975 2803 1190 2882 Hussitarum,
1204 2807 1449 2869 reformatorum
1460 2805 1494 2869 in
1506 2803 1613 2875 Gallis
1625 2807 1659 2870 in
1674 2807 1779 2871 variis

309 2890 453 2973 partibus
486 2888 685 2967 Germaniae,
703 2891 735 2954 in
748 2892 860 2976 Belgio
873 2893 942 2978 regi
954 2893 1183 2978 Hispaniarum
1196 2894 1347 2977 subjecto,
1361 2895 1428 2976 jam
1440 2886 1513 2959 inde
1526 2898 1544 2959 ia
1556 2895 1659 2979 prima
1670 2893 1779 2960 refor-

309 2979 448 3044 matione
473 3001 572 3062 usque
597 2979 628 3042 in
652 2979 736 3044 hunc
748 2980 849 3056 diem;
871 2982 990 3047 adhaec
1002 2983 1035 3048 in
1048 2983 1197 3067 partibus
1205 2983 1391 3068 Hungariae
1404 2981 1537 3048 Turcieo
1549 2985 1683 3068 imperio
1698 2985 1787 3048 sub-⁴

304 3068 408 3150 jectis.
431 3067 477 3133 Ut
500 3089 563 3132 non
585 3067 688 3132 dicam
711 3070 748 3133 de
771 3071 1015 3158 quamplurimis
1028 3071 1178 3136 Ecclesias
1191 3070 1417 3151 Orientalibus,
1431 3071 1570 3151 Graecis,
1583 3070 1805 3158 Bulgaricis,'

308 3155 407 3240 Syris,
436 3155 623 3234 Armenicis,
649 3157 856 3243 Aegyptiacis
869 3163 918 3226 110.
933 3161 963 3224 in
980 3161 1088 3225 eodem
1099 3162 1244 3246 imperio.
1268 3161 1426 3226 Ecclesias
1440 3162 1472 3225 in
1487 3161 1599 3248 Belgio
1610 3163 1779 3227 foederato

309 3246 490 3328 primaevae
513 3268 588 3310 suae
611 3248 798 3312 conditionis
823 3271 885 3313 non
898 3250 943 3313 ita
956 3251 1053 3334 pudet
1066 3255 1121 3314 aut
1132 3251 1232 3336 piget,
1249 3255 1294 3329 ut,
1308 3251 1334 3315 si
1350 3251 1419 3315 Deo
1435 3251 1480 3315 ita
1493 3252 1595 3316 visum
1607 3251 1716 3329 fuerit,
1735 3253 1779 3317 ad

309 3357 378 3399 earn
402 3335 504 3399 redire
526 3357 589 3399 non
612 3337 755 3416 mallent,
780 3360 876 3421 quani
900 3339 1017 3403 idolum
1042 3339 1122 3403 illud
1137 3339 1451 3425 Caesareo-Papatus
1464 3341 1671 3406 introducere.
1688 3339 1777 3406 Vide

308 3447 404 3508 supra
429 3423 504 3509 Cap.
530 3425 561 3490 3.
582 3447 656 3510 pap.
686 3427 758 3488 159.
783 3427 901 3492 dictum
925 3428 1094 3493 Ecclesiar.
1119 3427 1297 3493 Hollandic.
1312 3453 1340 3493 a.
1357 3429 1450 3494 1582.
1465 3429 1581 3494 Confer
1596 3430 1778 3514 quaecirca

308 3517 506 3596 praesentem
533 3515 750 3597 quaestionem
775 3516 812 3579 de
836 3516 978 3602 Templis
1002 3517 1209 3602 &Stipendiis
1226 3519 1316 3584 nobis
1329 3519 1413 3582 dicta
1426 3541 1494 3603 cap.
1508 3521 1538 3583 2.
1551 3541 1623 3605 pop.
1642 3519 1715 3584 138.
1730 3557 1778 3568 —-

318 3604 376 3667 VH.
404 3605 526 3684 eraesl.
551 3602 603 3666 Aa
630 3602 836 3689 Magistratui
856 3628 924 3671 corn
949 3611 1016 3671 etat
1036 3609 1084 3691 jus
1102 3608 1273 3692 deputandi
1291 3608 1329 3672 ad
1345 3606 1518 3692 Synodum,
1531 3611 1553 3675 11
1566 3609 1667 3672 literis
1680 3631 1776 3674 nran-

308 3692 373 3754 dati
387 3713 423 3755 ac
434 3691 506 3755 fidei
519 3691 696 3776 Deputatos
710 3693 883 3778 Synodales
900 3697 910 3759 i
934 3695 1086 3761 struendi.
1112 3699 1202 3781 Resp.
1221 3699 1293 3782 Nep.
1313 3698 1340 3761 1.
1356 3695 1430 3761 Non
1447 3700 1530 3762 esset
1544 3702 1613 3762 tum
1627 3697 1776 3763 Conven-

307 3785 359 3844 tus
383 3780 634 3859 Ecclesiasticus,
659 3783 711 3845 sed
729 3785 887 3867 politicus.
914 3787 943 3848 2.
969 3785 1175 3870 Repuguaret
1192 3789 1215 3852 11
1235 3785 1417 3870 Scripturae
1430 3789 1530 3852 Actor.
1550 3788 1600 3851 15.
1615 3787 1685 3851 coll.
1699 3811 1776 3852 cuur

309 3871 327 3932 2
346 3868 484 3936 Corinth.
498 3870 527 3933 8.
545 3871 595 3934 18.
612 3872 661 3935 19.
676 3873 771 3956 (crude
784 3873 947 3958 analogice
961 3874 993 3938 id
1005 3876 1179 3960 colligitur)
1193 3877 1216 3941 tr
1228 3876 1555 3960 ornniantiquitatiac
1563 3877 1653 3960 praxi
1662 3875 1725 3941 Ecc
1765 3917 1776 3928 ·

308 3958 463 4023 siasticae.
478 3958 656 4024 Videantur
674 3962 761 4026 Teati
785 3962 1012 4030 bbnciliorum:
1026 3967 1047 4030 11
1059 3965 1167 4048 praxis
1179 3965 1312 4029 celebris
1324 3966 1444 4051 Synodi
1456 3967 1675 4031 llorrlrcccune
1687 3989 1733 4030 an¹
1765 3993 1776 4028 1

309 4047 404 4113 1618,
433 4047 527 4111 1619.
551 4049 584 4112 ia
604 4051 687 4113 Actis
704 4052 861 4116 1110110011.
876 4091 916 4100 -
938 4055 1015 4118 1111.
1030 4057 1152 4136 Quaeri.
1167 4054 1218 4119 An
1235 4054 1456 4119 Ecclesiastice
1469 4058 1492 4121 11
1504 4055 1647 4140 legitime
1660 4053 1737 4139 Dap*
1765 4093 1776 4106 ·

307 4141 391 4200 tatas
404 4136 527 4219 aliquos
544 4139 583 4201 ad
596 4138 757 4222 Synodunr
770 4142 969 4224 prohibendi,
984 4147 1039 4208 aut
1052 4144 1218 4207 revocandi
1232 4147 1246 4208 ⁶?
1272 4145 1361 4228 ltcap.
1388 4146 1461 4229 Nep.
1475 4145 1537 4208 nisi
1549 4144 1677 4228 politice
1686 4146 1737 4228 jue'
1765 4182 1776 4200 ·

307 4231 366 4302 cet,
386 4225 516 4309 politiae
532 4250 618 4306 suae,
632 4229 654 4293 11
667 4231 780 4294 salutis
793 4229 941 4314 Reipubl.
955 4232 1116 4312 interesse,
1133 4237 1262 4316 propter
1275 4234 1342 4298 scil.
1356 4235 1485 4318 negotia
1497 4238 1553 4298 aut
1565 4233 1741 4298 difficultat
1765 4261 1775 4298 s

307 4315 452 4399 politicas
479 4315 569 4399 [pag.
595 4317 674 4404 188]
696 4320 892 4403 deputatioui
906 4320 954 4383 illi
967 4321 1129 4405 impleras,
1154 4321 1241 4386 Num
1258 4327 1365 4386 autem
1378 4327 1462 4386 recte
1475 4347 1515 4387 an
1532 4345 1621 4387 secus
1634 4323 1679 4386 ita
1687 4323 1747 4405 jud
1765 4364 1774 4374 -

308 4410 367 4482 cet,
393 4407 415 4470 11
439 4425 479 4467 an
503 4400 552 4468 r'es
569 4413 684 4490 agatur
704 4413 829 4472 tantum
852 4413 1069 4492 praetextibus
1082 4412 1179 4497 (quod
1192 4417 1240 4474 est
1252 4412 1335 4475 inter
1346 4433 1461 4476 arcana
1473 4411 1691 4496 Reipublicae)
1709 4411 1745 4475 D.
1765 4417 1774 4478 i

332 4527 334 4533 2
1670 4501 1773 4568 solius
