3766 4866
324 264 436 335 'Percu
450 264 508 336 ΙΙΙ.
532 265 580 333 Dr
594 267 730 333 Aeeuors
742 264 922 332 anrmsus
935 264 1227 332 Petram-ramma.
1253 264 1325 330 Gne.
1337 259 1363 330 l.
1510 263 1576 332 369

113 457 285 544 pothecam
308 455 485 542 praestabit
508 455 685 520 dimensum
708 453 952 535 distributionis,
973 453 1056 538 quod
1069 453 1162 519 estin
1179 453 1326 518 manibus
1342 447 1575 528 Diaconorum

113 547 196 612 uude
213 569 271 626 pro
290 545 422 610 arbitrio
440 544 642 610 frustillatim
654 545 726 624 sibi,
738 545 798 608 hoc
810 547 869 622 est,
883 543 1004 608 aerario
1021 542 1234 608 ecclesiastico
1246 543 1427 607 restituant.
1453 542 1579 606 lantan-

114 637 174 701 tia:
195 635 265 700 Hoc
281 635 409 719 quidem
427 633 548 716 aliquid
565 637 624 713 est,
637 632 691 698 sed
704 632 780 716 quid
795 633 822 696 si
836 633 951 711 subito,
964 635 1020 697 aut
1032 632 1146 696 saltem
1163 635 1243 696 ante
1249 629 1439 716 praestitam
1450 629 1581 694 restitu-

113 725 235 790 tionem
253 724 359 788 viverc
376 722 510 802 desinat,
528 722 612 790 nude
628 726 704 786 tunc
717 743 754 785 ea
766 722 1002 806 exspectanda?
1029 723 1116 804 Resp.
1134 743 1173 785 ex
1185 720 1347 785 distractis
1363 718 1490 799 reculis,
1503 737 1583 803 quas

114 813 283 878 defimctus
305 811 453 895 reliquit}
478 832 620 894 quasque
644 809 778 874 Diaconi
802 809 961 874 ordinarib
984 807 1138 893 tanquam
1161 808 1324 874 Haeredes
1348 830 1458 882 eorum
1473 807 1530 892 qui
1546 829 1581 870 ex

114 901 334 985 Eleemosynis
355 901 502 964 vixerunt
518 897 640 964 aerario
656 921 713 963 suo
723 899 757 964 in
769 898 906 964 solidum
918 898 1076 962 vindicare
1089 899 1201 962 solent.
1226 895 1443 982 Quodcunque
1456 895 1582 981 pericu·

112 992 182 1056 lum
204 990 258 1054 bic
280 989 426 1068 subeant,
449 987 710 1073 &quamcunque
722 987 880 1070 jacturam
892 986 951 1051 tali
962 987 995 1050 in
1008 1009 1081 1052 casu
1094 985 1381 1071 aliquandofacere
1394 984 1581 1050 videantur:
1684 1053 1687 1060 ,

113 1083 259 1164 praestat
270 1078 384 1144 saltem
396 1076 456 1140 hoc
468 1077 548 1156 lieri,
561 1098 657 1160 quam
669 1076 750 1140 tales
761 1075 924 1160 Pauperes
937 1078 956 1140 a
967 1076 1162 1160 trapeziticis
1173 1073 1441 1162 Faeneratoribus
1455 1073 1582 1140 assidub
1623 1135 1625 1140 .

114 1167 237 1252 exsugi,
254 1169 278 1233 dr
296 1187 353 1250 per
372 1165 456 1230 latus
474 1186 582 1230 eorum
594 1163 762 1245 Diaconos,
779 1164 921 1250 aliosque
933 1159 1227 1250 Eleemosynarios3
1240 1187 1375 1249 quornm
1388 1185 1452 1228 non
1464 1163 1582 1247 exigua

114 1256 209 1340 stipis
229 1253 495 1338 eleemosynariae
513 1276 585 1337 pars
597 1255 631 1318 in
643 1253 870 1318 redemtionem
882 1253 1053 1338 pignorum
1069 1253 1215 1334 antehac,
1227 1253 1306 1337 ipsis
1318 1252 1436 1337 partim
1448 1250 1582 1316 consciis

115 1346 235 1430 partim
254 1343 378 1423 nesciis,
399 1342 539 1426 impendi
560 1343 650 1407 solet.
675 1341 838 1418 Quantum
857 1342 919 1406 ista
936 1341 1370 1428 Trapezitarumpragmatia
1382 1339 1581 1425 Pauperibus
1628 1413 1631 1422 ¹

117 1436 140 1500 d
160 1433 336 1498 artenuatis
357 1432 608 1516 depauperandis
621 1432 644 1497 du
656 1431 858 1496 attenuandis
871 1431 976 1496 valere
989 1435 1096 1516 queat,
1109 1430 1281 1496 ostendunt
1295 1431 1442 1513 Qruretae
1458 1426 1489 1494 a
1504 1429 1585 1496 Peti-

118 1525 216 1590 tioaes
227 1521 441 1608 ‘Spaadaram
464 1521 500 1584 in
517 1520 622 1606 Belpia
637 1520 791 1604 foederata
803 1520 899 1584 toties
914 1519 1073 1604 totiesque
1085 1520 1249 1604 repetitae.
1274 1517 1360 1595 Quas
1378 1517 1585 1598 exhibitas&

118 1611 293 1676 vindicatas
305 1609 375 1674 vide
388 1609 422 1672 in
436 1607 572 1674 Nostrae
584 1607 761 1672 Facultatis
773 1607 973 1693 theologicae
986 1609 1189 1693 rejudicare,
1201 1610 1334 1696 aliisque
1346 1607 1477 1694 Scriptis
1486 1626 1587 1692 supra

116 1721 191 1785 pop.
218 1698 290 1763 779.
306 1698 462 1764 indicatis.
486 1698 591 1763 Erunt
602 1696 684 1761 forte
695 1695 833 1762 Decreta
844 1696 901 1761 illa
913 1697 1087 1782 synodalia,
1100 1719 1172 1763 cum
1185 1695 1319 1782 Scriptis
1332 1698 1540 1783 apologeticis
1552 1697 1587 1762 in

118 1789 256 1852 latinum
280 1808 457 1852 sermonem
479 1785 714 1866 transferenda,
727 1789 762 1850 ut
775 1786 940 1850 universus
953 1785 1038 1850 orbis
1051 1785 1251 1854 Christianus
1264 1787 1382 1865 videat,
1400 1790 1554 1870 quantum
1568 1791 1587 1851 a

119 1876 420 1942 Praedecessoribus
435 1874 598 1954 nostris&
614 1877 634 1938 a
645 1874 875 1958 praesentibus,
888 1874 942 1958 qui
961 1896 1070 1940 eorum
1083 1875 1220 1960 vestigia
1233 1877 1392 1959 premunt,
1405 1874 1586 1940 laboratum

120 1968 172 2046 sit,
195 1988 236 2030 ne
258 1963 456 2048 Pauperesdt
475 1967 585 2028 tenues
613 1963 646 2026 in
669 1967 859 2048 perpetuum
886 1962 1125 2044 exhauriantur,
1140 1986 1199 2028 nec
1214 1963 1328 2049 religio
1341 1965 1363 2030 b
1376 1962 1519 2028 Ecclesia
1531 1987 1588 2028 no-

119 2059 188 2118 stra
199 2053 332 2118 maculis
344 2051 498 2118 usurariis
511 2051 754 2116 contaminetur.
778 2051 907 2127 Quodsi
919 2052 1053 2136 genuini
1064 2063 1184 2118 maara
1196 2053 1328 2137 pictatis,
1342 2075 1470 2118 mensae
1484 2052 1588 2117 mutui

120 2142 256 2230 gratuiti
279 2141 407 2226 publicis
422 2140 607 2225 Principum
623 2139 909 2226 &Magistratuum
922 2141 1094 2206 autoritate
1107 2141 1285 2226 oppidatim
1298 2141 1587 2207 constituerentur:

121 2237 140 2297 a
163 2236 282 2317 magua
305 2243 437 2296 onerum
461 2252 497 2294 ac
516 2229 734 2294 molestiarum
755 2233 845 2314 parte
857 2228 992 2294 Diaconi
1004 2229 1123 2315 aliique
1136 2230 1227 2316 [pag.
1240 2229 1326 2316 945]
1337 2229 1589 2315 Eleemosynarii

120 2321 195 2386 ilico
219 2341 253 2384 se
279 2318 430 2384 liberatos
453 2319 606 2383 viderent.
630 2316 678 2382 De
695 2317 852 2401 expensis,
865 2317 906 2382 ad
921 2318 1074 2402 hocopus
1087 2319 1272 2384 necessariis
1287 2341 1350 2383 non
1363 2319 1409 2384 ita
1421 2319 1589 2404 desperan-

120 2411 198 2475 dum
214 2411 314 2473 esset:
327 2407 482 2492 siquidem
499 2430 537 2472 ea
547 2405 666 2491 partim
679 2429 716 2471 ex
729 2405 956 2492 collegiorum,
968 2406 1202 2490 &privatorum
1217 2429 1478 2492 quorumcunque
1491 2409 1590 2473 dona-

120 2497 275 2578 tionibus,
299 2497 416 2581 partim
440 2518 478 2561 ex
503 2496 565 2580 piis
587 2495 716 2580 legatis,
739 2496 858 2580 partim
874 2519 913 2562 ex
929 2497 1187 2562 extraordinariis
1201 2497 1240 2561 ad
1252 2496 1285 2561 id
1296 2497 1424 2562 indictis
1437 2497 1589 2576 collectis

79 2615 81 2618 ·
121 2587 243 2673 partim
266 2607 304 2650 ex
329 2585 450 2650 aerario
474 2582 691 2669 Reipublicae,
703 2589 821 2670 partim
834 2605 872 2649 ex
884 2584 1049 2666 reditibus,
1062 2608 1144 2670 quae
1159 2589 1342 2671 supersunt,
1355 2585 1590 2666 ecclesiasticis,

120 2675 311 2761 praesertim
334 2672 374 2738 iis
398 2696 479 2758 quae
500 2673 558 2738 sub
573 2673 719 2738 manibus
733 2673 916 2758 Principum
929 2695 967 2738 ac
982 2671 1243 2760 Magistratunm,
1257 2672 1532 2758 Quaestorumque
1547 2673 1587 2738 ab

120 2765 160 2829 iis
173 2763 419 2829 constitutorum
430 2763 465 2827 in
477 2766 623 2846 separata
636 2763 759 2827 aeraria
770 2762 891 2844 inferri,
905 2766 1001 2847 atque
1013 2763 1086 2828 inde
1098 2762 1274 2848 dispensari
1284 2763 1397 2828 solent.
1411 2761 1475 2829 Sed
1483 2762 1521 2826 de
1529 2762 1590 2826 hoc

121 2875 208 2918 nunc
219 2853 253 2916 in
265 2852 420 2917 transitu:
438 2850 515 2916 alibi
532 2873 571 2916 ex
583 2849 726 2935 professo
743 2851 901 2935 pluribus.

168 2941 228 3007 IV.
254 2942 379 3023 Quaest.
402 2940 453 3005 Aa
476 2941 609 3005 Ecclesia
632 2939 663 3006 a·
682 2940 817 3006 Diaconi
835 2940 1032 3006 satttmmoda
1052 2940 1206 3006 auxiliari
1226 2952 1371 3007 teraratar
1390 2940 1440 3020 iis,
1453 2959 1590 3028 quorum

119 3043 305 3118 praespertas,
315 3031 387 3114 jam
399 3031 434 3094 ia
445 3031 612 3113 propatuto
626 3040 678 3108 cst,
693 3028 724 3096 a·
739 3033 862 3108 ewraat,
876 3029 931 3114 qui
942 3029 1086 3113 prolapsi
1096 3028 1127 3096 a
1136 3030 1233 3114 pune
1243 3031 1437 3115 eatttiJ'aceat
1447 3052 1458 3106 ,·
1470 3040 1526 3094 aut
1537 3028 1593 3115 qui

119 3131 342 3208 paupertatem
358 3139 451 3184 suam
469 3120 668 3208 profiteatur,
689 3117 715 3184 d
735 3121 843 3203 aperte
854 3117 977 3182 aemilia
987 3129 1115 3203 petras-t:
1128 3139 1172 3184 aa
1183 3120 1277 3184 etiam
1288 3118 1467 3198 attenuatis,
1480 3117 1511 3185 e
1520 3117 1592 3202 jara
1626 3179 1633 3191 ,

115 3211 191 3296 jam
210 3209 246 3274 ia
257 3218 470 3293 paupertatem
491 3207 766 3294 ebernospaariam
782 3207 941 3272 ruituris?
965 3207 1055 3291 Resp.
1070 3208 1133 3294 Ass.
1150 3210 1266 3275 Postea.
1291 3205 1327 3272 Si
1338 3207 1458 3292 privati
1473 3206 1592 3290 quique
1630 3257 1636 3266 .

121 3298 252 3364 Fideles
264 3300 413 3362 tenentur
424 3295 574 3360 Fratrum
587 3298 824 3364 attenuatorum
837 3317 968 3359 manum
980 3295 1183 3361 vacillantem
1197 3296 1393 3374 confirmare,
1408 3296 1527 3362 levitic.
1538 3293 1591 3359 25.

121 3409 153 3452 c.
167 3385 220 3451 35.
234 3387 331 3450 etiam
342 3383 477 3449 Diaconi
488 3388 649 3449 tenentur:
672 3382 819 3449 Praestat
831 3383 972 3448 subsidio
985 3384 1093 3468 aliquo
1106 3385 1231 3470 lapsum
1242 3385 1438 3469 praevenire,
1451 3405 1548 3468 quam
1558 3383 1592 3446 in

124 3477 220 3560 lapsu
236 3477 425 3553 sustentare,
439 3477 493 3537 aut
507 3495 544 3537 ex
558 3495 595 3538 eo
612 3471 744 3558 erigere.
760 3471 901 3536 Facilius
913 3471 936 3536 tt
947 3472 1049 3538 tutius
1058 3474 1205 3539 morbum
1212 3473 1389 3539 minantem
1397 3472 1593 3557 praevenire,

123 3585 224 3650 quam
236 3566 453 3646 erumpentem
466 3583 576 3626 curare
587 3585 594 3638 3
608 3565 728 3625 vestem
741 3561 801 3625 teri
814 3562 837 3626 dr
848 3561 955 3644 rumpi
968 3567 1113 3645 coeptam
1125 3563 1241 3629 sarcire
1251 3561 1486 3646 ininterpolata,
1495 3583 1594 3646 quam

124 3651 337 3737 abjectionem
350 3652 418 3734 ejus
431 3653 453 3717 da
465 3649 643 3714 nuditatem
655 3653 848 3733 exspectare.
873 3647 1085 3733 Conqueritur
1098 3649 1180 3716 forte
1194 3651 1266 3736 quis
1278 3650 1316 3716 de
1328 3648 1544 3716 Diaconorum
1559 3671 1593 3716 re

124 3743 279 3827 angust&
303 3743 435 3823 quaeret
457 3738 614 3824 quomodo
638 3759 674 3802 ac
697 3738 813 3822 quibus
837 3736 1083 3822 prophylacticis
1107 3743 1218 3804 tenues
1243 3741 1266 3806 b
1289 3738 1458 3820 attenuati,
1484 3739 1522 3803 de
1535 3737 1595 3803 lte·

124 3830 234 3908 alesia,
258 3829 297 3893 de
312 3849 449 3913 quornm
470 3849 504 3892 re
532 3825 685 3891 lamiliari
705 3826 872 3912 &proprio
891 3848 973 3910 pane
989 3827 1057 3911 jam
1074 3827 1141 3892 fere
1155 3828 1387 3893 conclamatum
1399 3830 1458 3908 est,
1471 3830 1491 3892 a
1502 3826 1595 3891 ruint

125 3921 157 3984 in
199 3919 480 4001 eleemosynariam
504 3919 726 4000 paupertatem
748 3913 868 3980 servari
892 3918 949 3980 aut
967 3916 1088 3980 retrahi
1111 3916 1234 4000 possint
1268 3914 1431 3993 Quantum
1455 3936 1515 4002 ego
1543 3937 1594 3979 re-

125 4031 199 4073 rnm
226 4005 510 4072 ecclesiasticarum
533 4007 651 4069 statum
676 4007 876 4088 praesentem
902 4004 986 4088 apud
1004 4027 1061 4070 nos
1075 4005 1211 4085 intueor,
1224 4004 1595 4090 &jamantemultornru

124 4117 284 4162 annorum
303 4094 499 4178 experientia
523 4115 595 4158 eum
618 4115 669 4157 me
693 4093 827 4172 edocuit,
852 4095 928 4176 puto
948 4092 1082 4157 duorum
1106 4115 1260 4179 generum
1291 4116 1359 4160 esse
1390 4093 1508 4158 media:
1533 4093 1596 4157 alia

125 4189 223 4257 οἰκεῖα,
242 4184 377 4263 interna,
400 4183 434 4246 in
457 4185 615 4266 potestate
638 4181 809 4260 Ecclesiae,
834 4179 857 4246 b
880 4180 921 4244 ab
945 4181 1054 4246 eadem
1078 4182 1275 4260 adhibenda;
1300 4182 1364 4248 alia
1384 4185 1546 4261 extranea,
1564 4181 1596 4246 in

126 4277 287 4359 potestate
300 4273 446 4350 aliorum,
459 4272 549 4355 &per
556 4270 752 4355 petitionem,
766 4269 1036 4350 intercessionem,
1048 4269 1598 4351 commendationemllcclesiae,aut

126 4361 270 4446 ejusdem
293 4359 531 4438 Ministrorum,
557 4359 737 4422 obtinenda.
766 4359 896 4435 Priora,
921 4364 996 4424 sunt
1019 4359 1090 4438 duc,
1118 4364 1262 4426 mutuum
1288 4363 1310 4428 dt
1335 4361 1522 4445 precarirun.
1550 4357 1597 4421 De

874 4453 914 4508 24
1488 4458 1599 4512 trrrttao
