<?xml version="1.0" encoding="UTF-8"?>
<!DOCTYPE html PUBLIC "-//W3C//DTD XHTML 1.0 Transitional//EN"
    "http://www.w3.org/TR/xhtml1/DTD/xhtml1-transitional.dtd">
<html xmlns="http://www.w3.org/1999/xhtml" xml:lang="en" lang="en">
 <head>
  <title>
</title>
<meta http-equiv="Content-Type" content="text/html;charset=utf-8" />
  <meta name='ocr-system' content='tesseract 3.04.00' />
  <meta name='ocr-capabilities' content='ocr_page ocr_carea ocr_par ocr_line ocrx_word'/>
</head>
<body>
  <div class='ocr_page' id='page_1' title='image "./gisbertivoetiit00rutggoog_0037.png"; bbox 0 0 3768 4842; ppageno 0'>
   <div class='ocr_carea' id='block_1_1' title="bbox 571 262 1582 335">
    <p class='ocr_par' dir='ltr' id='par_1_1' title="bbox 571 262 1582 335">
     <span class='ocr_line' id='line_1_1' title="bbox 571 262 1582 335; baseline -0.001 -1"><span class='ocrx_word' id='word_1_1' title='bbox 571 299 583 316; x_wconf 93' lang='lat'><strong>·</strong></span> <span class='ocrx_word' id='word_1_2' title='bbox 663 262 1029 335; x_wconf 76' lang='lat' dir='ltr'><strong>Pronaoorrrur</strong></span> <span class='ocrx_word' id='word_1_3' title='bbox 1563 267 1582 333; x_wconf 86' lang='grc'><strong>7</strong></span> 
     </span>
    </p>
   </div>
   <div class='ocr_carea' id='block_1_2' title="bbox 102 413 1582 720">
    <p class='ocr_par' dir='ltr' id='par_1_2' title="bbox 102 413 1582 720">
     <span class='ocr_line' id='line_1_2' title="bbox 102 413 1582 542; baseline -0.002 -20"><span class='ocrx_word' id='word_1_4' title='bbox 102 457 192 522; x_wconf 90' lang='lat' dir='ltr'><strong>stitui</strong></span> <span class='ocrx_word' id='word_1_5' title='bbox 203 479 211 519; x_wconf 93' lang='lat'>:</span> <span class='ocrx_word' id='word_1_6' title='bbox 221 421 344 522; x_wconf 79' lang='lat' dir='ltr'><strong>saltem</strong></span> <span class='ocrx_word' id='word_1_7' title='bbox 357 458 447 537; x_wconf 90' lang='lat' dir='ltr'><strong>duas,</strong></span> <span class='ocrx_word' id='word_1_8' title='bbox 460 480 596 542; x_wconf 84' lang='lat' dir='ltr'><strong>quarum</strong></span> <span class='ocrx_word' id='word_1_9' title='bbox 607 413 670 523; x_wconf 82' lang='lat' dir='ltr'><strong>una</strong></span> <span class='ocrx_word' id='word_1_10' title='bbox 682 459 724 522; x_wconf 92' lang='lat' dir='ltr'><strong>sit</strong></span> <span class='ocrx_word' id='word_1_11' title='bbox 736 457 931 535; x_wconf 77' lang='grc'><strong>(1991919919,</strong></span> <span class='ocrx_word' id='word_1_12' title='bbox 944 479 1040 542; x_wconf 89' lang='lat' dir='ltr'><strong>quam</strong></span> <span class='ocrx_word' id='word_1_13' title='bbox 1052 457 1288 522; x_wconf 80' lang='lat' dir='ltr'><strong>Gatecheticam</strong></span> <span class='ocrx_word' id='word_1_14' title='bbox 1298 457 1460 542; x_wconf 87' lang='lat' dir='ltr'><strong>appellare</strong></span> <span class='ocrx_word' id='word_1_15' title='bbox 1471 477 1582 540; x_wconf 90' lang='lat' dir='ltr'><strong>possu-</strong></span> 
     </span>
     <span class='ocr_line' id='line_1_3' title="bbox 103 542 1581 631; baseline -0.002 -19"><span class='ocrx_word' id='word_1_16' title='bbox 103 569 181 624; x_wconf 87' lang='lat' dir='ltr'><strong>mus,</strong></span> <span class='ocrx_word' id='word_1_17' title='bbox 194 547 291 631; x_wconf 85' lang='lat' dir='ltr'><strong>cujus</strong></span> <span class='ocrx_word' id='word_1_18' title='bbox 305 546 599 614; x_wconf 85' lang='lat' dir='ltr'><strong>scientiaomnibus</strong></span> <span class='ocrx_word' id='word_1_19' title='bbox 611 547 758 612; x_wconf 90' lang='lat' dir='ltr'><strong>fidelibus</strong></span> <span class='ocrx_word' id='word_1_20' title='bbox 771 548 811 612; x_wconf 91' lang='lat' dir='ltr'><strong>ad</strong></span> <span class='ocrx_word' id='word_1_21' title='bbox 834 548 971 612; x_wconf 91' lang='lat' dir='ltr'><strong>salutem</strong></span> <span class='ocrx_word' id='word_1_22' title='bbox 983 547 1174 624; x_wconf 88' lang='lat' dir='ltr'><strong>affectanda;</strong></span> <span class='ocrx_word' id='word_1_23' title='bbox 1188 547 1289 610; x_wconf 88' lang='lat' dir='ltr'><strong>altera</strong></span> <span class='ocrx_word' id='word_1_24' title='bbox 1297 543 1432 629; x_wconf 80' lang='lat' dir='ltr'><strong>Propria</strong></span> <span class='ocrx_word' id='word_1_25' title='bbox 1440 567 1496 609; x_wconf 89' lang='lat' dir='ltr'><strong>seu</strong></span> <span class='ocrx_word' id='word_1_26' title='bbox 1505 542 1581 628; x_wconf 86' lang='lat' dir='ltr'><strong>Spe·</strong></span> 
     </span>
     <span class='ocr_line' id='line_1_4' title="bbox 102 633 1579 720; baseline -0.003 -20"><span class='ocrx_word' id='word_1_27' title='bbox 102 636 201 715; x_wconf 74' lang='lat' dir='ltr'><strong>cialiS,</strong></span> <span class='ocrx_word' id='word_1_28' title='bbox 236 659 333 720; x_wconf 90' lang='lat' dir='ltr'><strong>quae·</strong></span> <span class='ocrx_word' id='word_1_29' title='bbox 345 636 478 720; x_wconf 84' lang='lat' dir='ltr'><strong>p&#39;ropins</strong></span> <span class='ocrx_word' id='word_1_30' title='bbox 490 637 514 702; x_wconf 79' lang='lat' dir='ltr'><strong>dc</strong></span> <span class='ocrx_word' id='word_1_31' title='bbox 526 636 656 720; x_wconf 85' lang='lat' dir='ltr'><strong>plenius</strong></span> <span class='ocrx_word' id='word_1_32' title='bbox 662 637 809 702; x_wconf 89' lang='lat' dir='ltr'><strong>discenda</strong></span> <span class='ocrx_word' id='word_1_33' title='bbox 817 660 854 702; x_wconf 92' lang='lat' dir='ltr'><strong>ac</strong></span> <span class='ocrx_word' id='word_1_34' title='bbox 866 637 1031 701; x_wconf 89' lang='lat' dir='ltr'><strong>tractanda</strong></span> <span class='ocrx_word' id='word_1_35' title='bbox 1046 636 1122 714; x_wconf 85' lang='lat' dir='ltr'><strong>illis,</strong></span> <span class='ocrx_word' id='word_1_36' title='bbox 1136 635 1192 720; x_wconf 93' lang='lat' dir='ltr'><strong>qui</strong></span> <span class='ocrx_word' id='word_1_37' title='bbox 1204 635 1245 698; x_wconf 91' lang='lat' dir='ltr'><strong>ad</strong></span> <span class='ocrx_word' id='word_1_38' title='bbox 1256 633 1400 718; x_wconf 83' lang='lat' dir='ltr'><strong>regimen</strong></span> <span class='ocrx_word' id='word_1_39' title='bbox 1413 633 1579 704; x_wconf 74' lang='lat' dir='ltr'>Ecclesiae</span> 
     </span>
    </p>
   </div>
   <div class='ocr_carea' id='block_1_3' title="bbox 103 721 1683 808">
    <p class='ocr_par' dir='ltr' id='par_1_3' title="bbox 103 721 1683 808">
     <span class='ocr_line' id='line_1_5' title="bbox 103 721 1683 808; baseline -0.002 -19"><span class='ocrx_word' id='word_1_40' title='bbox 103 724 312 802; x_wconf 78' lang='lat' dir='ltr'><strong>adhibentur,</strong></span> <span class='ocrx_word' id='word_1_41' title='bbox 336 729 394 789; x_wconf 90' lang='lat' dir='ltr'><strong>aut</strong></span> <span class='ocrx_word' id='word_1_42' title='bbox 405 725 578 790; x_wconf 75' lang='lat' dir='ltr'><strong>adhibendi</strong></span> <span class='ocrx_word' id='word_1_43' title='bbox 600 729 684 790; x_wconf 88' lang='lat' dir='ltr'><strong>sunt.</strong></span> <span class='ocrx_word' id='word_1_44' title='bbox 708 726 799 801; x_wconf 82' lang='lat' dir='ltr'><strong>Quod</strong></span> <span class='ocrx_word' id='word_1_45' title='bbox 821 725 849 790; x_wconf 88' lang='lat' dir='ltr'><strong>si</strong></span> <span class='ocrx_word' id='word_1_46' title='bbox 871 725 922 790; x_wconf 92' lang='lat' dir='ltr'><strong>cui</strong></span> <span class='ocrx_word' id='word_1_47' title='bbox 945 747 1009 790; x_wconf 89' lang='lat' dir='ltr'><strong>non</strong></span> <span class='ocrx_word' id='word_1_48' title='bbox 1029 725 1153 808; x_wconf 88' lang='lat' dir='ltr'><strong>placeat</strong></span> <span class='ocrx_word' id='word_1_49' title='bbox 1165 723 1401 788; x_wconf 82' lang='lat' dir='ltr'><strong>distinctionem</strong></span> <span class='ocrx_word' id='word_1_50' title='bbox 1412 723 1513 787; x_wconf 88' lang='lat' dir='ltr'><strong>ullam</strong></span> <span class='ocrx_word' id='word_1_51' title='bbox 1524 721 1578 787; x_wconf 88' lang='lat' dir='ltr'><strong>hic</strong></span> <span class='ocrx_word' id='word_1_52' title='bbox 1677 749 1683 760; x_wconf 90' lang='lat'><strong>·</strong></span> 
     </span>
    </p>
   </div>
   <div class='ocr_carea' id='block_1_4' title="bbox 17 805 1580 899">
    <p class='ocr_par' dir='ltr' id='par_1_4' title="bbox 17 805 1580 899">
     <span class='ocr_line' id='line_1_6' title="bbox 17 805 1580 899; baseline -0.001 -22"><span class='ocrx_word' id='word_1_53' title='bbox 17 805 28 822; x_wconf 79' lang='lat'>&#39;</span> <span class='ocrx_word' id='word_1_54' title='bbox 103 805 276 878; x_wconf 83' lang='lat' dir='ltr'><strong>adinittere</strong></span> <span class='ocrx_word' id='word_1_55' title='bbox 301 815 441 899; x_wconf 90' lang='lat' dir='ltr'><strong>(dequo</strong></span> <span class='ocrx_word' id='word_1_56' title='bbox 464 814 638 898; x_wconf 90' lang='lat' dir='ltr'><strong>disceptare</strong></span> <span class='ocrx_word' id='word_1_57' title='bbox 660 815 786 898; x_wconf 78' lang='lat' dir='ltr'><strong>nolim),</strong></span> <span class='ocrx_word' id='word_1_58' title='bbox 810 815 924 880; x_wconf 88' lang='lat' dir='ltr'><strong>saltem</strong></span> <span class='ocrx_word' id='word_1_59' title='bbox 947 837 1004 898; x_wconf 88' lang='lat' dir='ltr'><strong>per</strong></span> <span class='ocrx_word' id='word_1_60' title='bbox 1026 813 1132 899; x_wconf 91' lang='lat' dir='ltr'><strong>ipsum</strong></span> <span class='ocrx_word' id='word_1_61' title='bbox 1155 813 1260 891; x_wconf 88' lang='lat' dir='ltr'><strong>liceat,</strong></span> <span class='ocrx_word' id='word_1_62' title='bbox 1280 814 1373 897; x_wconf 88' lang='lat' dir='ltr'><strong>juxta</strong></span> <span class='ocrx_word' id='word_1_63' title='bbox 1393 811 1580 876; x_wconf 89' lang='lat' dir='ltr'><strong>methodum</strong></span> 
     </span>
    </p>
   </div>
   <div class='ocr_carea' id='block_1_5' title="bbox 103 899 1691 992">
    <p class='ocr_par' dir='ltr' id='par_1_5' title="bbox 103 899 1691 992">
     <span class='ocr_line' id='line_1_7' title="bbox 103 899 1691 992; baseline 0 -26"><span class='ocrx_word' id='word_1_64' title='bbox 103 903 259 988; x_wconf 85' lang='lat' dir='ltr'><strong>cujusque</strong></span> <span class='ocrx_word' id='word_1_65' title='bbox 286 901 492 968; x_wconf 79' lang='lat' dir='ltr'><strong>arbitrariam</strong></span> <span class='ocrx_word' id='word_1_66' title='bbox 515 903 714 969; x_wconf 81' lang='lat' dir='ltr'><strong>meliorisne</strong></span> <span class='ocrx_word' id='word_1_67' title='bbox 739 903 892 969; x_wconf 82' lang='lat' dir='ltr'><strong>facilioris</strong></span> <span class='ocrx_word' id='word_1_68' title='bbox 916 903 1075 969; x_wconf 90' lang='lat' dir='ltr'><strong>doctrinae</strong></span> <span class='ocrx_word' id='word_1_69' title='bbox 1088 906 1193 980; x_wconf 74' lang='lat' dir='ltr'><strong>causa,</strong></span> <span class='ocrx_word' id='word_1_70' title='bbox 1207 906 1308 968; x_wconf 89' lang='lat' dir='ltr'><strong>artem</strong></span> <span class='ocrx_word' id='word_1_71' title='bbox 1321 902 1485 986; x_wconf 81' lang='lat' dir='ltr'><strong>&amp;regulas</strong></span> <span class='ocrx_word' id='word_1_72' title='bbox 1496 899 1580 980; x_wconf 88' lang='lat' dir='ltr'><strong>illas,</strong></span> <span class='ocrx_word' id='word_1_73' title='bbox 1690 987 1691 992; x_wconf 8' lang='grc' dir='ltr'>ἵ</span> 
     </span>
    </p>
   </div>
   <div class='ocr_carea' id='block_1_6' title="bbox 13 989 1660 3300">
    <p class='ocr_par' dir='ltr' id='par_1_6' title="bbox 13 989 1660 3300">
     <span class='ocr_line' id='line_1_8' title="bbox 103 989 1579 1078; baseline -0.001 -23"><span class='ocrx_word' id='word_1_74' title='bbox 103 1014 183 1076; x_wconf 84' lang='lat' dir='ltr'><strong>quae</strong></span> <span class='ocrx_word' id='word_1_75' title='bbox 209 991 342 1076; x_wconf 75' lang='lat' dir='ltr'><strong>proprie</strong></span> <span class='ocrx_word' id='word_1_76' title='bbox 366 996 533 1068; x_wconf 83' lang='lat' dir='ltr'><strong>externum</strong></span> <span class='ocrx_word' id='word_1_77' title='bbox 556 991 771 1078; x_wconf 81' lang='lat' dir='ltr'><strong>Ecclesiarum</strong></span> <span class='ocrx_word' id='word_1_78' title='bbox 795 993 938 1078; x_wconf 88' lang='lat' dir='ltr'><strong>regimen</strong></span> <span class='ocrx_word' id='word_1_79' title='bbox 961 995 1164 1070; x_wconf 72' lang='lat' dir='ltr'><strong>concernunt,</strong></span> <span class='ocrx_word' id='word_1_80' title='bbox 1188 1013 1245 1075; x_wconf 89' lang='lat' dir='ltr'><strong>per</strong></span> <span class='ocrx_word' id='word_1_81' title='bbox 1256 989 1452 1076; x_wconf 71' lang='grc' dir='ltr'><strong>Γ1119919ςὶ99</strong></span> <span class='ocrx_word' id='word_1_82' title='bbox 1466 1012 1579 1073; x_wconf 91' lang='lat' dir='ltr'><strong>corpus</strong></span> 
     </span>
     <span class='ocr_line' id='line_1_9' title="bbox 105 1077 1580 1167; baseline -0.001 -24"><span class='ocrx_word' id='word_1_83' title='bbox 105 1103 232 1164; x_wconf 84' lang='lat' dir='ltr'><strong>sparsas</strong></span> <span class='ocrx_word' id='word_1_84' title='bbox 257 1081 298 1144; x_wconf 91' lang='lat' dir='ltr'><strong>ad</strong></span> <span class='ocrx_word' id='word_1_85' title='bbox 323 1081 418 1165; x_wconf 86' lang='lat' dir='ltr'><strong>signa</strong></span> <span class='ocrx_word' id='word_1_86' title='bbox 433 1077 589 1159; x_wconf 68' lang='lat' dir='ltr'><strong>reuocare,</strong></span> <span class='ocrx_word' id='word_1_87' title='bbox 609 1085 632 1148; x_wconf 79' lang='lat' dir='ltr'><strong>da</strong></span> <span class='ocrx_word' id='word_1_88' title='bbox 655 1083 782 1167; x_wconf 89' lang='lat' dir='ltr'><strong>proprio</strong></span> <span class='ocrx_word' id='word_1_89' title='bbox 795 1082 923 1146; x_wconf 89' lang='lat' dir='ltr'><strong>formali</strong></span> <span class='ocrx_word' id='word_1_90' title='bbox 935 1105 991 1146; x_wconf 92' lang='lat' dir='ltr'><strong>suo</strong></span> <span class='ocrx_word' id='word_1_91' title='bbox 1005 1081 1147 1164; x_wconf 86' lang='lat' dir='ltr'><strong>subjecto</strong></span> <span class='ocrx_word' id='word_1_92' title='bbox 1161 1102 1197 1144; x_wconf 87' lang='lat' dir='ltr'><strong>ac</strong></span> <span class='ocrx_word' id='word_1_93' title='bbox 1212 1079 1356 1164; x_wconf 87' lang='lat' dir='ltr'><strong>proximo</strong></span> <span class='ocrx_word' id='word_1_94' title='bbox 1369 1079 1431 1142; x_wconf 86' lang='lat' dir='ltr'><strong>fine</strong></span> <span class='ocrx_word' id='word_1_95' title='bbox 1443 1078 1580 1142; x_wconf 89' lang='lat' dir='ltr'><strong>circum·</strong></span> 
     </span>
     <span class='ocr_line' id='line_1_10' title="bbox 106 1166 1660 1254; baseline -0.001 -21"><span class='ocrx_word' id='word_1_96' title='bbox 106 1170 243 1254; x_wconf 87' lang='lat' dir='ltr'><strong>scriptas</strong></span> <span class='ocrx_word' id='word_1_97' title='bbox 268 1173 290 1234; x_wconf 73' lang='lat' dir='ltr'><strong>a</strong></span> <span class='ocrx_word' id='word_1_98' title='bbox 312 1167 511 1254; x_wconf 79' lang='lat' dir='ltr'><strong>Theologiae</strong></span> <span class='ocrx_word' id='word_1_99' title='bbox 534 1170 713 1236; x_wconf 79' lang='lat' dir='ltr'><strong>latifundiis</strong></span> <span class='ocrx_word' id='word_1_100' title='bbox 737 1171 887 1236; x_wconf 85' lang='lat' dir='ltr'><strong>divellere</strong></span> <span class='ocrx_word' id='word_1_101' title='bbox 899 1193 934 1234; x_wconf 88' lang='lat' dir='ltr'><strong>ac</strong></span> <span class='ocrx_word' id='word_1_102' title='bbox 947 1170 1173 1235; x_wconf 90' lang='lat' dir='ltr'><strong>discriminare.</strong></span> <span class='ocrx_word' id='word_1_103' title='bbox 1188 1167 1278 1243; x_wconf 82' lang='lat' dir='ltr'><strong>Quod</strong></span> <span class='ocrx_word' id='word_1_104' title='bbox 1291 1168 1318 1232; x_wconf 90' lang='lat' dir='ltr'><strong>si</strong></span> <span class='ocrx_word' id='word_1_105' title='bbox 1330 1168 1402 1252; x_wconf 90' lang='lat' dir='ltr'><strong>quis</strong></span> <span class='ocrx_word' id='word_1_106' title='bbox 1415 1166 1583 1232; x_wconf 90' lang='lat' dir='ltr'><strong>cavilletur</strong></span> <span class='ocrx_word' id='word_1_107' title='bbox 1656 1195 1660 1202; x_wconf 91' lang='lat'><strong>·</strong></span> 
     </span>
     <span class='ocr_line' id='line_1_11' title="bbox 104 1252 1577 1433; baseline 0 -23"><span class='ocrx_word' id='word_1_108' title='bbox 104 1252 1577 1433; x_wconf 49' lang='lat' dir='ltr'><strong>ltdlttiftllltttt‘ttttttettttttttatltttdttttltdd</strong></span> 
     </span>
     <span class='ocr_line' id='line_1_12' title="bbox 108 1431 1578 1521; baseline -0.001 -22"><span class='ocrx_word' id='word_1_109' title='bbox 108 1433 326 1521; x_wconf 87' lang='lat' dir='ltr'><strong>Propheticas,</strong></span> <span class='ocrx_word' id='word_1_110' title='bbox 357 1436 547 1515; x_wconf 89' lang='lat' dir='ltr'><strong>Historicas,</strong></span> <span class='ocrx_word' id='word_1_111' title='bbox 580 1437 750 1517; x_wconf 86' lang='lat' dir='ltr'><strong>Practicaa,</strong></span> <span class='ocrx_word' id='word_1_112' title='bbox 779 1437 981 1516; x_wconf 83' lang='lat' dir='ltr'><strong>Casuisticas,</strong></span> <span class='ocrx_word' id='word_1_113' title='bbox 1008 1435 1183 1501; x_wconf 77' lang='lat' dir='ltr'><strong>Naturales</strong></span> <span class='ocrx_word' id='word_1_114' title='bbox 1211 1435 1388 1500; x_wconf 89' lang='lat' dir='ltr'><strong>ediderunt.</strong></span> <span class='ocrx_word' id='word_1_115' title='bbox 1416 1431 1501 1499; x_wconf 89' lang='lat' dir='ltr'><strong>Nolo</strong></span> <span class='ocrx_word' id='word_1_116' title='bbox 1525 1434 1578 1499; x_wconf 92' lang='lat' dir='ltr'><strong>hic</strong></span> 
     </span>
     <span class='ocr_line' id='line_1_13' title="bbox 107 1520 1577 1610; baseline -0.001 -21"><span class='ocrx_word' id='word_1_117' title='bbox 107 1525 259 1590; x_wconf 83' lang='lat' dir='ltr'><strong>adducere</strong></span> <span class='ocrx_word' id='word_1_118' title='bbox 283 1529 441 1596; x_wconf 87' lang='lat' dir='ltr'><strong>tractatus</strong></span> <span class='ocrx_word' id='word_1_119' title='bbox 464 1525 486 1590; x_wconf 92' lang='lat' dir='ltr'>J</span> <span class='ocrx_word' id='word_1_120' title='bbox 488 1527 608 1590; x_wconf 91' lang='lat' dir='ltr'><strong>esuitae</strong></span> <span class='ocrx_word' id='word_1_121' title='bbox 631 1525 747 1591; x_wconf 84' lang='lat' dir='ltr'><strong>Sandei</strong></span> <span class='ocrx_word' id='word_1_122' title='bbox 766 1527 804 1591; x_wconf 91' lang='lat' dir='ltr'><strong>de</strong></span> <span class='ocrx_word' id='word_1_123' title='bbox 817 1525 995 1610; x_wconf 74' lang='lat' dir='ltr'><strong>Theologid</strong></span> <span class='ocrx_word' id='word_1_124' title='bbox 1006 1525 1104 1605; x_wconf 73' lang='lat' dir='ltr'><strong>rand,</strong></span> <span class='ocrx_word' id='word_1_125' title='bbox 1122 1525 1160 1589; x_wconf 91' lang='lat' dir='ltr'><strong>de</strong></span> <span class='ocrx_word' id='word_1_126' title='bbox 1172 1523 1365 1609; x_wconf 59' lang='lat' dir='ltr'><strong>Symbolioct,</strong></span> <span class='ocrx_word' id='word_1_127' title='bbox 1378 1523 1415 1587; x_wconf 92' lang='lat' dir='ltr'><strong>de</strong></span> <span class='ocrx_word' id='word_1_128' title='bbox 1429 1520 1577 1608; x_wconf 73' lang='lat' dir='ltr'><strong>Mystica,</strong></span> 
     </span>
     <span class='ocr_line' id='line_1_14' title="bbox 105 1611 1578 1694; baseline -0.001 -18"><span class='ocrx_word' id='word_1_129' title='bbox 105 1613 142 1676; x_wconf 89' lang='lat' dir='ltr'><strong>de</strong></span> <span class='ocrx_word' id='word_1_130' title='bbox 163 1613 324 1694; x_wconf 75' lang='lat' dir='ltr'><strong>duridica,</strong></span> <span class='ocrx_word' id='word_1_131' title='bbox 347 1615 386 1679; x_wconf 90' lang='lat' dir='ltr'><strong>de</strong></span> <span class='ocrx_word' id='word_1_132' title='bbox 410 1613 551 1679; x_wconf 75' lang='lat' dir='ltr'><strong>Medica:</strong></span> <span class='ocrx_word' id='word_1_133' title='bbox 575 1638 632 1680; x_wconf 89' lang='lat' dir='ltr'><strong>nec</strong></span> <span class='ocrx_word' id='word_1_134' title='bbox 656 1617 793 1680; x_wconf 83' lang='lat' dir='ltr'><strong>aliorum</strong></span> <span class='ocrx_word' id='word_1_135' title='bbox 816 1615 1052 1680; x_wconf 89' lang='lat' dir='ltr'><strong>distinctionem</strong></span> <span class='ocrx_word' id='word_1_136' title='bbox 1067 1614 1101 1678; x_wconf 91' lang='lat' dir='ltr'><strong>in</strong></span> <span class='ocrx_word' id='word_1_137' title='bbox 1114 1611 1578 1679; x_wconf 79' lang='lat' dir='ltr'><strong>PositivamtaScholasticam.</strong></span> 
     </span>
     <span class='ocr_line' id='line_1_15' title="bbox 106 1695 1582 1789; baseline -0.002 -22"><span class='ocrx_word' id='word_1_138' title='bbox 106 1699 188 1777; x_wconf 84' lang='lat' dir='ltr'><strong>Qiros</strong></span> <span class='ocrx_word' id='word_1_139' title='bbox 210 1695 325 1767; x_wconf 76' lang='lat' dir='ltr'><strong>tamen</strong></span> <span class='ocrx_word' id='word_1_140' title='bbox 349 1725 413 1768; x_wconf 92' lang='lat' dir='ltr'><strong>non</strong></span> <span class='ocrx_word' id='word_1_141' title='bbox 437 1702 576 1769; x_wconf 77' lang='lat' dir='ltr'><strong>arbitror</strong></span> <span class='ocrx_word' id='word_1_142' title='bbox 599 1727 635 1770; x_wconf 92' lang='lat' dir='ltr'><strong>eo</strong></span> <span class='ocrx_word' id='word_1_143' title='bbox 658 1706 728 1789; x_wconf 90' lang='lat' dir='ltr'><strong>ipso</strong></span> <span class='ocrx_word' id='word_1_144' title='bbox 748 1704 916 1769; x_wconf 80' lang='lat' dir='ltr'><strong>dissentire</strong></span> <span class='ocrx_word' id='word_1_145' title='bbox 941 1704 1021 1768; x_wconf 89' lang='lat' dir='ltr'><strong>velle</strong></span> <span class='ocrx_word' id='word_1_146' title='bbox 1038 1708 1057 1768; x_wconf 77' lang='lat' dir='ltr'><strong>a</strong></span> <span class='ocrx_word' id='word_1_147' title='bbox 1072 1701 1438 1770; x_wconf 80' lang='lat' dir='ltr'><strong>Thomaetcommunis</strong></span> <span class='ocrx_word' id='word_1_148' title='bbox 1451 1700 1582 1782; x_wconf 75' lang='lat' dir='ltr'><strong>scholae</strong></span> 
     </span>
     <span class='ocr_line' id='line_1_16' title="bbox 107 1787 1579 1879; baseline -0.001 -24"><span class='ocrx_word' id='word_1_149' title='bbox 107 1793 264 1856; x_wconf 60' lang='lat' dir='ltr'><strong>renuntia</strong></span> <span class='ocrx_word' id='word_1_150' title='bbox 288 1793 327 1857; x_wconf 90' lang='lat' dir='ltr'><strong>de</strong></span> <span class='ocrx_word' id='word_1_151' title='bbox 350 1793 476 1857; x_wconf 87' lang='lat' dir='ltr'><strong>unitate</strong></span> <span class='ocrx_word' id='word_1_152' title='bbox 499 1793 649 1858; x_wconf 89' lang='lat' dir='ltr'><strong>scientiae</strong></span> <span class='ocrx_word' id='word_1_153' title='bbox 674 1792 887 1879; x_wconf 82' lang='lat' dir='ltr'><strong>Theologicae</strong></span> <span class='ocrx_word' id='word_1_154' title='bbox 911 1793 970 1858; x_wconf 88' lang='lat' dir='ltr'><strong>snb</strong></span> <span class='ocrx_word' id='word_1_155' title='bbox 995 1814 1057 1858; x_wconf 92' lang='lat' dir='ltr'><strong>uno</strong></span> <span class='ocrx_word' id='word_1_156' title='bbox 1074 1793 1215 1876; x_wconf 87' lang='lat' dir='ltr'><strong>subjecto</strong></span> <span class='ocrx_word' id='word_1_157' title='bbox 1227 1789 1365 1855; x_wconf 73' lang='lat' dir='ltr'><strong>formali.</strong></span> <span class='ocrx_word' id='word_1_158' title='bbox 1379 1787 1442 1856; x_wconf 83' lang='lat' dir='ltr'><strong>Sed</strong></span> <span class='ocrx_word' id='word_1_159' title='bbox 1455 1811 1518 1854; x_wconf 94' lang='lat' dir='ltr'><strong>non</strong></span> <span class='ocrx_word' id='word_1_160' title='bbox 1530 1793 1579 1854; x_wconf 90' lang='lat' dir='ltr'><strong>est</strong></span> 
     </span>
     <span class='ocr_line' id='line_1_17' title="bbox 106 1877 1576 1967; baseline 0.001 -25"><span class='ocrx_word' id='word_1_161' title='bbox 106 1881 385 1964; x_wconf 88' lang='lat' dir='ltr'><strong>operaepretium</strong></span> <span class='ocrx_word' id='word_1_162' title='bbox 411 1881 462 1946; x_wconf 90' lang='lat' dir='ltr'><strong>his</strong></span> <span class='ocrx_word' id='word_1_163' title='bbox 489 1882 662 1948; x_wconf 88' lang='lat' dir='ltr'><strong>immorari.</strong></span> <span class='ocrx_word' id='word_1_164' title='bbox 687 1882 827 1967; x_wconf 84' lang='lat' dir='ltr'><strong>Quisque</strong></span> <span class='ocrx_word' id='word_1_165' title='bbox 852 1882 979 1946; x_wconf 88' lang='lat' dir='ltr'><strong>fruatur</strong></span> <span class='ocrx_word' id='word_1_166' title='bbox 1002 1881 1121 1966; x_wconf 89' lang='lat' dir='ltr'><strong>judicio</strong></span> <span class='ocrx_word' id='word_1_167' title='bbox 1145 1902 1213 1944; x_wconf 86' lang='lat' dir='ltr'><strong>suo.</strong></span> <span class='ocrx_word' id='word_1_168' title='bbox 1237 1877 1407 1944; x_wconf 91' lang='lat' dir='ltr'><strong>Wilhelmi</strong></span> <span class='ocrx_word' id='word_1_169' title='bbox 1431 1877 1576 1962; x_wconf 87' lang='lat' dir='ltr'><strong>Zepperi,</strong></span> 
     </span>
     <span class='ocr_line' id='line_1_18' title="bbox 108 1967 1578 2056; baseline -0.001 -24"><span class='ocrx_word' id='word_1_170' title='bbox 108 1969 306 2054; x_wconf 82' lang='lat' dir='ltr'><strong>aliorumque</strong></span> <span class='ocrx_word' id='word_1_171' title='bbox 319 1970 495 2055; x_wconf 87' lang='lat' dir='ltr'><strong>peculiares</strong></span> <span class='ocrx_word' id='word_1_172' title='bbox 508 1974 664 2036; x_wconf 88' lang='lat' dir='ltr'><strong>tractatus</strong></span> <span class='ocrx_word' id='word_1_173' title='bbox 679 1973 716 2036; x_wconf 92' lang='lat' dir='ltr'><strong>de</strong></span> <span class='ocrx_word' id='word_1_174' title='bbox 732 1975 801 2036; x_wconf 91' lang='lat' dir='ltr'><strong>toto</strong></span> <span class='ocrx_word' id='word_1_175' title='bbox 813 1971 979 2056; x_wconf 82' lang='lat' dir='ltr'><strong>regimine,</strong></span> <span class='ocrx_word' id='word_1_176' title='bbox 989 1973 1143 2055; x_wconf 84' lang='lat' dir='ltr'><strong>autperte</strong></span> <span class='ocrx_word' id='word_1_177' title='bbox 1157 1969 1234 2053; x_wconf 89' lang='lat' dir='ltr'><strong>ejus,</strong></span> <span class='ocrx_word' id='word_1_178' title='bbox 1247 1967 1425 2034; x_wconf 75' lang='lat' dir='ltr'><strong>instituti&amp;</strong></span> <span class='ocrx_word' id='word_1_179' title='bbox 1436 1967 1578 2056; x_wconf 84' lang='lat' dir='ltr'><strong>methodi</strong></span> 
     </span>
     <span class='ocr_line' id='line_1_19' title="bbox 108 2056 1578 2144; baseline -0.001 -23"><span class='ocrx_word' id='word_1_180' title='bbox 108 2061 234 2122; x_wconf 81' lang='lat' dir='ltr'><strong>nostrae</strong></span> <span class='ocrx_word' id='word_1_181' title='bbox 248 2060 429 2144; x_wconf 85' lang='lat' dir='ltr'><strong>apologiam</strong></span> <span class='ocrx_word' id='word_1_182' title='bbox 440 2060 563 2124; x_wconf 89' lang='lat' dir='ltr'><strong>affatim</strong></span> <span class='ocrx_word' id='word_1_183' title='bbox 572 2061 789 2144; x_wconf 86' lang='lat' dir='ltr'><strong>praestabunt.</strong></span> <span class='ocrx_word' id='word_1_184' title='bbox 806 2059 921 2125; x_wconf 82' lang='lat' dir='ltr'><strong>Confer</strong></span> <span class='ocrx_word' id='word_1_185' title='bbox 935 2061 1134 2125; x_wconf 81' lang='lat' dir='ltr'><strong>Problemata</strong></span> <span class='ocrx_word' id='word_1_186' title='bbox 1149 2071 1258 2122; x_wconf 77' lang='grc'><strong>99999</strong></span> <span class='ocrx_word' id='word_1_187' title='bbox 1270 2058 1307 2122; x_wconf 84' lang='lat' dir='ltr'><strong>dc</strong></span> <span class='ocrx_word' id='word_1_188' title='bbox 1325 2056 1538 2141; x_wconf 64' lang='lat' dir='ltr'><strong>Therapna-</strong></span> <span class='ocrx_word' id='word_1_189' title='bbox 1547 2057 1578 2120; x_wconf 89' lang='lat'><strong>3.</strong></span> 
     </span>
     <span class='ocr_line' id='line_1_20' title="bbox 112 2143 1577 2234; baseline -0.001 -24"><span class='ocrx_word' id='word_1_190' title='bbox 112 2149 194 2211; x_wconf 77' lang='lat' dir='ltr'><strong>Pare.</strong></span> <span class='ocrx_word' id='word_1_191' title='bbox 219 2149 317 2212; x_wconf 73' lang='lat' dir='ltr'><strong>auci.</strong></span> <span class='ocrx_word' id='word_1_192' title='bbox 343 2151 457 2232; x_wconf 79' lang='lat' dir='ltr'><strong>Diapp.</strong></span> <span class='ocrx_word' id='word_1_193' title='bbox 486 2152 529 2214; x_wconf 75' lang='lat' dir='ltr'><strong>ut.</strong></span> <span class='ocrx_word' id='word_1_194' title='bbox 547 2149 584 2214; x_wconf 83' lang='lat' dir='ltr'><strong>dc</strong></span> <span class='ocrx_word' id='word_1_195' title='bbox 600 2150 762 2234; x_wconf 78' lang='lat' dir='ltr'><strong>Theolapid</strong></span> <span class='ocrx_word' id='word_1_196' title='bbox 778 2151 926 2234; x_wconf 79' lang='lat' dir='ltr'><strong>practica.</strong></span> <span class='ocrx_word' id='word_1_197' title='bbox 942 2187 981 2196; x_wconf 87' lang='lat'><strong>-</strong></span> <span class='ocrx_word' id='word_1_198' title='bbox 995 2147 1054 2213; x_wconf 89' lang='lat' dir='ltr'><strong>IV.</strong></span> <span class='ocrx_word' id='word_1_199' title='bbox 1069 2149 1192 2230; x_wconf 72' lang='lat' dir='ltr'><strong>Quaerat.</strong></span> <span class='ocrx_word' id='word_1_200' title='bbox 1206 2146 1259 2210; x_wconf 82' lang='lat' dir='ltr'><strong>An</strong></span> <span class='ocrx_word' id='word_1_201' title='bbox 1271 2145 1399 2211; x_wconf 87' lang='lat' dir='ltr'><strong>differat</strong></span> <span class='ocrx_word' id='word_1_202' title='bbox 1410 2148 1429 2210; x_wconf 79' lang='lat' dir='ltr'><strong>a</strong></span> <span class='ocrx_word' id='word_1_203' title='bbox 1441 2143 1577 2208; x_wconf 88' lang='lat' dir='ltr'><strong>Politica</strong></span> 
     </span>
     <span class='ocr_line' id='line_1_21' title="bbox 13 2227 1578 2322; baseline -0.001 -24"><span class='ocrx_word' id='word_1_204' title='bbox 13 2227 16 2244; x_wconf 85' lang='lat'>&#39;</span> <span class='ocrx_word' id='word_1_205' title='bbox 109 2233 335 2319; x_wconf 79' lang='lat' dir='ltr'><strong>Philosophiae</strong></span> <span class='ocrx_word' id='word_1_206' title='bbox 345 2261 402 2302; x_wconf 88' lang='lat' dir='ltr'><strong>seu</strong></span> <span class='ocrx_word' id='word_1_207' title='bbox 414 2238 578 2316; x_wconf 86' lang='lat' dir='ltr'><strong>saeculari,</strong></span> <span class='ocrx_word' id='word_1_208' title='bbox 591 2241 614 2304; x_wconf 82' lang='lat' dir='ltr'><strong>u</strong></span> <span class='ocrx_word' id='word_1_209' title='bbox 627 2241 646 2302; x_wconf 78' lang='lat' dir='ltr'><strong>a</strong></span> <span class='ocrx_word' id='word_1_210' title='bbox 660 2238 681 2304; x_wconf 88' lang='lat' dir='ltr'><strong>J</strong></span> <span class='ocrx_word' id='word_1_211' title='bbox 683 2237 936 2322; x_wconf 89' lang='lat' dir='ltr'><strong>urisprudentia:</strong></span> <span class='ocrx_word' id='word_1_212' title='bbox 950 2242 1077 2302; x_wconf 77' lang='lat' dir='ltr'><strong>ansero</strong></span> <span class='ocrx_word' id='word_1_213' title='bbox 1090 2237 1180 2322; x_wconf 84' lang='lat' dir='ltr'><strong>[pag.</strong></span> <span class='ocrx_word' id='word_1_214' title='bbox 1195 2235 1231 2320; x_wconf 85' lang='lat'><strong>3]</strong></span> <span class='ocrx_word' id='word_1_215' title='bbox 1242 2235 1427 2300; x_wconf 86' lang='lat' dir='ltr'><strong>alterutrius</strong></span> <span class='ocrx_word' id='word_1_216' title='bbox 1439 2255 1513 2317; x_wconf 90' lang='lat' dir='ltr'><strong>pars</strong></span> <span class='ocrx_word' id='word_1_217' title='bbox 1525 2233 1578 2297; x_wconf 87' lang='lat' dir='ltr'><strong>sit.</strong></span> 
     </span>
     <span class='ocr_line' id='line_1_22' title="bbox 111 2321 1655 2412; baseline -0.003 -23"><span class='ocrx_word' id='word_1_218' title='bbox 111 2325 196 2409; x_wconf 73' lang='lat' dir='ltr'><strong>dap.</strong></span> <span class='ocrx_word' id='word_1_219' title='bbox 211 2327 275 2412; x_wconf 75' lang='lat' dir='ltr'><strong>Aff.</strong></span> <span class='ocrx_word' id='word_1_220' title='bbox 288 2347 340 2408; x_wconf 84' lang='lat' dir='ltr'><strong>pr.</strong></span> <span class='ocrx_word' id='word_1_221' title='bbox 352 2327 383 2391; x_wconf 82' lang='lat' dir='ltr'><strong>u</strong></span> <span class='ocrx_word' id='word_1_222' title='bbox 397 2327 469 2411; x_wconf 74' lang='lat' dir='ltr'><strong>Nep.</strong></span> <span class='ocrx_word' id='word_1_223' title='bbox 480 2339 593 2411; x_wconf 81' lang='lat' dir='ltr'><strong>poster.</strong></span> <span class='ocrx_word' id='word_1_224' title='bbox 617 2326 708 2402; x_wconf 79' lang='lat' dir='ltr'><strong>Quod</strong></span> <span class='ocrx_word' id='word_1_225' title='bbox 720 2328 747 2391; x_wconf 91' lang='lat' dir='ltr'><strong>si</strong></span> <span class='ocrx_word' id='word_1_226' title='bbox 759 2327 808 2392; x_wconf 88' lang='grc'><strong>991</strong></span> <span class='ocrx_word' id='word_1_227' title='bbox 822 2327 855 2390; x_wconf 85' lang='grc'><strong>19</strong></span> <span class='ocrx_word' id='word_1_228' title='bbox 868 2325 1004 2390; x_wconf 75' lang='lat' dir='ltr'><strong>Politicat</strong></span> <span class='ocrx_word' id='word_1_229' title='bbox 1015 2325 1038 2390; x_wconf 75' lang='lat' dir='ltr'><strong>dc</strong></span> <span class='ocrx_word' id='word_1_230' title='bbox 1049 2325 1071 2390; x_wconf 92' lang='lat' dir='ltr'>J</span> <span class='ocrx_word' id='word_1_231' title='bbox 1073 2324 1309 2410; x_wconf 79' lang='lat' dir='ltr'><strong>urisprudentisi</strong></span> <span class='ocrx_word' id='word_1_232' title='bbox 1320 2321 1578 2388; x_wconf 84' lang='lat' dir='ltr'><strong>Ecclesiasticam</strong></span> <span class='ocrx_word' id='word_1_233' title='bbox 1644 2345 1655 2362; x_wconf 91' lang='lat'><strong>·</strong></span> 
     </span>
     <span class='ocr_line' id='line_1_23' title="bbox 69 2414 1577 2500; baseline -0.001 -24"><span class='ocrx_word' id='word_1_234' title='bbox 69 2429 79 2450; x_wconf 87' lang='lat'><strong>·</strong></span> <span class='ocrx_word' id='word_1_235' title='bbox 109 2418 162 2476; x_wconf 88' lang='lat' dir='ltr'><strong>ant</strong></span> <span class='ocrx_word' id='word_1_236' title='bbox 183 2418 314 2498; x_wconf 87' lang='lat' dir='ltr'><strong>partem</strong></span> <span class='ocrx_word' id='word_1_237' title='bbox 336 2416 403 2499; x_wconf 89' lang='lat' dir='ltr'><strong>ejus</strong></span> <span class='ocrx_word' id='word_1_238' title='bbox 427 2419 565 2480; x_wconf 87' lang='lat' dir='ltr'><strong>tractare</strong></span> <span class='ocrx_word' id='word_1_239' title='bbox 592 2416 717 2495; x_wconf 90' lang='lat' dir='ltr'><strong>liberet,</strong></span> <span class='ocrx_word' id='word_1_240' title='bbox 741 2415 773 2480; x_wconf 92' lang='lat' dir='ltr'><strong>id</strong></span> <span class='ocrx_word' id='word_1_241' title='bbox 796 2417 888 2480; x_wconf 91' lang='lat' dir='ltr'><strong>fieret</strong></span> <span class='ocrx_word' id='word_1_242' title='bbox 910 2438 967 2500; x_wconf 89' lang='lat' dir='ltr'><strong>per</strong></span> <span class='ocrx_word' id='word_1_243' title='bbox 982 2414 1222 2500; x_wconf 85' lang='lat' dir='ltr'><strong>digressionem,</strong></span> <span class='ocrx_word' id='word_1_244' title='bbox 1235 2417 1291 2477; x_wconf 88' lang='lat' dir='ltr'><strong>aut</strong></span> <span class='ocrx_word' id='word_1_245' title='bbox 1303 2414 1577 2490; x_wconf 85' lang='lat' dir='ltr'><strong>commentarium,</strong></span> 
     </span>
     <span class='ocr_line' id='line_1_24' title="bbox 110 2501 1578 2591; baseline 0.001 -27"><span class='ocrx_word' id='word_1_246' title='bbox 110 2507 163 2565; x_wconf 84' lang='lat' dir='ltr'><strong>aut</strong></span> <span class='ocrx_word' id='word_1_247' title='bbox 188 2525 248 2586; x_wconf 90' lang='lat' dir='ltr'><strong>per</strong></span> <span class='ocrx_word' id='word_1_248' title='bbox 271 2503 400 2568; x_wconf 89' lang='lat' dir='ltr'><strong>modum</strong></span> <span class='ocrx_word' id='word_1_249' title='bbox 423 2504 538 2588; x_wconf 89' lang='lat' dir='ltr'><strong>objecti</strong></span> <span class='ocrx_word' id='word_1_250' title='bbox 562 2504 864 2591; x_wconf 85' lang='lat' dir='ltr'><strong>praecognoscendi:</strong></span> <span class='ocrx_word' id='word_1_251' title='bbox 890 2505 966 2588; x_wconf 92' lang='lat' dir='ltr'><strong>quia</strong></span> <span class='ocrx_word' id='word_1_252' title='bbox 988 2508 1129 2588; x_wconf 89' lang='lat' dir='ltr'><strong>potestas</strong></span> <span class='ocrx_word' id='word_1_253' title='bbox 1152 2501 1288 2580; x_wconf 79' lang='lat' dir='ltr'><strong>Politica</strong></span> <span class='ocrx_word' id='word_1_254' title='bbox 1312 2501 1410 2566; x_wconf 86' lang='lat' dir='ltr'><strong>etiarn</strong></span> <span class='ocrx_word' id='word_1_255' title='bbox 1433 2503 1578 2566; x_wconf 77' lang='lat' dir='ltr'><strong>versatur</strong></span> 
     </span>
     <span class='ocr_line' id='line_1_25' title="bbox 109 2585 1577 2677; baseline -0.002 -22"><span class='ocrx_word' id='word_1_256' title='bbox 109 2591 189 2655; x_wconf 89' lang='lat' dir='ltr'><strong>circa</strong></span> <span class='ocrx_word' id='word_1_257' title='bbox 202 2613 264 2669; x_wconf 86' lang='lat' dir='ltr'><strong>res,</strong></span> <span class='ocrx_word' id='word_1_258' title='bbox 278 2615 439 2675; x_wconf 75' lang='lat' dir='ltr'><strong>personas,</strong></span> <span class='ocrx_word' id='word_1_259' title='bbox 452 2595 591 2658; x_wconf 89' lang='lat' dir='ltr'><strong>actiones</strong></span> <span class='ocrx_word' id='word_1_260' title='bbox 600 2593 849 2672; x_wconf 66' lang='lat' dir='ltr'><strong>Ecclesiasticus</strong></span> <span class='ocrx_word' id='word_1_261' title='bbox 863 2585 918 2658; x_wconf 91' lang='lat' dir='ltr'><strong>s&#39;ed</strong></span> <span class='ocrx_word' id='word_1_262' title='bbox 926 2593 1021 2677; x_wconf 78' lang='lat' dir='ltr'><strong>longe</strong></span> <span class='ocrx_word' id='word_1_263' title='bbox 1033 2592 1098 2656; x_wconf 76' lang='lat' dir='ltr'><strong>alia</strong></span> <span class='ocrx_word' id='word_1_264' title='bbox 1110 2592 1244 2670; x_wconf 90' lang='lat' dir='ltr'><strong>ratione,</strong></span> <span class='ocrx_word' id='word_1_265' title='bbox 1253 2612 1290 2655; x_wconf 91' lang='lat' dir='ltr'><strong>ac</strong></span> <span class='ocrx_word' id='word_1_266' title='bbox 1298 2590 1356 2656; x_wconf 92' lang='lat' dir='ltr'><strong>sub</strong></span> <span class='ocrx_word' id='word_1_267' title='bbox 1366 2589 1429 2654; x_wconf 90' lang='lat' dir='ltr'><strong>alio</strong></span> <span class='ocrx_word' id='word_1_268' title='bbox 1438 2588 1577 2668; x_wconf 88' lang='lat' dir='ltr'><strong>formali,</strong></span> 
     </span>
     <span class='ocr_line' id='line_1_26' title="bbox 109 2679 1577 2765; baseline -0.002 -21"><span class='ocrx_word' id='word_1_269' title='bbox 109 2699 203 2764; x_wconf 86' lang='lat' dir='ltr'><strong>quarn</strong></span> <span class='ocrx_word' id='word_1_270' title='bbox 220 2683 362 2764; x_wconf 85' lang='lat' dir='ltr'><strong>potestas</strong></span> <span class='ocrx_word' id='word_1_271' title='bbox 373 2681 614 2748; x_wconf 83' lang='lat' dir='ltr'><strong>Ecclesiastica:</strong></span> <span class='ocrx_word' id='word_1_272' title='bbox 628 2683 676 2747; x_wconf 92' lang='lat' dir='ltr'><strong>uti</strong></span> <span class='ocrx_word' id='word_1_273' title='bbox 691 2705 749 2748; x_wconf 91' lang='lat' dir='ltr'><strong>suo</strong></span> <span class='ocrx_word' id='word_1_274' title='bbox 760 2683 829 2747; x_wconf 92' lang='lat' dir='ltr'><strong>loco</strong></span> <span class='ocrx_word' id='word_1_275' title='bbox 841 2683 901 2747; x_wconf 93' lang='lat' dir='ltr'><strong>hoc</strong></span> <span class='ocrx_word' id='word_1_276' title='bbox 913 2681 1134 2765; x_wconf 84' lang='lat' dir='ltr'><strong>explicabitur.</strong></span> <span class='ocrx_word' id='word_1_277' title='bbox 1149 2679 1224 2745; x_wconf 89' lang='lat' dir='ltr'><strong>Non</strong></span> <span class='ocrx_word' id='word_1_278' title='bbox 1236 2683 1311 2760; x_wconf 82' lang='lat' dir='ltr'><strong>sunt</strong></span> <span class='ocrx_word' id='word_1_279' title='bbox 1322 2701 1399 2764; x_wconf 85' lang='lat' dir='ltr'><strong>ergo</strong></span> <span class='ocrx_word' id='word_1_280' title='bbox 1411 2679 1542 2763; x_wconf 81' lang='lat' dir='ltr'><strong>regulae</strong></span> <span class='ocrx_word' id='word_1_281' title='bbox 1554 2680 1577 2744; x_wconf 76' lang='lat' dir='ltr'><strong>h</strong></span> 
     </span>
     <span class='ocr_line' id='line_1_27' title="bbox 109 2766 1572 2855; baseline -0.003 -21"><span class='ocrx_word' id='word_1_282' title='bbox 109 2775 277 2853; x_wconf 84' lang='lat' dir='ltr'><strong>praecepta</strong></span> <span class='ocrx_word' id='word_1_283' title='bbox 299 2769 465 2854; x_wconf 81' lang='lat' dir='ltr'><strong>regiminis</strong></span> <span class='ocrx_word' id='word_1_284' title='bbox 477 2771 695 2836; x_wconf 80' lang='lat' dir='ltr'><strong>Ecclesiastici</strong></span> <span class='ocrx_word' id='word_1_285' title='bbox 706 2772 739 2835; x_wconf 91' lang='lat' dir='ltr'><strong>in</strong></span> <span class='ocrx_word' id='word_1_286' title='bbox 751 2770 772 2836; x_wconf 88' lang='lat' dir='ltr'><strong>J</strong></span> <span class='ocrx_word' id='word_1_287' title='bbox 774 2771 1021 2855; x_wconf 75' lang='lat' dir='ltr'><strong>nrisprudentia,</strong></span> <span class='ocrx_word' id='word_1_288' title='bbox 1035 2769 1135 2835; x_wconf 92' lang='lat' dir='ltr'><strong>autin</strong></span> <span class='ocrx_word' id='word_1_289' title='bbox 1148 2769 1316 2853; x_wconf 75' lang='lat' dir='ltr'><strong>disciplina</strong></span> <span class='ocrx_word' id='word_1_290' title='bbox 1329 2766 1464 2833; x_wconf 76' lang='lat' dir='ltr'><strong>Politica</strong></span> <span class='ocrx_word' id='word_1_291' title='bbox 1477 2770 1572 2827; x_wconf 75' lang='grc' dir='ltr'><strong>οἰκεῖα.</strong></span> 
     </span>
     <span class='ocr_line' id='line_1_28' title="bbox 130 2856 1576 2945; baseline 0.003 -25"><span class='ocrx_word' id='word_1_292' title='bbox 130 2857 136 2866; x_wconf 88' lang='grc'><em>“</em></span> <span class='ocrx_word' id='word_1_293' title='bbox 152 2859 183 2920; x_wconf 82' lang='grc'><strong>2.</strong></span> <span class='ocrx_word' id='word_1_294' title='bbox 211 2858 264 2922; x_wconf 85' lang='lat' dir='ltr'><strong>Ad</strong></span> <span class='ocrx_word' id='word_1_295' title='bbox 280 2859 453 2941; x_wconf 88' lang='lat' dir='ltr'><strong>pleniorem</strong></span> <span class='ocrx_word' id='word_1_296' title='bbox 462 2859 612 2924; x_wconf 89' lang='lat' dir='ltr'><strong>Politicae</strong></span> <span class='ocrx_word' id='word_1_297' title='bbox 619 2859 861 2926; x_wconf 83' lang='lat' dir='ltr'><strong>Ecclesiasticae</strong></span> <span class='ocrx_word' id='word_1_298' title='bbox 868 2859 1127 2945; x_wconf 84' lang='lat' dir='ltr'><strong>intelligentiam,</strong></span> <span class='ocrx_word' id='word_1_299' title='bbox 1137 2881 1250 2923; x_wconf 88' lang='lat' dir='ltr'><strong>causae</strong></span> <span class='ocrx_word' id='word_1_300' title='bbox 1260 2859 1327 2942; x_wconf 88' lang='lat' dir='ltr'><strong>ejus</strong></span> <span class='ocrx_word' id='word_1_301' title='bbox 1336 2856 1510 2921; x_wconf 88' lang='lat' dir='ltr'><strong>efficientes</strong></span> <span class='ocrx_word' id='word_1_302' title='bbox 1518 2877 1576 2924; x_wconf 83' lang='lat' dir='ltr'><strong>nc·</strong></span> 
     </span>
     <span class='ocr_line' id='line_1_29' title="bbox 111 2941 1576 3036; baseline -0.002 -26"><span class='ocrx_word' id='word_1_303' title='bbox 111 2946 233 3011; x_wconf 65' lang='lat' dir='ltr'><strong>madae.</strong></span> <span class='ocrx_word' id='word_1_304' title='bbox 258 2947 402 3036; x_wconf 82' lang='lat' dir='ltr'><strong>Efficiena</strong></span> <span class='ocrx_word' id='word_1_305' title='bbox 428 2950 613 3033; x_wconf 77' lang='lat' dir='ltr'><strong>principalis</strong></span> <span class='ocrx_word' id='word_1_306' title='bbox 638 2954 684 3014; x_wconf 88' lang='lat' dir='ltr'><strong>est</strong></span> <span class='ocrx_word' id='word_1_307' title='bbox 713 2949 762 3014; x_wconf 88' lang='lat' dir='ltr'><strong>vel</strong></span> <span class='ocrx_word' id='word_1_308' title='bbox 775 2949 879 3033; x_wconf 89' lang='lat' dir='ltr'><strong>prima</strong></span> <span class='ocrx_word' id='word_1_309' title='bbox 894 2949 944 3013; x_wconf 85' lang='lat' dir='ltr'><strong>vel</strong></span> <span class='ocrx_word' id='word_1_310' title='bbox 961 2948 1107 3014; x_wconf 88' lang='lat' dir='ltr'><strong>secunda.</strong></span> <span class='ocrx_word' id='word_1_311' title='bbox 1132 2949 1244 3013; x_wconf 84' lang='lat' dir='ltr'><strong>Prima</strong></span> <span class='ocrx_word' id='word_1_312' title='bbox 1256 2951 1305 3012; x_wconf 88' lang='lat' dir='ltr'><strong>est</strong></span> <span class='ocrx_word' id='word_1_313' title='bbox 1320 2945 1426 3030; x_wconf 83' lang='lat' dir='ltr'><strong>gratia</strong></span> <span class='ocrx_word' id='word_1_314' title='bbox 1438 2941 1576 3028; x_wconf 88' lang='lat' dir='ltr'><strong>Spiritu</strong></span> 
     </span>
     <span class='ocr_line' id='line_1_30' title="bbox 111 3033 1575 3123; baseline -0.001 -25"><span class='ocrx_word' id='word_1_315' title='bbox 111 3033 227 3113; x_wconf 84' lang='lat' dir='ltr'><strong>Sancti,</strong></span> <span class='ocrx_word' id='word_1_316' title='bbox 252 3035 319 3100; x_wconf 83' lang='lat' dir='ltr'><strong>sire</strong></span> <span class='ocrx_word' id='word_1_317' title='bbox 342 3038 549 3117; x_wconf 85' lang='lat' dir='ltr'><strong>communior,</strong></span> <span class='ocrx_word' id='word_1_318' title='bbox 577 3039 643 3104; x_wconf 89' lang='lat' dir='ltr'><strong>sive</strong></span> <span class='ocrx_word' id='word_1_319' title='bbox 656 3038 812 3123; x_wconf 87' lang='lat' dir='ltr'><strong>specialis,</strong></span> <span class='ocrx_word' id='word_1_320' title='bbox 826 3061 907 3122; x_wconf 90' lang='lat' dir='ltr'><strong>quae</strong></span> <span class='ocrx_word' id='word_1_321' title='bbox 920 3039 1091 3114; x_wconf 79' lang='lat' dir='ltr'><strong>electorum</strong></span> <span class='ocrx_word' id='word_1_322' title='bbox 1112 3036 1364 3122; x_wconf 81' lang='lat' dir='ltr'><strong>&amp;regenitornm</strong></span> <span class='ocrx_word' id='word_1_323' title='bbox 1376 3034 1504 3118; x_wconf 91' lang='lat' dir='ltr'><strong>propria</strong></span> <span class='ocrx_word' id='word_1_324' title='bbox 1517 3035 1575 3112; x_wconf 87' lang='lat' dir='ltr'><strong>est,</strong></span> 
     </span>
     <span class='ocr_line' id='line_1_31' title="bbox 112 3121 1575 3208; baseline -0.001 -22"><span class='ocrx_word' id='word_1_325' title='bbox 112 3127 205 3208; x_wconf 84' lang='lat' dir='ltr'><strong>atque</strong></span> <span class='ocrx_word' id='word_1_326' title='bbox 230 3123 436 3190; x_wconf 78' lang='lat' dir='ltr'><strong>infallibilem</strong></span> <span class='ocrx_word' id='word_1_327' title='bbox 459 3149 530 3190; x_wconf 89' lang='lat' dir='ltr'><strong>cum</strong></span> <span class='ocrx_word' id='word_1_328' title='bbox 554 3128 657 3193; x_wconf 88' lang='lat' dir='ltr'><strong>salute</strong></span> <span class='ocrx_word' id='word_1_329' title='bbox 681 3127 907 3192; x_wconf 82' lang='lat' dir='ltr'><strong>connexionem</strong></span> <span class='ocrx_word' id='word_1_330' title='bbox 930 3127 1038 3191; x_wconf 88' lang='lat' dir='ltr'><strong>habet.</strong></span> <span class='ocrx_word' id='word_1_331' title='bbox 1063 3127 1205 3192; x_wconf 69' lang='grc'><strong>89999919</strong></span> <span class='ocrx_word' id='word_1_332' title='bbox 1231 3129 1280 3190; x_wconf 90' lang='lat' dir='ltr'><strong>est</strong></span> <span class='ocrx_word' id='word_1_333' title='bbox 1292 3123 1389 3189; x_wconf 88' lang='lat' dir='ltr'><strong>Sacra</strong></span> <span class='ocrx_word' id='word_1_334' title='bbox 1401 3121 1575 3206; x_wconf 79' lang='lat' dir='ltr'><strong>Scriptura,</strong></span> 
     </span>
     <span class='ocr_line' id='line_1_32' title="bbox 111 3211 1575 3300; baseline -0.001 -22"><span class='ocrx_word' id='word_1_335' title='bbox 111 3235 189 3296; x_wconf 88' lang='lat' dir='ltr'><strong>quae</strong></span> <span class='ocrx_word' id='word_1_336' title='bbox 214 3217 249 3277; x_wconf 87' lang='lat' dir='ltr'><strong>ut</strong></span> <span class='ocrx_word' id='word_1_337' title='bbox 257 3213 359 3278; x_wconf 90' lang='lat' dir='ltr'><strong>omnis</strong></span> <span class='ocrx_word' id='word_1_338' title='bbox 372 3214 523 3280; x_wconf 90' lang='lat' dir='ltr'><strong>scientiae</strong></span> <span class='ocrx_word' id='word_1_339' title='bbox 536 3239 653 3296; x_wconf 87' lang='lat' dir='ltr'><strong>sacrae,</strong></span> <span class='ocrx_word' id='word_1_340' title='bbox 666 3217 712 3280; x_wconf 89' lang='lat' dir='ltr'><strong>ita</strong></span> <span class='ocrx_word' id='word_1_341' title='bbox 725 3215 997 3282; x_wconf 77' lang='lat' dir='ltr'><strong>&amp;Ecclesiasticae</strong></span> <span class='ocrx_word' id='word_1_342' title='bbox 1007 3215 1198 3300; x_wconf 91' lang='lat' dir='ltr'><strong>principium</strong></span> <span class='ocrx_word' id='word_1_343' title='bbox 1207 3217 1359 3280; x_wconf 80' lang='lat' dir='ltr'><strong>&amp;norma</strong></span> <span class='ocrx_word' id='word_1_344' title='bbox 1372 3211 1575 3295; x_wconf 80' lang='lat' dir='ltr'><strong>Micuspria·</strong></span> 
     </span>
    </p>
   </div>
   <div class='ocr_carea' id='block_1_7' title="bbox 18 3297 1702 3388">
    <p class='ocr_par' dir='ltr' id='par_1_7' title="bbox 18 3297 1702 3388">
     <span class='ocr_line' id='line_1_33' title="bbox 18 3297 1702 3388; baseline -0.007 -16"><span class='ocrx_word' id='word_1_345' title='bbox 18 3355 27 3372; x_wconf 87' lang='lat'><strong>.</strong></span> <span class='ocrx_word' id='word_1_346' title='bbox 111 3303 217 3384; x_wconf 69' lang='lat' dir='ltr'><strong>apulia</strong></span> <span class='ocrx_word' id='word_1_347' title='bbox 228 3325 286 3367; x_wconf 88' lang='lat' dir='ltr'><strong>seu</strong></span> <span class='ocrx_word' id='word_1_348' title='bbox 297 3297 451 3386; x_wconf 76' lang='lat' dir='ltr'><strong>adjuvans</strong></span> <span class='ocrx_word' id='word_1_349' title='bbox 463 3305 750 3370; x_wconf 79' lang='lat' dir='ltr'><strong>&amp;instrumentalis</strong></span> <span class='ocrx_word' id='word_1_350' title='bbox 763 3309 812 3370; x_wconf 90' lang='lat' dir='ltr'><strong>est</strong></span> <span class='ocrx_word' id='word_1_351' title='bbox 822 3305 950 3388; x_wconf 84' lang='lat' dir='ltr'><strong>triplex.</strong></span> <span class='ocrx_word' id='word_1_352' title='bbox 976 3306 1005 3369; x_wconf 93' lang='grc'><strong>1.</strong></span> <span class='ocrx_word' id='word_1_353' title='bbox 1018 3306 1155 3383; x_wconf 81' lang='lat' dir='ltr'><strong>Remota,</strong></span> <span class='ocrx_word' id='word_1_354' title='bbox 1168 3302 1333 3388; x_wconf 81' lang='lat' dir='ltr'><strong>ingenium</strong></span> <span class='ocrx_word' id='word_1_355' title='bbox 1345 3300 1529 3386; x_wconf 86' lang='lat' dir='ltr'><strong>practicam.</strong></span> <span class='ocrx_word' id='word_1_356' title='bbox 1544 3301 1575 3363; x_wconf 87' lang='grc'><strong>2.</strong></span> <span class='ocrx_word' id='word_1_357' title='bbox 1691 3333 1702 3348; x_wconf 86' lang='grc'><em>·</em></span> 
     </span>
    </p>
   </div>
   <div class='ocr_carea' id='block_1_8' title="bbox 110 3388 1611 4540">
    <p class='ocr_par' dir='ltr' id='par_1_8' title="bbox 110 3388 1611 4522">
     <span class='ocr_line' id='line_1_34' title="bbox 113 3388 1575 3478; baseline -0.001 -23"><span class='ocrx_word' id='word_1_358' title='bbox 113 3391 304 3476; x_wconf 75' lang='lat' dir='ltr'><strong>Propinqua,</strong></span> <span class='ocrx_word' id='word_1_359' title='bbox 327 3391 552 3457; x_wconf 84' lang='lat' dir='ltr'><strong>instructiones</strong></span> <span class='ocrx_word' id='word_1_360' title='bbox 576 3393 978 3470; x_wconf 82' lang='lat' dir='ltr'><strong>Politice-Ecclesiasticae‚</strong></span> <span class='ocrx_word' id='word_1_361' title='bbox 1003 3392 1296 3478; x_wconf 75' lang='lat' dir='ltr'><strong>aPraeceptoribns</strong></span> <span class='ocrx_word' id='word_1_362' title='bbox 1307 3395 1378 3455; x_wconf 90' lang='lat' dir='ltr'><strong>tum</strong></span> <span class='ocrx_word' id='word_1_363' title='bbox 1389 3388 1575 3454; x_wconf 88' lang='lat' dir='ltr'><strong>sonantibus</strong></span> 
     </span>
     <span class='ocr_line' id='line_1_35' title="bbox 111 3477 1575 3566; baseline 0.002 -23"><span class='ocrx_word' id='word_1_364' title='bbox 111 3483 177 3543; x_wconf 86' lang='lat' dir='ltr'><strong>turn</strong></span> <span class='ocrx_word' id='word_1_365' title='bbox 199 3479 298 3544; x_wconf 89' lang='lat' dir='ltr'><strong>mutis</strong></span> <span class='ocrx_word' id='word_1_366' title='bbox 322 3479 524 3546; x_wconf 88' lang='lat' dir='ltr'><strong>hauriendae.</strong></span> <span class='ocrx_word' id='word_1_367' title='bbox 553 3484 583 3547; x_wconf 86' lang='lat'><strong>3.</strong></span> <span class='ocrx_word' id='word_1_368' title='bbox 610 3485 772 3562; x_wconf 74' lang='lat' dir='ltr'><strong>Proxima,</strong></span> <span class='ocrx_word' id='word_1_369' title='bbox 786 3482 871 3548; x_wconf 90' lang='lat' dir='ltr'><strong>Usus</strong></span> <span class='ocrx_word' id='word_1_370' title='bbox 888 3482 1127 3548; x_wconf 77' lang='lat' dir='ltr'><strong>&amp;exercitatioz</strong></span> <span class='ocrx_word' id='word_1_371' title='bbox 1141 3504 1223 3566; x_wconf 90' lang='lat' dir='ltr'><strong>quae</strong></span> <span class='ocrx_word' id='word_1_372' title='bbox 1238 3480 1356 3565; x_wconf 89' lang='lat' dir='ltr'><strong>partim</strong></span> <span class='ocrx_word' id='word_1_373' title='bbox 1372 3479 1406 3543; x_wconf 91' lang='lat' dir='ltr'><strong>in</strong></span> <span class='ocrx_word' id='word_1_374' title='bbox 1418 3477 1575 3546; x_wconf 77' lang='lat' dir='ltr'><strong>intuitu&amp;</strong></span> 
     </span>
     <span class='ocr_line' id='line_1_36' title="bbox 111 3566 1574 3656; baseline -0.001 -24"><span class='ocrx_word' id='word_1_375' title='bbox 111 3567 327 3634; x_wconf 82' lang='lat' dir='ltr'><strong>observatione</strong></span> <span class='ocrx_word' id='word_1_376' title='bbox 350 3569 516 3653; x_wconf 81' lang='lat' dir='ltr'><strong>regiminis</strong></span> <span class='ocrx_word' id='word_1_377' title='bbox 539 3571 573 3635; x_wconf 93' lang='lat' dir='ltr'><strong>in</strong></span> <span class='ocrx_word' id='word_1_378' title='bbox 594 3571 745 3636; x_wconf 83' lang='lat' dir='ltr'><strong>Ecclesiis</strong></span> <span class='ocrx_word' id='word_1_379' title='bbox 764 3572 883 3656; x_wconf 73' lang='lat' dir='ltr'><strong>optime</strong></span> <span class='ocrx_word' id='word_1_380' title='bbox 896 3571 1087 3650; x_wconf 85' lang='lat' dir='ltr'><strong>constitutis,</strong></span> <span class='ocrx_word' id='word_1_381' title='bbox 1100 3569 1217 3655; x_wconf 89' lang='lat' dir='ltr'><strong>partim</strong></span> <span class='ocrx_word' id='word_1_382' title='bbox 1230 3571 1264 3634; x_wconf 92' lang='lat' dir='ltr'><strong>in</strong></span> <span class='ocrx_word' id='word_1_383' title='bbox 1275 3567 1404 3654; x_wconf 75' lang='lat' dir='ltr'><strong>propria</strong></span> <span class='ocrx_word' id='word_1_384' title='bbox 1415 3566 1506 3651; x_wconf 89' lang='lat' dir='ltr'><strong>praxi</strong></span> <span class='ocrx_word' id='word_1_385' title='bbox 1518 3590 1574 3631; x_wconf 89' lang='lat' dir='ltr'><strong>seu</strong></span> 
     </span>
     <span class='ocr_line' id='line_1_37' title="bbox 110 3655 1575 3745; baseline -0.004 -25"><span class='ocrx_word' id='word_1_386' title='bbox 110 3655 306 3742; x_wconf 75' lang='lat' dir='ltr'><strong>pragmatica</strong></span> <span class='ocrx_word' id='word_1_387' title='bbox 328 3656 552 3724; x_wconf 73' lang='lat' dir='ltr'><strong>Ecclesiasticd</strong></span> <span class='ocrx_word' id='word_1_388' title='bbox 564 3660 718 3726; x_wconf 89' lang='lat' dir='ltr'><strong>consistit.</strong></span> <span class='ocrx_word' id='word_1_389' title='bbox 742 3659 804 3726; x_wconf 80' lang='lat' dir='ltr'><strong>Sed</strong></span> <span class='ocrx_word' id='word_1_390' title='bbox 816 3660 1057 3745; x_wconf 89' lang='lat' dir='ltr'><strong>quaestionibus</strong></span> <span class='ocrx_word' id='word_1_391' title='bbox 1074 3661 1196 3745; x_wconf 89' lang='lat' dir='ltr'><strong>aliquot</strong></span> <span class='ocrx_word' id='word_1_392' title='bbox 1212 3657 1383 3744; x_wconf 81' lang='lat' dir='ltr'><strong>propositis</strong></span> <span class='ocrx_word' id='word_1_393' title='bbox 1396 3659 1575 3729; x_wconf 74' lang='grc' dir='ltr'><em>αἰτιολογίκν</em></span> 
     </span>
     <span class='ocr_line' id='line_1_38' title="bbox 112 3743 1573 3832; baseline -0.002 -23"><span class='ocrx_word' id='word_1_394' title='bbox 112 3743 189 3810; x_wconf 88' lang='lat' dir='ltr'><strong>hanc</strong></span> <span class='ocrx_word' id='word_1_395' title='bbox 212 3745 342 3810; x_wconf 89' lang='lat' dir='ltr'><strong>uberius</strong></span> <span class='ocrx_word' id='word_1_396' title='bbox 365 3746 571 3812; x_wconf 89' lang='lat' dir='ltr'><strong>illustremus.</strong></span> <span class='ocrx_word' id='word_1_397' title='bbox 587 3788 626 3796; x_wconf 96' lang='lat'>—</span> <span class='ocrx_word' id='word_1_398' title='bbox 643 3751 672 3813; x_wconf 91' lang='lat'><strong>1.</strong></span> <span class='ocrx_word' id='word_1_399' title='bbox 688 3751 811 3831; x_wconf 83' lang='lat' dir='ltr'><strong>Quacct.</strong></span> <span class='ocrx_word' id='word_1_400' title='bbox 833 3749 884 3814; x_wconf 83' lang='lat' dir='ltr'><strong>An</strong></span> <span class='ocrx_word' id='word_1_401' title='bbox 898 3751 1006 3814; x_wconf 90' lang='lat' dir='ltr'><strong>lumen</strong></span> <span class='ocrx_word' id='word_1_402' title='bbox 1017 3753 1151 3815; x_wconf 88' lang='lat' dir='ltr'><strong>naturae</strong></span> <span class='ocrx_word' id='word_1_403' title='bbox 1164 3749 1206 3812; x_wconf 91' lang='lat' dir='ltr'><strong>sit</strong></span> <span class='ocrx_word' id='word_1_404' title='bbox 1217 3747 1406 3832; x_wconf 90' lang='lat' dir='ltr'><strong>principium</strong></span> <span class='ocrx_word' id='word_1_405' title='bbox 1421 3743 1573 3809; x_wconf 88' lang='lat' dir='ltr'><strong>secunda-</strong></span> 
     </span>
     <span class='ocr_line' id='line_1_39' title="bbox 129 3832 1573 3922; baseline -0.001 -24"><span class='ocrx_word' id='word_1_406' title='bbox 129 3835 135 3840; x_wconf 82' lang='lat'>&#39;</span> <span class='ocrx_word' id='word_1_407' title='bbox 177 3858 190 3898; x_wconf 85' lang='lat' dir='ltr'><strong>r</strong></span> <span class='ocrx_word' id='word_1_408' title='bbox 205 3833 359 3900; x_wconf 90' lang='lat' dir='ltr'><strong>Politicae</strong></span> <span class='ocrx_word' id='word_1_409' title='bbox 386 3835 644 3902; x_wconf 78' lang='lat' dir='ltr'><strong>Ecclesiasticae:</strong></span> <span class='ocrx_word' id='word_1_410' title='bbox 665 3839 758 3903; x_wconf 89' lang='lat' dir='ltr'><strong>sicuti</strong></span> <span class='ocrx_word' id='word_1_411' title='bbox 771 3842 830 3916; x_wconf 89' lang='lat' dir='ltr'><strong>est,</strong></span> <span class='ocrx_word' id='word_1_412' title='bbox 843 3837 1049 3922; x_wconf 88' lang='lat' dir='ltr'><strong>theosophiae</strong></span> <span class='ocrx_word' id='word_1_413' title='bbox 1062 3841 1085 3905; x_wconf 80' lang='lat' dir='ltr'><strong>du</strong></span> <span class='ocrx_word' id='word_1_414' title='bbox 1098 3837 1291 3922; x_wconf 84' lang='lat' dir='ltr'><strong>aretalogiae</strong></span> <span class='ocrx_word' id='word_1_415' title='bbox 1304 3832 1469 3899; x_wconf 88' lang='lat' dir='ltr'><strong>naturalis.</strong></span> <span class='ocrx_word' id='word_1_416' title='bbox 1483 3833 1573 3916; x_wconf 79' lang='lat' dir='ltr'><strong>Hesp.</strong></span> 
     </span>
     <span class='ocr_line' id='line_1_40' title="bbox 177 3921 1574 4010; baseline -0.002 -23"><span class='ocrx_word' id='word_1_417' title='bbox 177 3922 276 3999; x_wconf 78' lang='lat' dir='ltr'><strong>‚Quia</strong></span> <span class='ocrx_word' id='word_1_418' title='bbox 285 3923 507 3990; x_wconf 87' lang='lat' dir='ltr'><strong>Politicahaec</strong></span> <span class='ocrx_word' id='word_1_419' title='bbox 518 3949 590 3990; x_wconf 88' lang='lat' dir='ltr'><strong>curn</strong></span> <span class='ocrx_word' id='word_1_420' title='bbox 599 3927 720 4010; x_wconf 89' lang='lat' dir='ltr'><strong>objecto</strong></span> <span class='ocrx_word' id='word_1_421' title='bbox 732 3951 799 4005; x_wconf 89' lang='lat' dir='ltr'><strong>suo,</strong></span> <span class='ocrx_word' id='word_1_422' title='bbox 809 3925 950 3991; x_wconf 76' lang='lat' dir='ltr'><strong>Ecclesia</strong></span> <span class='ocrx_word' id='word_1_423' title='bbox 962 3927 1029 3992; x_wconf 90' lang='lat' dir='ltr'><strong>scil.</strong></span> <span class='ocrx_word' id='word_1_424' title='bbox 1041 3927 1190 3992; x_wconf 74' lang='lat' dir='ltr'><strong>instituta</strong></span> <span class='ocrx_word' id='word_1_425' title='bbox 1202 3922 1405 4010; x_wconf 85' lang='lat' dir='ltr'><strong>ejusdemque</strong></span> <span class='ocrx_word' id='word_1_426' title='bbox 1417 3921 1574 4005; x_wconf 81' lang='lat' dir='ltr'><strong>regimine</strong></span> 
     </span>
     <span class='ocr_line' id='line_1_41' title="bbox 185 4009 1572 4099; baseline -0.002 -23"><span class='ocrx_word' id='word_1_427' title='bbox 185 4011 256 4076; x_wconf 73' lang='lat' dir='ltr'><strong>litis</strong></span> <span class='ocrx_word' id='word_1_428' title='bbox 267 4013 407 4077; x_wconf 88' lang='lat' dir='ltr'><strong>refertur</strong></span> <span class='ocrx_word' id='word_1_429' title='bbox 418 4015 458 4078; x_wconf 89' lang='lat' dir='ltr'><strong>ad</strong></span> <span class='ocrx_word' id='word_1_430' title='bbox 468 4015 590 4079; x_wconf 92' lang='lat' dir='ltr'><strong>cultum</strong></span> <span class='ocrx_word' id='word_1_431' title='bbox 601 4014 663 4080; x_wconf 89' lang='lat' dir='ltr'><strong>Dei</strong></span> <span class='ocrx_word' id='word_1_432' title='bbox 675 4014 868 4090; x_wconf 90' lang='lat' dir='ltr'><strong>institutum.</strong></span> <span class='ocrx_word' id='word_1_433' title='bbox 882 4015 983 4099; x_wconf 88' lang='lat' dir='ltr'><strong>Atqui</strong></span> <span class='ocrx_word' id='word_1_434' title='bbox 995 4016 1050 4080; x_wconf 93' lang='lat' dir='ltr'><strong>ille</strong></span> <span class='ocrx_word' id='word_1_435' title='bbox 1063 4020 1099 4080; x_wconf 92' lang='lat' dir='ltr'><strong>ut</strong></span> <span class='ocrx_word' id='word_1_436' title='bbox 1111 4015 1284 4080; x_wconf 88' lang='lat' dir='ltr'><strong>secundum</strong></span> <span class='ocrx_word' id='word_1_437' title='bbox 1296 4013 1433 4077; x_wconf 91' lang='lat' dir='ltr'><strong>liberum</strong></span> <span class='ocrx_word' id='word_1_438' title='bbox 1445 4009 1506 4075; x_wconf 91' lang='lat' dir='ltr'><strong>Dei</strong></span> <span class='ocrx_word' id='word_1_439' title='bbox 1519 4010 1572 4073; x_wconf 89' lang='lat' dir='ltr'><strong>de-</strong></span> 
     </span>
     <span class='ocr_line' id='line_1_42' title="bbox 165 4099 1572 4188; baseline -0.002 -23"><span class='ocrx_word' id='word_1_440' title='bbox 165 4123 229 4166; x_wconf 63' lang='lat' dir='ltr'><strong>um</strong></span> <span class='ocrx_word' id='word_1_441' title='bbox 252 4105 271 4165; x_wconf 78' lang='lat' dir='ltr'><strong>a</strong></span> <span class='ocrx_word' id='word_1_442' title='bbox 294 4099 362 4166; x_wconf 90' lang='lat' dir='ltr'><strong>Dec</strong></span> <span class='ocrx_word' id='word_1_443' title='bbox 387 4101 600 4187; x_wconf 88' lang='lat' dir='ltr'><strong>praescriptus</strong></span> <span class='ocrx_word' id='word_1_444' title='bbox 625 4109 682 4182; x_wconf 89' lang='lat' dir='ltr'><strong>est,</strong></span> <span class='ocrx_word' id='word_1_445' title='bbox 706 4127 769 4169; x_wconf 89' lang='lat' dir='ltr'><strong>non</strong></span> <span class='ocrx_word' id='word_1_446' title='bbox 781 4105 843 4169; x_wconf 91' lang='lat' dir='ltr'><strong>nisi</strong></span> <span class='ocrx_word' id='word_1_447' title='bbox 859 4105 1095 4188; x_wconf 88' lang='lat' dir='ltr'><strong>supernaturali</strong></span> <span class='ocrx_word' id='word_1_448' title='bbox 1107 4105 1168 4169; x_wconf 92' lang='lat' dir='ltr'><strong>Dei</strong></span> <span class='ocrx_word' id='word_1_449' title='bbox 1180 4103 1372 4175; x_wconf 84' lang='lat' dir='ltr'><strong>revelatione</strong></span> <span class='ocrx_word' id='word_1_450' title='bbox 1385 4099 1572 4164; x_wconf 82' lang='lat' dir='ltr'><strong>innotescit:</strong></span> 
     </span>
     <span class='ocr_line' id='line_1_43' title="bbox 173 4187 1573 4278; baseline -0.001 -25"><span class='ocrx_word' id='word_1_451' title='bbox 173 4193 335 4273; x_wconf 70' lang='lat' dir='ltr'><strong>requenter</strong></span> <span class='ocrx_word' id='word_1_452' title='bbox 361 4191 482 4256; x_wconf 88' lang='lat' dir='ltr'><strong>lumine</strong></span> <span class='ocrx_word' id='word_1_453' title='bbox 504 4193 644 4276; x_wconf 76' lang='lat' dir='ltr'><strong>naturali</strong></span> <span class='ocrx_word' id='word_1_454' title='bbox 657 4194 844 4278; x_wconf 78' lang='lat' dir='ltr'><strong>investigari</strong></span> <span class='ocrx_word' id='word_1_455' title='bbox 856 4217 892 4259; x_wconf 92' lang='lat' dir='ltr'><strong>ac</strong></span> <span class='ocrx_word' id='word_1_456' title='bbox 904 4195 1049 4278; x_wconf 85' lang='lat' dir='ltr'><strong>cognosci</strong></span> <span class='ocrx_word' id='word_1_457' title='bbox 1061 4194 1183 4277; x_wconf 82' lang='lat' dir='ltr'><strong>nequit,</strong></span> <span class='ocrx_word' id='word_1_458' title='bbox 1199 4194 1254 4258; x_wconf 87' lang='lat' dir='ltr'><strong>sed</strong></span> <span class='ocrx_word' id='word_1_459' title='bbox 1265 4215 1301 4256; x_wconf 86' lang='lat' dir='ltr'><strong>ex</strong></span> <span class='ocrx_word' id='word_1_460' title='bbox 1313 4192 1382 4255; x_wconf 78' lang='lat' dir='ltr'><strong>solet</strong></span> <span class='ocrx_word' id='word_1_461' title='bbox 1398 4187 1573 4272; x_wconf 76' lang='lat' dir='ltr'><strong>Scriptura.</strong></span> 
     </span>
     <span class='ocr_line' id='line_1_44' title="bbox 188 4277 1611 4367; baseline 0 -26"><span class='ocrx_word' id='word_1_462' title='bbox 188 4281 296 4344; x_wconf 89' lang='lat' dir='ltr'><strong>tamen</strong></span> <span class='ocrx_word' id='word_1_463' title='bbox 324 4301 413 4345; x_wconf 89' lang='lat' dir='ltr'><strong>mens</strong></span> <span class='ocrx_word' id='word_1_464' title='bbox 439 4285 548 4346; x_wconf 88' lang='lat' dir='ltr'><strong>nostra</strong></span> <span class='ocrx_word' id='word_1_465' title='bbox 559 4283 582 4348; x_wconf 74' lang='lat' dir='ltr'><strong>t</strong></span> <span class='ocrx_word' id='word_1_466' title='bbox 595 4283 681 4347; x_wconf 85' lang='lat' dir='ltr'><strong>r&#39;ecta</strong></span> <span class='ocrx_word' id='word_1_467' title='bbox 693 4283 773 4347; x_wconf 89' lang='lat' dir='ltr'><strong>ratio</strong></span> <span class='ocrx_word' id='word_1_468' title='bbox 786 4282 963 4367; x_wconf 88' lang='lat' dir='ltr'><strong>subjectum</strong></span> <span class='ocrx_word' id='word_1_469' title='bbox 977 4285 1072 4367; x_wconf 90' lang='lat' dir='ltr'><strong>atque</strong></span> <span class='ocrx_word' id='word_1_470' title='bbox 1084 4285 1333 4348; x_wconf 89' lang='lat' dir='ltr'><strong>instrumentum</strong></span> <span class='ocrx_word' id='word_1_471' title='bbox 1345 4278 1534 4363; x_wconf 90' lang='lat' dir='ltr'><strong>receptionis</strong></span> <span class='ocrx_word' id='word_1_472' title='bbox 1550 4277 1573 4342; x_wconf 78' lang='lat' dir='ltr'><strong>dr</strong></span> <span class='ocrx_word' id='word_1_473' title='bbox 1603 4301 1611 4316; x_wconf 77' lang='lat'><strong>¹</strong></span> 
     </span>
     <span class='ocr_line' id='line_1_45' title="bbox 177 4366 1573 4522; baseline -0.002 -90"><span class='ocrx_word' id='word_1_474' title='bbox 177 4366 338 4434; x_wconf 68' lang='lat' dir='ltr'><strong>licationis</strong></span> <span class='ocrx_word' id='word_1_475' title='bbox 376 4370 629 4454; x_wconf 87' lang='lat' dir='ltr'><strong>propositionum</strong></span> <span class='ocrx_word' id='word_1_476' title='bbox 660 4373 683 4438; x_wconf 79' lang='lat' dir='ltr'><strong>dc</strong></span> <span class='ocrx_word' id='word_1_477' title='bbox 713 4372 1020 4456; x_wconf 87' lang='lat' dir='ltr'><strong>consequentiarum,</strong></span> <span class='ocrx_word' id='word_1_478' title='bbox 1053 4395 1135 4458; x_wconf 92' lang='lat' dir='ltr'><strong>quae</strong></span> <span class='ocrx_word' id='word_1_479' title='bbox 1155 4371 1189 4437; x_wconf 92' lang='lat' dir='ltr'><strong>in</strong></span> <span class='ocrx_word' id='word_1_480' title='bbox 1209 4371 1329 4436; x_wconf 74' lang='lat' dir='ltr'><strong>Politia</strong></span> <span class='ocrx_word' id='word_1_481' title='bbox 1344 4366 1573 4522; x_wconf 56' lang='lat' dir='ltr'><strong>Ecclesiqistica</strong></span> 
     </span>
    </p>

    <p class='ocr_par' dir='ltr' id='par_1_9' title="bbox 1415 4477 1573 4540">
     <span class='ocr_line' id='line_1_46' title="bbox 1415 4477 1573 4540; baseline 0.025 -24"><span class='ocrx_word' id='word_1_482' title='bbox 1415 4503 1421 4516; x_wconf 94' lang='lat'><strong>.</strong></span> <span class='ocrx_word' id='word_1_483' title='bbox 1488 4477 1573 4540; x_wconf 85' lang='lat' dir='ltr'><strong>spo·</strong></span> 
     </span>
    </p>
   </div>
   <div class='ocr_carea' id='block_1_9' title="bbox 0 0 1891 4842">
    <p class='ocr_par' dir='ltr' id='par_1_10' title="bbox 0 0 1891 4842">
     <span class='ocr_line' id='line_1_47' title="bbox 0 0 1891 4842; baseline 0 0"><span class='ocrx_word' id='word_1_484' title='bbox 0 0 1891 4842; x_wconf 95' lang='lat' dir='ltr'><strong> </strong></span> 
     </span>
    </p>
   </div>
  </div>
 </body>
</html>
