3766 4866
294 289 358 359 334
524 376 528 382 Α
682 289 841 363 Pomrrcrn
858 289 1106 361 Eccnesmsrrcrn
1130 287 1210 360 Pras
1222 291 1248 360 l.
1272 287 1338 362 Lis.
1352 287 1393 362 ll.

293 478 539 566 Rempublicam
552 505 634 548 auno
649 482 745 548 1581.
758 481 879 548 fuerint
896 480 1068 568 prohibita,
1083 480 1171 547 varia
1186 481 1312 548 decreta
1327 487 1437 548 contra
1453 472 1493 547 ea
1503 481 1630 547 condita
1642 481 1667 547 b
1681 503 1763 548 exe-

295 571 415 635 cutioni
427 571 589 653 mandata,
603 573 836 656 eorundemque
852 571 944 656 vigor
955 573 978 638 b
991 571 1131 636 executio
1143 571 1181 636 de
1195 593 1275 637 novo
1287 573 1418 656 paribus
1431 571 1671 636 provinciarum
1687 571 1763 637 suf·

293 658 407 744 fragiis
429 660 464 724 in
487 663 640 746 panegyri
662 659 955 746 flagae-comitant
970 682 1054 726 anno
1067 660 1163 723 1551.
1176 661 1330 727 stabilita.
1355 660 1443 738 Quae
1456 660 1562 726 omnia
1577 661 1606 724 si
1614 660 1763 744 judicant

294 749 317 814 dr
330 748 490 813 disserunt
505 750 646 814 indebite
660 753 770 815 contra
782 753 875 834 pacta
887 749 1065 815 solennia&
1078 749 1172 812 iidem
1185 749 1292 814 datam
1305 754 1386 829 acta,
1399 752 1423 816 a
1434 750 1479 815 sic
1491 749 1694 814 conscientiis
1707 751 1762 816 de-

293 836 395 902 bitam
408 837 590 904 libertatem
600 838 892 924 (qnamtlibertate
901 837 1053 918 exercitii,
1064 836 1268 902 conformiter
1276 838 1455 904 sententiae
1464 839 1762 904 Remonstrantium

294 926 494 1011 aliorumque
517 928 735 1007 sectariorum,
760 927 915 1013 distingui
937 930 994 992 aut
1013 925 1123 990 divelli
1144 927 1268 1006 nolunt)
1291 928 1447 992 violenter
1461 926 1660 992 subtractam
1676 950 1760 994 esse:
1832 967 1836 978 ·

294 1015 516 1094 concluderent
539 1015 691 1098 Fiscales,
715 1017 872 1083 actionem
896 1015 1093 1080 criminalem
1106 1018 1124 1079 a
1136 1037 1169 1080 se
1185 1016 1299 1090 merito
1311 1020 1422 1081 contra
1432 1015 1514 1081 tales
1525 1016 1663 1096 institui,
1675 1019 1761 1101 qnod

294 1103 447 1170 indirecte
470 1107 494 1171 a
518 1128 576 1190 per
599 1107 857 1191 consequentiam
881 1105 925 1169 sic
948 1104 1145 1168 dissertando
1161 1104 1368 1170 autoritatem
1379 1105 1499 1190 publici
1516 1104 1693 1189 regiminis,
1706 1105 1759 1171 Ill.

293 1191 364 1257 DD.
391 1191 498 1274 Ordd,
525 1194 674 1276 iudicium
698 1194 896 1279 superiorum
920 1192 1153 1273 &interiorum
1166 1193 1296 1273 violent,
1309 1195 1487 1268 traducant,
1502 1195 1525 1260 b
1540 1194 1662 1278 pariter
1675 1196 1760 1280 apud
1825 1193 1828 1198 ’

294 1281 437 1348 subditos
457 1287 554 1368 atque
574 1288 752 1363 extraneos,
764 1287 834 1347 tum
846 1282 1036 1362 foederatos,
1050 1285 1119 1346 tum
1131 1281 1311 1362 benevolos,
1324 1286 1392 1348 turn
1405 1283 1515 1348 hostes
1526 1283 1759 1367 indignissimis

295 1371 396 1436 modis
418 1373 624 1455 prostituant.
648 1371 702 1437 An
724 1393 787 1437 non
809 1370 1036 1454 responderent
1058 1370 1279 1436 dissertatores
1299 1371 1358 1450 illi,
1371 1371 1450 1437 sein
1465 1371 1569 1436 libera
1582 1369 1759 1456 Republica

294 1459 491 1526 solummodo
504 1461 578 1526 dats
591 1461 754 1526 occasione
766 1460 864 1524 animi
881 1460 931 1524 sui
947 1459 1140 1524 sententiam
1151 1459 1339 1543 simpliciter
1350 1461 1553 1544 depromere;
1566 1483 1758 1546 consequen-

294 1548 356 1614 tias
379 1549 461 1614 tales
482 1572 540 1615 nec
551 1550 701 1626 formare,
714 1571 772 1614 nee
785 1549 964 1628 admittere,
976 1570 1035 1614 nec
1050 1549 1223 1629 intendere,
1238 1571 1295 1614 nec
1310 1549 1391 1614 velle
1404 1550 1444 1614 ab
1457 1547 1529 1614 aliis
1545 1548 1689 1629 formari,
1702 1574 1758 1616 nec
1868 1599 1869 1602 ,

294 1638 392 1702 etiarn
404 1637 510 1704 videre
527 1661 636 1704 earum
652 1637 889 1704 certitudinem:
904 1637 977 1702 dato
990 1659 1023 1701 se
1039 1637 1073 1701 in
1086 1659 1122 1702 eo
1134 1659 1250 1714 errare,
1263 1637 1441 1722 simplicem
1452 1642 1563 1702 tamen
1574 1639 1701 1703 mentis·
1709 1663 1757 1704 er-

295 1748 408 1806 rorem,
422 1728 445 1794 b
461 1749 497 1792 ex
510 1749 615 1792 errore
628 1728 766 1812 speciem
779 1727 921 1811 aliquam
933 1725 1166 1809 imprudentiae
1180 1727 1214 1790 in
1226 1727 1341 1806 verbis,
1354 1749 1418 1792 non
1435 1726 1550 1792 debere
1563 1728 1641 1811 ipsis
1654 1729 1758 1794 traudi

296 1837 381 1893 esse;
394 1817 511 1880 nedum
523 1820 559 1881 ut
574 1816 710 1881 intentio
722 1814 856 1880 Fiscalis
869 1819 926 1880 aut
937 1813 1097 1880 Praetoris
1110 1815 1163 1879 hic
1175 1815 1371 1880 admittenda
1383 1820 1477 1882 esset.
1493 1813 1529 1880 Si
1541 1815 1756 1882 instetFiscs-

294 1903 333 1969 lis
347 1908 403 1970 aut
414 1903 558 1986 Praetor,
571 1905 705 1971 solidam
717 1905 927 1972 &evidentem
936 1926 1003 1968 esse
1012 1904 1094 1969 hanc
1102 1905 1402 1988 consequentiam&
1411 1901 1540 1969 Judices
1551 1903 1757 1988 pronuntient
1868 1925 1869 1942 t

295 2015 363 2058 esse
386 1994 495 2080 talem,
518 1994 541 2060 b
564 2016 598 2058 se
621 1995 668 2059 sic
690 1993 831 2076 accipere
843 2015 879 2057 ac
896 2014 1039 2058 censere:
1053 1991 1135 2056 nihil
1147 1997 1283 2058 restaret
1298 1993 1557 2058 dissertatoribus
1570 1993 1754 2076 Pontificiis,
1868 2015 1869 2020 ’

294 2080 471 2148 Soeinianis
479 2080 798 2161 ‚Remonstrantibua
814 2081 1034 2161 Neutralibus,
1043 2080 1230 2160 libertinis,
1243 2084 1293 2150 lec.
1305 2104 1403 2166 quam
1418 2082 1495 2146 trita
1507 2082 1564 2146 illa
1573 2083 1657 2166 juris
1669 2087 1754 2148 axio-
1773 2105 1774 2108 ’
1804 2075 1808 2084 ’

294 2175 382 2236 rnata
404 2171 620 2257 ingeminare:
650 2172 873 2257 Unusquisque
889 2182 932 2236 est
944 2172 1082 2255 optimus
1095 2170 1260 2237 uerborum
1272 2192 1407 2236 sitorum
1423 2173 1596 2255 interpres:
1613 2173 1654 2237 In
1666 2173 1754 2259 [pag.

109 2335 112 2342 Ι
295 2260 376 2346 901]
389 2260 600 2344 benipnierern
609 2272 733 2345 partein
746 2261 958 2344 interpretatio
969 2260 1115 2346 ludenda
1126 2272 1180 2327 est.
1193 2259 1267 2325 Non
1280 2263 1329 2324 est
1339 2259 1434 2344 hujus
1443 2260 1504 2325 loci
1513 2261 1552 2325 de
1561 2281 1753 2345 consequen·
1868 2333 1869 2336 Ἴ

176 2423 181 2431 ,
294 2348 359 2413 tiae
383 2349 554 2429 soliditate,
577 2349 679 2434 deque
702 2349 825 2415 actione
848 2349 871 2414 dt
895 2349 1071 2413 intentione
1089 2348 1333 2414 Fiscaliumaut
1347 2348 1546 2428 Praetorem,
1560 2349 1753 2434 disquirere:
1868 2353 1869 2378 ³

294 2436 415 2502 sufficit
436 2437 516 2502 mihi
538 2438 756 2522 parabolicum
778 2438 841 2504 hoc
864 2437 1046 2520 exemplum
1068 2439 1108 2502 ad
1126 2438 1350 2502 illustrandam
1361 2439 1602 2522 responsionem
1614 2443 1752 2504 nostram

295 2525 473 2677 addpxisse.
497 2525 586 2592 Infra
605 2527 671 2593 Lib.
691 2528 722 2592 4.
739 2527 778 2596 de
791 2528 983 2595 temnentia
998 2524 1175 2592 derucitii
1185 2527 1336 2594 Libertate
1352 2526 1385 2591 iu
1401 2525 1487 2592 thesi
1499 2525 1522 2592 a
1534 2525 1752 2612 hypothesim

294 2636 353 2699 pro
369 2636 437 2680 esso
449 2615 619 2700 agendum.
1608 2643 1611 2648 ·

308 2781 312 2787 ,
339 2701 397 2769 IV.
412 2703 536 2784 Quaest.
549 2705 598 2772 An
622 2704 777 2791 Macistri,
794 2706 936 2791 rucupi
957 2705 1141 2786 Academici,
1165 2705 1332 2792 Synedria,
1348 2704 1478 2791 Syncdi,
1494 2705 1570 2770 teies
1581 2725 1673 2772 casus
1683 2727 1751 2771 oon-

294 2793 438 2860 scientiae
460 2794 596 2860 madere
616 2795 739 2880 possint
754 2806 809 2860 aut
822 2795 959 2874 debeant,
971 2795 1027 2881 qui
1038 2813 1225 2880 quocunque
1239 2795 1332 2859 niodo
1343 2795 1466 2880 ruperia
1481 2791 1514 2860 d
1527 2815 1642 2860 cartem
1657 2797 1751 2861 cicius
1868 2877 1869 2886 ἵ

294 2902 331 2947 uc
342 2883 514 2949 eminatas
534 2894 668 2969 tunpnnt
678 2908 688 2946 :
699 2895 755 2950 eut
765 2885 875 2960 saltem
887 2883 1108 2969 suspiratibus,
1123 2884 1266 2962 remittis,
1279 2884 1448 2963 musclis,
1460 2883 1662 2969 sycophantia
1667 2885 1748 2972 poli-
1868 2925 1869 2928 =

296 2971 373 3036 tium
384 2983 440 3037 aut
451 2973 602 3056 politicos,
615 2973 678 3038 siue
688 2993 795 3038 omnes
811 2973 874 3038 siue
884 2973 1007 3059 aliquos
1019 2973 1130 3038 directe
1144 2983 1199 3038 aut
1211 2973 1367 3052 indirecte,
1379 2992 1437 3056 per
1449 2974 1746 3056 seautpcrnccidcns

296 3072 421 3145 tanqere
431 3061 588 3140 videntur,
604 3059 813 3128 &dicuntum
823 3063 1008 3146 praesertim
1019 3062 1048 3126 si
1062 3062 1199 3126 unitatis
1211 3061 1384 3128 secundum
1392 3061 1538 3144 pietatem
1550 3061 1611 3127 laic
1622 3063 1657 3128 in
1664 3073 1745 3147 perte

294 3149 431 3214 sirtcerue
441 3150 641 3235 professioni,
653 3151 734 3230 odiu,
746 3151 897 3235 pericula,
915 3151 1091 3216 vexationes
1106 3150 1311 3235 exspectanda
1327 3150 1426 3215 esset?
1438 3151 1530 3234 Hesp.
1544 3149 1744 3236 Distinguen-

296 3237 378 3302 dum'
394 3237 478 3303 inter
500 3261 591 3304 casus
615 3240 815 3319 decisionem,
839 3239 932 3323 eique
948 3261 1105 3304 annexam
1117 3239 1375 3317 admonitionem,
1388 3238 1566 3320 autetiam,
1580 3239 1608 3304 si
1618 3240 1665 3304 ita
1675 3261 1744 3324 opus

296 3326 348 3406 sit,
360 3327 608 3411 subsequentem
619 3329 851 3412 correptionem
863 3331 975 3412 sponte
988 3331 1183 3412 susceptamt
1194 3329 1217 3394 b
1229 3328 1313 3393 inter
1321 3327 1512 3392 decisionem
1520 3327 1562 3392 ab
1569 3328 1641 3394 aliis
1646 3331 1745 3412 postu·

295 3415 405 3480 latam.
429 3413 580 3496 Rursum,
603 3417 687 3482 inter
707 3418 903 3502 postulatam
926 3417 1118 3482 decisionem
1141 3419 1181 3482 ab
1204 3417 1363 3482 extraneis
1387 3420 1477 3481 erma
1501 3418 1742 3482 communionem
1867 3473 1869 3504 ÷

295 3501 458 3569 Ecclesiae
481 3509 609 3570 nostrae
629 3505 825 3572 constitutis:
839 3507 957 3574 &inter
968 3506 1165 3590 postulatam
1182 3505 1392 3571 ‘adomesticis
1405 3505 1490 3570 fidei.
1514 3504 1609 3571 Hanc
1620 3506 1741 3589 denique
1868 3551 1869 3554 ,

295 3591 379 3657 inter
398 3592 594 3677 postulatam
612 3597 631 3658 a
646 3595 791 3679 privatis,
804 3595 924 3662 &inter
937 3596 1132 3678 postulatam
1148 3595 1188 3659 ab
1202 3594 1363 3674 Ecclesiia,
1380 3597 1437 3658 aut
1448 3593 1571 3678 palitiis
1584 3615 1740 3677 earumque
1868 3639 1869 3678 ,

295 3677 484 3748 Rectoribus
506 3682 573 3747 sire
588 3684 744 3768 supremis
760 3684 825 3750 sive
838 3684 1040 3749 subalternis.
1064 3683 1125 3748 His
1137 3683 1319 3768 praemissis
1331 3687 1569 3768 persequentes
1581 3683 1739 3749 conclusio·
1868 3693 1869 3768 ξ

295 3789 352 3834 nes
371 3769 415 3835 sic
434 3771 669 3856 respondemus.
685 3775 700 3836 1
714 3774 809 3839 conel.
822 3773 957 3856 Propter
964 3773 1122 3837 intentata
1130 3777 1187 3837 aut
1198 3772 1399 3837 imminentia
1409 3771 1564 3856 pericula,
1578 3773 1611 3837 in
1621 3771 1738 3858 praeju-

296 3856 413 3924 dicium
424 3860 568 3926 veritatis
584 3863 732 3928 &causae
747 3861 819 3943 Dei,
832 3861 914 3926 nihil
925 3861 1128 3941 consulendo,
1141 3861 1367 3946 respondendo,
1379 3861 1514 3945 agend0,
1528 3859 1737 3946 promittendo,
1781 3897 1788 3912 ·

296 3947 557 4014 committendum
580 3954 638 4015 est.
660 3949 799 4016 Nullum
822 3951 908 4016 enim
928 3951 1049 4015 malum
1072 3955 1121 4016 est
1142 3950 1295 4036 eligibile.
1319 3948 1388 4015 Nec
1409 3953 1485 4014 sunt
1507 3948 1652 4016 facienda
1665 3948 1738 4014 mala

295 4035 414 4118 turpia,
437 4041 474 4102 ut
486 4038 634 4104 eveniant
652 4039 882 4105 bonahonesta
894 4044 951 4104 aut
966 4040 1074 4116 utilia;
1099 4043 1154 4105 aut
1167 4044 1203 4104 ut
1215 4039 1374 4104 evitentur
1389 4039 1476 4103 mala
1487 4039 1555 4103 sire
1567 4037 1737 4124 turpissire
1867 4053 1869 4066 ’

189 4135 193 4144 ’
295 4122 412 4187 tristia.
435 4124 484 4191 Da
507 4126 558 4191 his
580 4128 665 4194 intra
687 4128 779 4196 Part.
799 4129 829 4192 2.
844 4130 981 4196 titulode
1006 4129 1204 4213 &ascesione
1217 4127 1249 4194 a
1262 4129 1415 4216 Martyria
1426 4127 1597 4212 agendum.
1614 4129 1643 4192 2.
1656 4127 1737 4193 ccccl.
1867 4135 1869 4162 ³

296 4207 384 4274 Mala
399 4214 506 4298 turpia
520 4236 747 4302 nonnunquam
758 4218 931 4302 prudenter
942 4219 1137 4295 tolerantur;
1155 4216 1376 4284 &informatio
1387 4216 1600 4283 conscientiae
1612 4214 1737 4296 cum'adff
1867 4213 1869 4296 ἶ

174 4351 176 4356 .
296 4298 481 4382 monitione,
493 4306 699 4387 correptione,
712 4311 844 4371 censura
855 4305 908 4370 hic
920 4307 943 4372 lt
955 4329 1048 4386 nuno,
1061 4307 1176 4386 omitti,
1189 4311 1246 4372 aut
1262 4306 1419 4390 abrumpi,
1432 4304 1505 4370 &ad
1513 4309 1640 4391 tempus
1646 4303 1738 4390 magis
1867 4299 1869 4354 ἶ

296 4395 520 4472 opportunum,
536 4393 680 4458 minusve
692 4395 832 4476 difficile,
845 4395 964 4460 differri
976 4401 1091 4480 potest.
1115 4396 1164 4462 De
1180 4419 1243 4480 quo
1256 4397 1340 4461 infra
1353 4397 1440 4461 Part.
1455 4396 1485 4460 3.
1499 4397 1543 4460 tit.
1561 4397 1599 4462 tle
1612 4393 1740 4463 Claritas
1868 4407 1869 4440 ἐ

1653 4480 1743 4568 tiara
