3766 4866
226 377 228 382 ι
288 284 401 351 Taren.
414 283 473 352 ΙΙΙ.
497 284 545 349 Da
560 283 693 350 Annnnrs
707 281 884 350 Onurusnns
900 285 1191 354 Parnaso-runcinis.
1210 285 1281 350 Car.
1293 283 1353 349 Ill.
1504 282 1568 347 345

104 473 146 540 Ut
168 473 192 539 lu
216 474 354 539 maxime
377 473 577 558 improbandi
589 475 707 540 abusus
720 474 923 560 multiplices,
936 472 1232 538 transformationes
1244 472 1476 557 Episcoporum
1485 470 1566 535 alio-

104 586 234 650 rumque
258 563 462 643 Glericornm,
485 564 519 628 in
534 563 661 629 italicos
677 566 734 628 sut
748 564 878 640 milites,
890 563 1124 646 eorundemque
1136 585 1193 646 per
1204 559 1239 621 ri
1251 562 1332 637 ἄγαν
1344 559 1505 625 saeculare
1516 563 1567 624 ta·
1651 636 1654 640 ¹

105 652 183 717 citae
210 653 303 735 quasi
328 675 365 716 ex
381 653 668 737 episcopationes&
685 653 953 731 exclericationes,
967 652 1021 737 qui
1038 651 1105 716 solo
1117 650 1212 717 titulo
1226 651 1249 716 lt
1262 650 1394 716 annexis
1405 647 1569 714 beneficiis

105 744 177 805 sunt
189 740 350 826 Episcopi,
362 765 396 807 re
409 743 432 807 lu
447 745 542 826 opera
553 741 705 806 mundani
717 743 984 818 πολυπράγμονες
998 741 1108 825 quales
1120 763 1288 806 munerum
1307 738 1507 809 confusiones
1520 737 1568 801 di-

105 831 210 894 vinam
223 830 488 908 maledictionem,
501 830 524 894 tr
535 829 750 896 Ecclesiemm
763 852 799 894 ac
811 828 1131 913 lterumpublicarum
1150 828 1406 912 perturbationes
1419 826 1570 891 attraxis-

103 919 334 984 secredendum
347 924 404 984 est.
420 921 594 986 Gedielmns
607 919 771 1006 Prpnnel.
781 917 814 982 C.
823 917 949 1004 Argius
959 919 1052 985 Libro
1061 919 1213 1004 peculiari
1224 919 1302 983 satis
1314 917 1416 1001 spisso
1429 938 1457 980 a.
1474 914 1569 978 1641.

103 1031 140 1071 ex
158 1007 329 1074 Historieis
349 1008 496 1074 exhibuit
511 1008 622 1073 turbas
637 1031 717 1094 quas
744 1008 1066 1092 Episcopo-satrapae
1089 1007 1123 1070 in
1135 1005 1256 1092 Regnis
1269 1005 1418 1090 Anglim,
1431 1002 1568 1084 Scotino,

102 1095 294 1182 Hybernim,
312 1097 435 1163 Gallim
451 1121 508 1180 per
520 1099 643 1180 aliquot
655 1097 781 1162 saecula
797 1097 919 1161 dedere.
933 1095 1001 1162 Nos
1013 1096 1078 1162 lit.
1093 1097 1123 1160 3.
1140 1097 1269 1180 Desper.
1291 1093 1411 1162 Causae
1424 1092 1569 1176 Papulas

103 1197 168 1250 sect.
197 1187 227 1250 2.
256 1207 323 1272 cap.
338 1188 389 1251 10.
403 1187 552 1252 militiam
566 1189 588 1253 tu
600 1185 721 1251 Milites
734 1185 1057 1252 Romano-clericales
1070 1184 1098 1244 ἐν
1108 1183 1226 1260 παρόδῳ
1239 1182 1494 1268 perstringimus.

146 1273 207 1341 ΙΙΙ.
234 1277 358 1357 Qrmest.
385 1277 455 1358 Qum
483 1277 633 1355 methodo,
661 1275 791 1342 consilia
810 1275 1049 1360 dandalliesp.
1062 1274 1333 1360 Distinguendum
1341 1272 1425 1336 inter
1437 1269 1570 1336 consilia

103 1363 186 1428 socia
209 1387 266 1448 per
289 1365 490 1430 collationem
503 1365 642 1448 plurium
655 1365 689 1428 in
701 1367 790 1429 coetu
804 1368 861 1429 aut
872 1363 1006 1448 collegio
1019 1364 1126 1446 aliquo
1139 1363 1305 1428 formanda
1315 1385 1323 1438 ;
1333 1361 1356 1426 lu
1368 1361 1452 1424 inter
1464 1360 1567 1426 oonsi-

103 1453 144 1516 lia
164 1453 308 1518 solitaria
328 1455 369 1518 ab
381 1476 444 1519 uno
456 1455 564 1540 aliquo
579 1454 653 1518 rivet
664 1476 739 1518 voce
755 1456 812 1517 ant
823 1453 940 1536 scripto
953 1453 1064 1516 danda.
1081 1454 1096 1515 1
1111 1454 1205 1518 conel.
1218 1451 1256 1517 Iu
1269 1449 1409 1516 consiliis
1422 1471 1479 1514 seu
1491 1470 1566 1514 con·

105 1541 331 1608 saltationibus
358 1544 461 1621 sociis,
485 1565 567 1628 quae
576 1543 744 1608 methodus
761 1543 924 1618 servanda,
937 1542 1094 1624 quomodo
1110 1541 1263 1626 cuiusque
1275 1537 1480 1625 proponenda
1498 1537 1569 1603 suf·

105 1630 218 1716 fragia.
233 1632 389 1714 quomodo
403 1632 539 1696 aliorum
554 1630 784 1705 συμβευλεντῶν
796 1631 1017 1695 dissentientes
1033 1630 1210 1695 sententiae
1222 1631 1332 1695 decore
1342 1627 1569 1692 examinandae

105 1719 139 1783 ad
152 1720 320 1784 meliorum
335 1721 434 1785 totim
442 1724 550 1786 coetus
562 1721 832 1797 informationem,
845 1741 908 1782 non
921 1720 1065 1803 estquod
1078 1719 1225 1784 distincte
1238 1719 1291 1783 hic
1302 1719 1486 1794 tractemus,
1496 1738 1568 1780 cunr

105 1808 273 1892 Scriptores
296 1811 414 1894 politici
432 1832 528 1895 supra
548 1810 679 1874 indicati
700 1809 824 1874 abunde
840 1808 900 1872 hoc
918 1809 1052 1892 egerint,
1070 1811 1092 1874 1
1115 1807 1303 1872 exercitium
1320 1805 1407 1869 illius
1427 1803 1568 1868 methodi

105 1898 371 1980 praestantissimi
385 1898 612 1964 Historicitnm
625 1898 759 1982 antiqui,
768 1901 838 1960 tum
850 1900 991 1962 recentes
999 1897 1122 1982 (quales
1133 1893 1566 1970 Gnieeiardinns,Sieidanns,

110 1987 328 2070 lindenaet&
353 1988 523 2071 Scriptores
545 1987 765 2064 Disenrsnum,
791 1985 1049 2070 Nepolintiennm,
1068 1986 1285 2070 Epistularum
1306 1983 1519 2068 politicarum,
1535 1982 1569 2046 in

106 2075 199 2140 uariis
213 2077 367 2160 exemplis
388 2076 600 2142 exhibuerint.
609 2076 694 2140 Hinc
707 2075 863 2159 Theologi
876 2074 1046 2140 utilissima
1058 2074 1207 2158 seligant,
1217 2076 1240 2140 lt
1252 2071 1392 2138 consiliis
1404 2069 1568 2136 ecclesias·

106 2163 172 2228 tieis
187 2164 360 2248 applicent.
385 2161 608 2242 Usnihieerit,
623 2164 718 2247 siqui
734 2167 865 2248 gustum
885 2163 1082 2227 solummodo
1106 2166 1274 2248 quaerunt,
1287 2160 1453 2225 libelluse.
1472 2158 1568 2224 1660.

106 2251 359 2338 flagae-comitis
372 2275 505 2318 excusus
516 2255 568 2318 tit.
589 2255 827 2340 Dianai-sitiones
838 2253 979 2336 politicae
991 2252 1023 2316 id
1035 2255 1092 2328 est,
1106 2253 1268 2337 senapintn
1290 2249 1390 2318 Casas
1403 2249 1522 2332 politici
1533 2269 1571 2313 es

106 2342 190 2408 omni
203 2343 343 2408 Historia
354 2344 460 2410 selecti.
475 2340 544 2418 Quo
556 2343 665 2408 ordine
678 2341 701 2405 lt
712 2342 804 2406 modo
828 2340 1058 2405 sententiarum
1074 2341 1271 2418 collationes,
1285 2339 1307 2404 tr
1321 2337 1569 2403 consultationes

106 2431 356 2496 incensantibus
369 2429 589 2496 ecclesiasticis
601 2429 991 2513 maioribnsluminoribus
1003 2429 1227 2508 instituendae,
1242 2429 1331 2495 Part.
1346 2427 1376 2490 2.
1392 2424 1462 2492 aa.
1473 2427 1517 2490 tit.
1534 2425 1572 2492 dc

108 2517 240 2604 synodis
264 2520 431 2585 dicendum
456 2519 526 2584 erit.
548 2521 578 2584 2,
591 2523 683 2586 carrel.
696 2518 735 2583 In
747 2517 886 2584 consiliis
900 2517 1052 2582 solitariis
1064 2518 1137 2582 vivit
1149 2541 1224 2583 voce
1240 2515 1361 2590 dandis,
1377 2515 1459 2579 haut
1470 2513 1515 2578 ita
1529 2515 1570 2579 ad

108 2609 246 2672 methodi
259 2605 409 2684 ἁκρίβεικν
422 2609 613 2673 attenditur:
627 2607 785 2692 imprimis
798 2607 825 2670 si
837 2606 976 2686 ἵσὸψυχοι,
991 2605 1108 2685 Amici,
1124 2606 1271 2670 benevoli
1282 2605 1346 2669 sint
1355 2601 1568 2668 consultores.

108 2695 136 2759 3.
149 2699 244 2762 eoncl.
256 2693 295 2760 In
307 2695 468 2776 solitariis,
482 2697 651 2763 sinueris
664 2697 781 2780 scripto
791 2695 1024 2779 consignandis,
1034 2695 1073 2758 ad
1082 2691 1472 2759 methodnmtumateriam
1481 2691 1569 2756 solli-

107 2785 411 2850 eiteattendendnm:
421 2778 1570 2870 quialiterascriptamanet,&scriptainrnenusaliorumsiveAmicorum

107 2873 169 2937 sire
176 2873 384 2938 Inimicorum
393 2873 484 2939 facile
493 2875 649 2952 devenire,
660 2872 881 2956 immobtypis
889 2876 1054 2955 pertotum
1061 2871 1214 2936 mundum
1222 2867 1403 2956 [pagara]
1411 2868 1570 2952 divulgari

107 2967 245 3046 possunt.
259 2959 350 3037 Quod
362 2963 446 3026 idem
459 2963 625 3028 dicendum
638 2963 676 3028 de
687 2961 842 3046 Epistolis
855 2959 1101 3045 Theolognrum,
1114 2959 1337 3032 literatorum,
1351 2955 1569 3034 Politicorum,

28 3117 30 3124 ,
107 3049 298 3134 Principum.
322 3052 477 3134 Epistulam
492 3053 677 3134 Principum
690 3051 749 3136 (sic
768 3047 880 3131 dictas)
900 3047 984 3124 Ital.;
998 3047 1106 3113 Bemti
1117 3047 1243 3112 nomine
1256 3045 1420 3110 Pontifieis
1434 3044 1570 3128 scriptus

108 3139 172 3220 lat.;
185 3141 292 3222 Papae
308 3140 357 3203 Pii
373 3139 413 3204 V.
427 3141 483 3204 lat.
497 3139 713 3204 cardinalium
729 3137 860 3204 Perroni
873 3139 896 3202 1
908 3137 1057 3202 D’Ossati
1065 3136 1191 3222 gallice,
1204 3133 1382 3200 Cardinalis
1397 3134 1569 3217 Bentivopli

96 3225 181 3311 ital.
206 3227 261 3312 qui
276 3231 348 3312 post
363 3232 499 3293 mortem
524 3228 699 3307 ediderunt,
724 3250 765 3292 an
785 3247 935 3310 magnam
948 3225 1087 3310 gratiam
1100 3225 1183 3308 apud
1196 3224 1344 3289 Posteros
1360 3226 1417 3286 aut
1428 3221 1569 3286 familias

107 3339 216 3380 eorum
231 3317 384 3400 aliosque,
410 3339 544 3400 qnorum
567 3317 710 3394 interest,
722 3316 863 3390 inierint,
876 3315 992 3378 nescio.
1005 3313 1074 3378 Hoc
1092 3314 1207 3378 saltem
1222 3312 1297 3390 scio,
1311 3312 1428 3376 invitos
1440 3309 1569 3394 quidem

109 3405 183 3473 sati.
196 3404 327 3469 minime
340 3427 445 3489 egere,
458 3410 494 3469 nt
507 3405 681 3490 Epistulae,
695 3405 836 3482 consilia,
853 3425 986 3467 arcanae
1001 3401 1234 3488 negotiationes
1254 3401 1294 3465 ab
1307 3398 1508 3466 Adversariis
1521 3397 1570 3461 in·

122 3497 247 3577 qrcepta
258 3496 281 3559 lu
292 3495 379 3578 typis
392 3494 551 3577 exscripta
559 3493 770 3577 publicentur.
785 3491 899 3568 Qualia
921 3496 995 3556 sunt
1009 3490 1200 3558 cancellaria
1210 3489 1382 3572 Hispanica
1394 3488 1427 3552 in
1440 3486 1569 3570 nuperis

142 3581 294 3689 qmaniae
306 3581 446 3648 motibus
459 3581 556 3647 edita.
567 3582 657 3648 Liber
668 3584 828 3646 continens
840 3581 1024 3664 interceptas
1036 3580 1191 3663 Epistulas
1202 3579 1356 3644 lobannis
1368 3575 1524 3642 nustriae·
1540 3597 1582 3652 1.,

172 3671 202 3736 7.
229 3669 268 3732 ab
281 3667 452 3735 Ordinibus
465 3670 571 3756 Belgii
582 3693 671 3734 arma
686 3669 909 3753 eontraipsum
921 3669 1120 3753 capientibus
1134 3667 1277 3733 emissus.
1301 3665 1392 3732 liter
1410 3664 1570 3729 continens

186 3769 289 3843 eeptas
301 3760 454 3842 Epistulas
473 3759 650 3824 Cardinalis
668 3759 884 3826 Grannelliani
895 3778 978 3822 anno
993 3757 1088 3820 1580.
1114 3778 1257 3821 excusus.
1274 3753 1440 3822 Conclania
1452 3753 1570 3836 aliquot

184 3862 202 3921 a,
219 3847 358 3912 1111110111
374 3847 564 3935 Pontificum
584 3847 730 3913 celetrata
750 3848 784 3912 in
808 3845 979 3911 Germania
1001 3849 1075 3909 ante
1093 3865 1192 3909 annos
1217 3843 1339 3928 aliquot
1363 3842 1461 3906 latine
1474 3838 1569 3905 edita.

199 3936 247 4012 cl.
259 3933 297 3998 In
308 3936 449 4000 consiliis
462 3935 705 4015 conscribendis,
718 3936 802 4018 qnod
814 3935 854 3998 ad
865 3933 1033 3998 materiam
1048 3931 1244 3998 rationum&
1259 3929 1570 4007 determinationum,

204 4027 210 4043 ¹
286 4024 309 4088 1
331 4025 609 4090 manuductionem
633 4024 841 4108 praestabunt
872 4023 1070 4101 Collectanea,
1090 4043 1170 4106 quae
1186 4023 1341 4106 prostant,
1359 4017 1571 4086 Consiliorum

162 4040 388 4226 §immin
412 4113 520 4197 qualia
545 4113 752 4179 Melantbonis
772 4133 854 4175 anno
873 4111 967 4174 1591.
986 4108 1269 4186 curantePezeli03
1283 4107 1570 4174 9111111ἰᾶ311-

163 4234 222 4284 κω
269 4194 290 4286 l,
298 4202 369 4298 ,qui
396 4201 640 4267 Academiarum
652 4202 686 4265 in
699 4199 869 4265 Germania
881 4221 1032 4283 responsa
1043 4199 1255 4263 inseruerunt.
1280 4195 1497 4262 consulendae
1511 4194 1571 4259 eti·

160 4279 220 4365 58
268 4299 339 4386 [335
359 4291 582 4376 Tlreoloparmn
610 4291 644 4354 in
656 4289 842 4354 Bibliotheca
853 4299 961 4354 nostra
973 4287 1140 4366 indicatae,
1153 4309 1216 4350 una
1228 4308 1301 4351 curn
1320 4285 1391 4351 Vitis
1403 4305 1512 4349 eornm
1524 4285 1571 4358 ;&

356 4401 420 4461 aris,
438 4379 733 4466 eumantiquarum,
745 4381 814 4442 tum
826 4375 1037 4442 recentiorum
1049 4373 1271 4442 Nationaliurn
1283 4375 1306 4442 lu
1318 4371 1571 4458 provincialium,

1538 4459 1572 4526 in

226 4554 306 4716 ‚l
