3712 4850
328 305 410 382 244Ι
676 303 756 368 Pras
779 302 804 369 I.
829 302 878 368 Da
902 301 1036 369 Oaracro
1059 302 1162 369 Potin.
1186 301 1277 367 Ecca.
1302 302 1369 372 Lis.
1390 303 1418 370 I.

328 489 401 554 riali
424 489 574 575 regimini
597 513 660 554 non
673 491 718 554 ita
730 489 850 570 favent,
863 489 982 572 partim
998 490 1038 554 ab
1051 489 1101 568 iis,
1115 489 1170 573 qui
1182 489 1324 573 impense
1337 488 1458 554 favent.
1479 487 1505 554 I.
1521 487 1588 573 obj.
1602 485 1695 564 Quod
1707 487 1800 553 disci-

327 578 417 662 plina
429 580 452 646 dt
464 577 610 644 Potestas
622 579 856 644 Ecclesiastica.
869 600 951 661 quae
963 583 1032 642 tota
1044 578 1247 642 distributive
1259 579 1342 644 est&
1355 599 1423 643 esse
1436 577 1530 642 debet
1542 599 1640 661 penes
1652 576 1799 662 singulas

327 667 497 746 Ecclesiae,
520 667 585 732 illis
611 667 811 733 subtrahitur
827 667 901 732 &ad
918 667 1057 732 Classem
1077 667 1263 746 traducitur,
1281 690 1330 730 ex.
1343 688 1392 751 gr.
1404 666 1437 730 in
1453 688 1603 750 processu
1616 687 1799 730 excommu-

327 755 507 835 nicationis,
515 757 571 840 qui
580 756 746 820 terminari
758 778 821 820 non
833 755 927 820 debet
943 757 1063 839 absque
1072 755 1276 820 antecedente
1285 755 1466 840 cognitione
1474 754 1654 820 Conventus
1662 754 1800 820 classici.

329 845 417 928 Hesp.
442 843 559 908 Fateor
582 845 668 910 hunc
692 843 853 909 Canouem
869 844 1002 927 positive
1019 847 1042 910 dr
1058 843 1265 928 approbativa
1279 843 1507 908 determinare:
1523 842 1635 908 relicta
1650 842 1725 907 aliis
1738 842 1801 908 Ec-

328 932 432 997 clesiis
461 939 518 997 sut
546 933 704 999 libertate.
731 931 793 998 Sed
820 933 859 997 ad
875 932 1007 997 dubium
1024 937 1134 997 contra
1149 954 1223 997 eum
1235 936 1357 996 motum
1371 931 1548 997 adohaune
1563 931 1670 996 Caune
1687 937 1799 996 coetus

328 1020 758 1106 Anglo·Amstelodamensis
783 1025 892 1107 (quem
907 1020 1158 1086 Brownistarum
1172 1021 1296 1104 vocant)
1313 1021 1473 1106 quondam
1489 1019 1637 1084 Ministro
1650 1020 1799 1104 aliisque,

328 1132 407 1194 quos
420 1115 542 1190 vocant,
558 1110 860 1195 independentibus,
873 1110 1047 1194 respondeo
1059 1109 1144 1174 infra
1160 1110 1179 1194 (
1178 1111 1265 1174 Part.
1280 1110 1300 1172 3
1313 1109 1369 1174 ubi
1382 1111 1419 1174 de
1432 1109 1591 1175 Clas-sibus
1603 1109 1635 1176 a
1645 1108 1799 1195 Synodia)

327 1199 410 1263 hanc
423 1198 618 1264 Potestatem
629 1201 652 1264 a
664 1199 880 1285 coguitionem
891 1197 1008 1263 Classis
1017 1198 1321 1264 essecumulativam
1330 1221 1392 1262 non
1402 1198 1603 1282 privativam,
1614 1197 1800 1262 Canonibus

328 1287 445 1352 nostris
471 1288 721 1372 praescriptam
738 1288 857 1372 partim
873 1288 913 1351 ad
929 1287 1144 1352 abundantem
1157 1287 1314 1351 cautelam
1327 1309 1409 1370 quae
1424 1307 1487 1351 uon
1500 1289 1602 1355 nocet.
1619 1287 1741 1370 partim
1758 1287 1799 1351 ad

331 1375 519 1460 disciplinae
552 1399 667 1441 nomeu
702 1378 725 1443 lt
755 1376 940 1440 exercitium
973 1376 1082 1461 Belgis
1115 1375 1232 1440 nostris
1256 1376 1375 1459 passim
1399 1375 1561 1440 occasione
1580 1375 1801 1460 inquisitionis

328 1462 684 1550 Romano-Hispanicae
698 1465 868 1529 admodum
879 1468 955 1528 tunc
966 1468 1147 1548 suspectum
1163 1464 1203 1528 ab
1216 1465 1288 1528 odio
1300 1469 1391 1528 tanto
1403 1463 1519 1529 melius
1534 1463 1748 1530 liberandum
1758 1504 1798 1512 —

328 1554 420 1639 [pag.
447 1554 528 1640 294]
552 1553 595 1619 ll.
621 1554 689 1638 Obj.
709 1553 801 1630 Quod
826 1552 973 1618 Seniores
985 1553 1086 1617 nostri
1098 1553 1314 1638 gubernantes
1327 1575 1391 1617 non
1402 1554 1468 1617 sint
1479 1552 1626 1637 perpetui
1639 1553 1694 1617 sed
1708 1551 1800 1618 bien·

328 1642 434 1719 uales;
460 1644 544 1726 quod
572 1647 698 1727 tempus
722 1641 865 1707 Oenones
895 1642 996 1706 nostri
1021 1643 1249 1726 praescribunt.
1264 1639 1335 1705 Hoc
1346 1641 1456 1725 objicit
1468 1639 1673 1706 Robinsonus
1687 1647 1800 1707 coetus

328 1729 614 1815 Auglo·beidensis
635 1754 745 1816 {quem
761 1731 1009 1796 Brownistarum
1027 1731 1152 1812 vocant)
1165 1730 1323 1816 quondam
1340 1729 1498 1808 Minister,
1510 1735 1636 1795 caetera
1651 1729 1800 1796 eruditus

327 1819 497 1904 theologus
520 1820 760 1885 &orthodoxiae
776 1841 812 1883 ac
824 1818 953 1902 pietatis
969 1817 1104 1883 Zelotes.
1121 1817 1293 1884 Videtur&
1307 1820 1435 1884 Grotius
1452 1819 1486 1882 iu
1499 1820 1615 1884 aevae
1632 1819 1797 1885 Ordinem

326 1907 423 1972 tacite
435 1908 495 1972 hoc
507 1909 734 1993 perstringere.
749 1907 838 1972 Idem
850 1906 1214 1990 objiciunthierarchiae
1226 1907 1415 1992 episcopalis
1428 1907 1558 1972 zelotae.
1576 1908 1666 1992 Hesp.
1683 1906 1798 1973 Canon

327 1996 454 2060 hicnon
470 2001 517 2060 est
532 1996 650 2062 directe
663 1996 816 2080 positivus
833 1998 856 2061 b
868 1995 1085 2079 praescribens
1096 2021 1103 2072 ;
1122 1995 1176 2060 sed
1188 1999 1314 2059 tantum
1326 1996 1535 2075 concessivae,
1548 2018 1585 2061 ac
1597 2018 1653 2080 per
1663 1998 1800 2062 modum

329 2084 548 2170 indulgentiae
560 2085 583 2151 b
595 2083 854 2159 συγκαταβὰσιεςι
865 2083 942 2170 quia
949 2083 983 2147 in
991 2084 1094 2167 prima
1105 2084 1163 2148 illa
1174 2083 1390 2170 infrequentia
1401 2085 1544 2150 fidelium
1556 2085 1589 2148 in
1598 2085 1710 2150 multis
1718 2085 1801 2151 vicis

328 2173 545 2239 &civitatibus
558 2172 660 2256 Belgii
669 2171 781 2236 haberi
792 2171 845 2235 vix
854 2176 1010 2255 poterant,
1020 2173 1076 2258 qui
1085 2175 1238 2256 perpetuo
1246 2173 1321 2237 huic
1329 2173 1417 2238 oneri
1430 2173 1590 2260 &quidem
1599 2173 1667 2238 sine
1676 2173 1800 2240 salario

328 2266 487 2326 vacarent.
500 2261 575 2326 Nou
587 2260 681 2325 debet
693 2281 770 2345 ergo
781 2259 834 2324 hic
846 2259 953 2325 Cauon
965 2261 1182 2345 imprudenter
1194 2261 1240 2325 ita
1252 2261 1363 2346 accipi,
1372 2263 1463 2348 quasi
1471 2262 1670 2346 perpetuitas
1679 2261 1801 2330 Senio·

327 2373 398 2414 rum
423 2349 574 2416 Ecclesiis
597 2349 713 2413 nostris
737 2347 978 2432 prohiberetur;
1002 2349 1030 2414 si
1042 2349 1170 2436 quidem
1181 2349 1326 2414 Ecclesia
1339 2350 1448 2436 aliqua
1464 2373 1534 2415 eam
1549 2350 1669 2416 habere
1682 2352 1801 2435 possit,

327 2441 350 2504 lt
373 2438 544 2504 necessitas
569 2436 778 2504 concessionis
802 2441 898 2523 atque
922 2438 1141 2523 indulgentiae
1153 2438 1191 2502 ad
1208 2461 1301 2502 usum
1314 2439 1470 2504 secundae
1486 2439 1581 2522 hujus
1595 2439 1655 2526 (ita
1666 2440 1802 2541 loquar)

326 2528 542 2614 navigationis
565 2526 610 2591 ibi
635 2529 781 2590 cessaret.
806 2524 889 2590 Vide
906 2527 983 2610 quid
1002 2529 1120 2594 Gcraou
1133 2527 1274 2594 auarus
1286 2526 1455 2612 theologus
1468 2526 1571 2613 Belga
1582 2529 1615 2592 in
1632 2530 1802 2594 eruditiss.

327 2629 414 2682 tract.
427 2627 536 2681 coutru
548 2618 762 2683 Damno-mum
775 2615 812 2679 dc
823 2615 1018 2702 Presbytero
1030 2615 1061 2682 ἃ·
1073 2617 1261 2700 Episcopatu
1274 2615 1489 2681 Hierarohieis
1502 2617 1701 2701 respoudeat,
1710 2621 1805 2704 quod

327 2707 424 2771 etiam
448 2709 467 2770 a
491 2705 667 2772 llobiueouo
690 2704 725 2767 iu
742 2704 892 2788 Apologia
909 2705 1033 2768 citatur.
1051 2702 1134 2768 Sunt
1149 2705 1246 2769 etiam
1259 2705 1483 2770 celeberrimae
1496 2705 1620 2791 aliquot
1632 2705 1804 2772 Ecclesiae

325 2794 476 2880 Belgicae
500 2816 581 2877 quae
605 2792 767 2877 perpetuis
794 2795 928 2856 utuntur
940 2790 1135 2872 Senioribus,
1148 2797 1184 2856 ut
1197 2792 1413 2878 Croningana,
1427 2793 1559 2879 Belgica
1571 2793 1802 2877 Londinensis,

326 2884 470 2966 aliaeque
482 2883 516 2946 in
529 2882 658 2967 Anglia.
671 2918 714 2928 -
726 2878 776 2945 ΙΙΙ
794 2880 861 2964 otj.
885 2880 934 2945 De
949 2879 969 2944 J
972 2903 1028 2945 ure
1040 2879 1241 2946 Patrouatus.
1256 2884 1344 2966 Hesp.
1360 2881 1588 2950 Assumentum
1600 2881 1745 2949 Canonis
1760 2887 1800 2950 de

326 2971 499 3036 Vocatione
508 2969 729 3035 Ministrorum
743 2992 771 3033 a.
788 2969 883 3032 1619.
897 2973 969 3053 post
981 2971 1154 3035 discessum
1163 2975 1344 3035 extarorum
1357 2970 1541 3050 admissum,
1554 2976 1604 3036 est
1616 2994 1695 3056 pure
1706 2974 1802 3040 tole-

326 3061 481 3125 rativum:
495 3081 557 3124 non
570 3081 644 3124 vero
656 3058 838 3141 positivum.
851 3055 965 3141 Itaque
977 3081 1145 3142 perperam
1157 3059 1317 3144 allegatur
1328 3081 1401 3123 cum
1414 3059 1576 3124 Ecclesiae
1583 3062 1701 3146 jugum
1711 3062 1802 3128 illud

326 3154 383 3214 aut
402 3149 622 3233 deprecantur,
635 3151 691 3210 aut
703 3168 797 3230 opem
812 3145 1022 3232 Magistratus
1038 3152 1147 3211 contra
1158 3147 1238 3211 illud
1249 3147 1433 3231 implorant,
1446 3152 1504 3212 aut
1515 3170 1716 3233 quocumque
1732 3153 1803 3216 alio

326 3238 418 3302 modo
430 3238 496 3302 sive
508 3259 600 3321 prece
613 3236 680 3300 sive
695 3235 797 3320 pretio
810 3257 844 3300 se
856 3235 1010 3300 redimere
1023 3235 1160 3301 student.
1177 3234 1337 3320 Quidquid
1350 3236 1402 3315 sit,
1416 3237 1529 3301 saltem
1543 3238 1624 3302 nulli
1637 3237 1801 3320 Ministri,

326 3327 407 3390 nulli
427 3324 583 3404 Seniores,
601 3324 690 3388 nulla
710 3322 873 3408 Synedria,
886 3325 993 3388 nullae
1005 3323 1128 3388 Classes
1142 3328 1198 3388 aut
1210 3323 1328 3409 Synodi
1336 3324 1424 3388 illius
1438 3323 1604 3399 ἀπολογίαν
1619 3327 1801 3412 suscipere,

325 3420 382 3479 aut
405 3437 462 3499 pro
485 3415 552 3498 ejus
578 3437 635 3478 usu
657 3413 759 3477 zelare
783 3412 907 3476 debent.
933 3412 982 3477 De
1005 3413 1175 3477 tolerantia
1198 3414 1276 3497 ejus,
1301 3413 1357 3477 ubi
1379 3413 1452 3478 tolli
1475 3419 1532 3479 aut
1555 3415 1710 3480 declinari
1731 3441 1802 3483 non

326 3508 441 3589 potest,
466 3504 528 3568 alia
553 3506 600 3567 est
612 3501 766 3584 quaestio.
791 3499 907 3565 Confer
918 3501 1003 3565 infra
1014 3501 1104 3568 Part.
1123 3503 1153 3564 2.
1167 3501 1221 3565 ubi
1233 3503 1271 3566 de
1281 3503 1357 3567 Jurc
1367 3502 1573 3569 Patrouatus.
1586 3541 1631 3553 —
1644 3502 1704 3569 IV.
1724 3507 1799 3592 obj.

326 3593 422 3657 Festa
438 3591 664 3668 anniversaria,
677 3611 758 3674 quae
770 3590 867 3674 vulgo
883 3590 929 3654 ita
944 3589 1101 3670 dicuutur,
1118 3588 1299 3654 Canonibus
1314 3590 1455 3676 Belgicis
1467 3591 1687 3658 stabiliuntur.
1700 3595 1800 3681 Hesp.

325 3682 468 3746 Canones
491 3680 540 3744 illi
563 3683 638 3744 sunt
661 3700 739 3762 pure
766 3678 926 3743 tolerativi
950 3681 972 3745 la
999 3679 1186 3756 limitantes‚
1204 3701 1267 3744 non
1290 3679 1733 3764 positivibpraescribentes,
1748 3687 1801 3750 uti

324 3769 449 3835 abunde
457 3770 588 3853 probavi
600 3769 633 3831 in
646 3768 738 3850 Disp.
751 3767 788 3831 de
800 3769 897 3832 Fertis
911 3769 941 3832 3.
955 3767 1046 3832 Parti
1057 3769 1152 3834 select.
1166 3768 1281 3852 Dispp.
1295 3767 1424 3832 inserta:
1437 3767 1507 3834 Nec
1519 3769 1572 3834 hic
1583 3777 1703 3856 repeto.
1719 3771 1802 3838 Non

324 3860 440 3923 debent
467 3880 544 3943 ergo
570 3861 724 3940 tanquam
747 3855 828 3919 tales
852 3856 960 3941 urgeri
984 3859 1094 3920 contra
1117 3856 1277 3921 Ecclesiae
1298 3862 1354 3921 aut
1365 3856 1540 3938 Ministros,
1553 3859 1609 3943 qui
1621 3861 1707 3944 apud
1760 3861 1801 3927 fa-

323 3947 495 4033 gistratum
521 3946 544 4010 a
566 3945 721 4029 populum
741 3966 834 4008 suum
849 3942 997 4013 εὕτάκτως
1009 3947 1032 4010 a
1044 3967 1116 4009 cum
1129 3944 1350 4010 aedificatione
1362 3967 1531 4029 procurare
1544 3949 1668 4032 possint
1680 3971 1728 4014 eo.
1760 3974 1800 4016 un

324 4035 531 4100 abolitionem
557 4039 613 4098 aut
641 4033 754 4097 saltem
782 4031 1034 4098 diminutionem.
1051 4071 1095 4083 —
1108 4032 1148 4098 V.
1169 4034 1235 4118 obj.
1250 4032 1298 4098 De
1311 4032 1458 4100 Sessione
1470 4035 1728 4120 Deputatorurul
1760 4041 1801 4104 a·

324 4125 478 4210 gistratus
501 4125 535 4187 in
558 4121 731 4207 Synedriis.
755 4121 845 4204 Hesp.
869 4121 913 4184 Et
936 4121 996 4186 hoc
1019 4122 1271 4187 additamentum
1296 4127 1344 4187 est
1358 4124 1573 4204 tolerativum,
1587 4130 1643 4190 aut
1654 4149 1716 4210 pen
1760 4131 1798 4194 ls-

323 4215 435 4278 sivum.
463 4211 542 4278 Vide
566 4233 662 4295 supra
687 4213 760 4293 Cup.
774 4211 805 4274 4.
815 4231 890 4295 perp.
906 4210 978 4274 199.
1004 4249 1044 4257 -
1058 4209 1115 4276 VI.
1142 4211 1210 4294 obj.
1225 4210 1322 4276 Multi
1334 4211 1477 4278 Cauones
1489 4235 1551 4278 non
1569 4219 1720 4280 servantu
1767 4241 1798 4284 e.

323 4324 372 4387 gr.
399 4302 437 4365 de
460 4300 627 4365 Saniorum
651 4298 877 4383 comparitione
900 4297 933 4362 in
962 4299 1135 4378 Classibus,
1160 4300 1198 4364 de
1215 4302 1386 4364 eorundem
1398 4323 1530 4366 numero
1545 4303 1580 4367 in
1591 4301 1730 4387 Synodis
1760 4308 1800 4372 de

323 4412 456 4457 numero
480 4387 711 4465 Ministrorum,
736 4388 774 4450 de
801 4387 894 4450 ruodo
911 4387 1048 4471 eligendi
1061 4386 1253 4453 Visitatores
1266 4388 1384 4454 Classis
1397 4393 1420 4456 dr
1435 4389 1614 4474 Deputatos
1631 4392 1670 4456 ad
1686 4389 1724 4477 Sp
1760 4420 1800 4461 o·

1714 4505 1799 4552 lm
