3768 4842
234 302 395 376 Tnscr.
429 301 454 377 Ῑ.
490 305 553 376 Da
584 255 1093 376 Eccuasrn'lus‘rirurn.
1140 307 1232 376 Cur.
1268 265 1348 377 IIl.
1485 279 1528 376 219

84 495 192 581 publice
218 519 329 560 coram
353 501 422 561 tota
446 495 589 561 Ecclesia
600 497 963 564 examinanturlrfidem
974 498 1171 582 profitentur.
1185 535 1225 544 -
1240 496 1270 559 4.
1286 497 1378 578 Quia,
1393 497 1485 570 initio
1499 497 1532 561 in

21 599 22 614 ¹
84 577 224 672 plerisque
249 585 405 650 Ecclesiis
428 585 569 669 Belgicis
591 585 636 649 ita
652 583 722 650 fieri
737 587 834 663 solet3
859 588 1023 652 &memini
1036 608 1096 671 ego
1112 589 1186 650 ante
1198 606 1297 649 annos
1312 585 1437 668 aliquot
1447 586 1531 650 anti·
1577 629 1580 634 Α

21 717 22 722 κ
85 697 163 757 quum
185 676 208 740 1
231 675 465 760 primigenium
485 674 577 738 illum
588 697 708 740 morem
721 669 1151 741 adhuc'alicubiobtiuuisse.
1176 671 1213 740 lu
1229 673 1436 754 Germanicis,
1455 674 1531 739 Gal·
1565 725 1567 732 ,

21 805 23 822 .
86 765 145 838 licia
167 763 308 847 aliisque
332 763 410 848 quid
432 763 526 827 hodie
549 763 615 842 fiat,
641 786 725 827 nunc
751 785 815 827 non
836 764 882 828 ita
900 765 984 842 novi,
996 787 1053 828 uec
1066 767 1156 828 vacat
1168 763 1338 846 inquirere.
1365 761 1487 828 Saltem
1499 764 1533 827 in

21 851 23 918 Ϊ
86 852 194 936 antiqua
218 851 369 918 Ecclesia
391 851 449 916 boc
469 853 538 936 jam
550 851 621 916 inde
634 852 850 936 ab'Ap‘ostolis
866 875 922 936 per
934 854 1057 937 aliquot
1069 852 1195 916 saecula
1208 851 1306 918 fuisse
1319 849 1533 922 observatum.

21 963 23 1012 3
87 945 192 1006 anat
205 963 247 1005 ex
260 941 312 1019 iis,
328 963 410 1025 quae
426 942 465 1004 de
477 941 541 1004 ritu
557 942 579 1006 11
595 942 689 1026 modo
699 940 887 1025 baptizandi
903 942 938 1007 in
950 941 1141 1026 antiquitate
1150 946 1327 1005 occurrunt.
1343 939 1389 1006 Ut
1400 941 1535 1009 istorum
1571 941 1573 946 ’

21 1037 23 1116 ss
87 1035 198 1112 gustum
223 1029 371 1094 habeant
402 1029 581 1095 studiosi&
607 1031 791 1113 compendia
817 1031 976 1110 studeant,
1000 1024 1164 1094 conferant
1180 1029 1351 1113 aliquando
1368 1030 1543 1114 loscphuru

21 1121 22 1178 ζ
94 1119 273 1184 1166666166
291 1120 332 1184 de
347 1119 467 1184 llil-itus
480 1119 636 1202 Baptisrui
648 1119 699 1183 lit.
710 1120 739 1182 2.
753 1140 819 1202 cup.
829 1120 881 1198 24Ἰ
891 1119 975 1183 -5.
987 1121 1079 1201 Oisia,
1092 1119 1131 1182 ad
1143 1140 1252 1182 omnes
1265 1119 1402 1198 pertinet
1414 1120 1537 1204 agnitio

85 1207 203 1272 uuum
228 1211 252 1274 1
278 1207 515 1282 membrorum
536 1210 796 1291 &consequenter
808 1209 947 1294 cognitio
959 1207 1200 1293 professionis&
1215 1207 1402 1292 receptionis
1416 1215 1535 1273 eorum.
1620 1251 1623 1259 ·
1711 1193 1726 1268 ⁸.
1755 1197 1758 1204 ¹

21 1301 22 1304 ’
86 1329 107 1344 -
128 1297 155 1360 2.
170 1298 277 1362 mccl.
302 1294 369 1362 Ubi
382 1299 513 1380 propter
523 1295 661 1360 rationes
674 1300 692 1359 a
704 1297 949 1361 circumstantiis
962 1298 1114 1375 locorum,
1126 1299 1317 1379 temporum,
1331 1319 1537 1380 personarum

83 1385 238 1464 descmtas,
263 1385 410 1452 Ecclesia
430 1384 538 1467 aliqua
550 1385 713 1449 cousuevit
725 1385 758 1449 in
775 1387 916 1451 conclavi
928 1385 1151 1450 Ecclesiastico
1164 1401 1270 1448 coram
1283 1383 1439 1470 Syuedrio
1454 1385 1538 1450 huno

83 1473 229 1538 mleunern
253 1479 365 1538 actum
388 1473 571 1549 absolvere3
596 1473 656 1537 hoc
676 1475 790 1543 saltem
802 1475 1034 1539 observandum
1051 1477 1087 1538 ut
1103 1474 1222 1558 apertis
1238 1473 1432 1538 foribushoc
1445 1475 1537 1540 fiaca

82 1569 136 1626 tarn
150 1562 397 1628 catechumenis
406 1583 503 1646 quam
515 1561 660 1626 fidelibus
673 1585 815 1628 accessus
827 1568 945 1648 pateat.
972 1565 1000 1627 1.
1025 1564 1106 1645 Quia
1118 1565 1208 1630 tauto
1220 1563 1350 1645 propius
1362 1564 1531 1648 analogum

21 1719 22 1724 .
83 1652 132 1714 crit
153 1651 348 1735 professioni
363 1672 471 1716 coram
487 1654 577 1734 coetu
594 1651 816 1717 Ecclesiastico
829 1653 956 1736 publice
969 1653 1009 1715 ad
1021 1652 1081 1716 hoc
1093 1654 1296 1736 congregato.
1321 1653 1351 1715 2.
1377 1653 1460 1733 Quia
1471 1656 1534 1716 una

81 1747 163 1823 opera
174 1741 270 1805 multi
285 1740 447 1804 aedificari
459 1743 617 1822 poterunt,
629 1741 652 1806 da
664 1741 839 1805 multorum
853 1741 997 1824 precibus
1010 1745 1106 1824 atque
1119 1739 1320 1804 eucharistiis
1335 1739 1422 1804 Deus
1435 1741 1534 1826 glori-

83 1828 167 1906 ficari,
180 1830 388 1914 &negotium
403 1828 565 1892 Ecclesiae
578 1830 767 1912 promoveri.
780 1831 810 1894 3.
822 1831 904 1911 Quia
916 1829 1077 1896 auditores
1090 1828 1309 1893 catechumeni
1321 1829 1343 1894 81
1356 1834 1535 1914 competeu-
1567 1837 1572 1844 '

82 1925 121 1981 tes
130 1921 219 1983 tanto
231 1919 350 1982 melius
363 1919 384 1982 la
397 1917 497 1980 tutius
510 1938 543 1981 se
555 1923 746 2002 praeparant
758 1919 798 1982 ad
809 1919 1038 1990 confessionem
1050 1917 1123 1981 fidei
1135 1940 1211 1981 suae
1221 1917 1391 2000 aliquando
1399 1923 1534 2002 autpro-

81 2007 205 2088 pcdiem-
219 2008 385 2072 edendam.
409 2001 472 2080 Qui
494 2005 616 2070 fructus
640 2006 722 2088 apud
750 2030 806 2072 nos
831 2008 926 2092 longe
951 2005 1199 2070 uberrimusest.
1223 2005 1326 2070 Hodie
1338 2007 1369 2070 iu
1383 2007 1535 2072 Ecclesiis

81 2093 208 2181 Belgicis
232 2115 357 2160 morem
375 2095 460 2158 hunc
472 2094 614 2170 obtinere
626 2095 762 2160 arbitror
775 2121 782 2172 ;
804 2097 917 2161 saltem
933 2097 971 2160 de
986 2095 1106 2172 multia,
1119 2096 1203 2159 inter
1218 2117 1297 2178 quas
1310 2094 1388 2160 hacc
1400 2095 1529 2177 Nostra,

81 2191 156 2248 certa
170 2184 306 2249 6616-
319 2185 351 2248 3.
365 2185 466 2249 Concl.
479 2181 543 2247 Ubi
552 2188 681 2267 propter
693 2189 843 2269 urgentes
856 2185 995 2249 rationes
1007 2184 1150 2248 Ecclesia
1162 2184 1294 2247 subinde
1306 2185 1367 2248 hac
1378 2205 1536 2258 σνγκατα-
1667 2177 1669 2180 ’

82 2268 160 2342 βάσει
182 2274 300 2348 utitur,
319 2277 355 2336 ut
370 2273 403 2336 in
419 2273 510 2336 dumo
523 2271 673 2351 Ministri,
686 2279 742 2338 aut
754 2275 904 2358 privatim
916 2273 1034 2356 absque
1048 2271 1200 2357 Syhedric
1217 2273 1398 2338 &confluxu
1412 2273 1535 2341 audito·
1569 2351 1573 2358 ¹

81 2381 142 2423 mm
154 2363 186 2425 in
199 2361 345 2428 conclavi
360 2360 582 2425 Ecclesiastico
595 2363 654 2444 per
666 2362 848 2448 delegatum
861 2363 1046 2426 Ministrum
1058 2365 1114 2424 aut
1126 2359 1300 2442 Ministros,
1323 2385 1393 2426 cum
1406 2360 1535 2426 Seniore

82 2471 135 2511 uuo
156 2457 256 2535 atque
285 2449 386 2514 altero
410 2471 542 2513 examen
565 2452 588 2515 1
615 2451 776 2532 solennem
803 2451 1109 2526 confoederationem
1126 2455 1301 2533 exequatur
1315 2452 1413 2536 (quod
1427 2455 1535 2523 tamen

81 2538 233 2604 ordinario
259 2538 525 2616 &communitam
553 2537 622 2602 fieri
645 2561 706 2602 non
736 2542 872 2624 expedit,
890 2563 930 2603 ue
943 2539 1155 2624 praestantior
1167 2540 1242 2603 ordo
1255 2541 1347 2603 modo
1360 2540 1537 2623 descriptus

82 2625 165 2707 plane
188 2630 224 2692 in
247 2627 488 2692 desuetudinem
499 2626 602 2706 abeat,
616 2631 672 2691 aut
687 2633 912 2708 npoeomunpia
924 2629 1026 2693 locuti
1043 2629 1072 2690 2.
1087 2627 1238 2698 thronum
1252 2651 1346 2692 snum
1357 2628 1513 2711 stabiliat)
1527 2653 1535 2706 ς

82 2713 132 2780 lice
143 2715 304 2802 imprimis
320 2717 479 2801 agendum
491 2721 550 2794 est,
561 2721 598 2780 ut
610 2716 693 2780 adsit
705 2738 787 2780 uuus
803 2721 899 2798 atque
915 2718 996 2782 alter
1013 2715 1134 2792 Senior,
1163 2721 1190 2781 1.
1209 2717 1290 2798 Quia
1302 2715 1448 2793 Seniores
1462 2731 1535 2800 par-

81 2807 138 2867 tem
159 2807 286 2872 faciunt
308 2804 453 2890 Syuedrii
478 2804 664 2889 delegantis,
678 2805 857 2868 nonminus
870 2827 967 2888 quam
979 2805 1130 2869 Ministri.
1155 2809 1185 2869 2.
1213 2807 1295 2887 Quoia
1308 2805 1474 2871 Saniorum
1488 2809 1536 2872 est
1594 2841 1596 2846 ·

81 2896 236 2960 attendere
257 2895 297 2958 ad
316 2894 502 2958 inviolatam
523 2893 696 2976 puritatem
709 2893 868 2958 doctrinae
882 2901 951 2958 tum
963 2893 1104 2958 Ministri
1116 2895 1337 2974 examinantis,
1353 2899 1422 2958 tum
1435 2917 1534 2958 mem·

82 2979 123 3045 hri
139 3007 193 3050 seu
206 2983 429 3048 catechumeni
444 2981 538 3046 fidem
551 2981 739 3066 profitentis.
764 2981 812 3046 De
827 3004 890 3066 quo
904 2984 973 3047 vide
989 2984 1165 3067 Litucpiom
1178 2985 1334 3068 Belgicam
1348 2985 1392 3050 tit.
1406 2985 1442 3048 dc
1455 2986 1536 3049 Cou-

82 3071 252 3156 finuctione
272 3073 448 3138 Saniorum.
474 3073 503 3134 3.
531 3072 613 3152 Quia
639 3069 806 3136 Saniorum
833 3075 881 3134 est
894 3073 1056 3136 attendere
1070 3072 1110 3136 ad
1128 3073 1271 3157 regimen
1288 3075 1309 3138 la
1329 3077 1448 3136 rectam
1460 3095 1535 3137 con·
1583 3115 1586 3123 ·

83 3163 273 3226 stitutionem
300 3161 471 3226 Ecclesiae.
495 3159 587 3224 Boua
599 3164 707 3224 autem
718 3181 792 3244 pars
805 3161 971 3245 regiminis
985 3161 1128 3226 consistit
1140 3163 1172 3224 in
1187 3162 1309 3226 delectu
1322 3163 1345 3227 tr
1357 3161 1536 3245 receptione

82 3259 300 3316 membrorum.
325 3251 355 3313 4.
382 3251 463 3331 Quia
486 3249 546 3312 haic
570 3249 693 3313 ratione
720 3249 866 3313 omnibus
887 3250 1091 3333 conceptibus
1105 3250 1195 3336 [pag.
1211 3251 1269 3335 55]
1286 3250 1498 3335 oligarchicis,
1511 3251 1538 3314 si

82 3339 131 3419 qui
154 3339 238 3404 circa
261 3339 405 3424 regimen
426 3336 585 3402 Ecclesiae
602 3337 739 3401 suboriri
753 3344 882 3421 possent
895 3343 950 3402 aut
962 3337 1119 3403 Ministris
1132 3343 1188 3402 aut
1198 3339 1360 3418 membris,
1372 3340 1441 3423 ipso
1453 3338 1537 3403 facto

82 3428 275 3494 &exercitio
298 3426 481 3492 occurritur.
507 3429 537 3489 5.
565 3425 646 3505 Quin
669 3428 812 3492 membra
832 3427 992 3492 Ecclesiae
1002 3429 1069 3511 jam
1081 3427 1425 3511 constitutatrrecepta
1440 3428 1537 3491 etiam
1587 3451 1588 3454 ¹

84 3511 245 3582 Saniorum
271 3539 365 3582 curae
389 3519 411 3582 1
435 3514 633 3599 inspectioni,
662 3515 821 3599 variisque
848 3517 971 3580 actibus
994 3516 1222 3596 visitationum,
1247 3517 1536 3600 reprehensionum,

84 3605 329 3670 admonitionum
352 3604 533 3689 specialiter
555 3605 812 3682 committuntu13
842 3628 979 3688 aequum
992 3610 1040 3669 est
1051 3626 1127 3691 ergo
1139 3611 1175 3670 ut
1186 3606 1249 3689 ipsi
1259 3605 1294 3669 in
1305 3605 1408 3689 prima
1421 3605 1538 3668 admis-

84 3693 164 3760 sione
187 3698 334 3760 accurate
352 3694 537 3778 despiciant,
554 3692 685 3775 quinam
697 3715 772 3757 suae
788 3693 977 3778 inspectioni
990 3695 1239 3772 committantur,
1253 3699 1309 3758 aut
1321 3694 1538 3758 committendi

84 3783 151 3846 sint.
173 3783 315 3868 Turpius
326 3783 413 3848 euim
425 3781 559 3866 ejicitur,
575 3804 670 3864 quam
687 3804 752 3846 non
764 3783 944 3848 admittitur
956 3783 1083 3866 hospes.
1108 3785 1138 3848 6.
1154 3783 1300 3865 (1616111
1311 3783 1410 3847 videri
1423 3787 1538 3866 potest,

85 3893 113 3954 qr
145 3874 235 3938 nodo
261 3871 378 3938 salvari
404 3871 505 3955 possit
536 3871 569 3934 in
592 3893 655 3935 uno
681 3870 830 3936 Ministro
846 3872 903 3935 illa
914 3873 1094 3955 pluralitas,
1111 3895 1207 3956 quam
1223 3873 1323 3936 nostri
1337 3873 1370 3935 in
1382 3872 1537 3956 regimine

86 3959 113 4022 fl
149 3963 249 4040 lasiae,
273 3963 403 4045 ejusque
428 3959 572 4043 partibus
597 3964 722 4044 urgent,
746 3960 1342 4040 6661161161616111666,612(16621
1359 3961 1466 4025 Mutet.
1487 3962 1537 4024 18.

85 4047 113 4112 a
149 4051 194 4114 fer
208 4053 295 4116 Part.
309 4053 339 4114 2.
355 4049 411 4113 ubi
423 4049 461 4114 de
471 4048 661 4127 Senioribus,
676 4053 865 4133 autoresque
879 4049 997 4113 ibidem
1012 4049 1177 4132 indicatos.
1202 4049 1364 4125 Quomodo
1376 4071 1437 4113 nou
1454 4049 1539 4113 exci-

86 4159 113 4218 pr
145 4165 152 4202 .·
175 4141 199 4206 tt
222 4139 358 4222 objicere
382 4137 505 4222 possint
528 4136 717 4202 hierarchici
738 4138 904 4222 regiminis
921 4138 1051 4216 zelatae,
1065 4161 1164 4222 aeque
1177 4140 1261 4223 apud
1276 4138 1539 4222 Presbyterianae

85 4226 113 4288 di
145 4228 261 4312 iplinae
289 4229 406 4292 aelotas
431 4225 579 4291 constitui
602 4225 634 4290 in
646 4249 709 4291 uno
721 4225 870 4291 Ministro
883 4227 1070 4307 Ecclesiam,
1084 4249 1140 4311 per
1152 4228 1384 4312 delegationem
1402 4226 1468 4291 scil.
1483 4249 1538 4291 seu

87 4319 113 4378 tr
153 4317 330 4396 stationem,
353 4317 449 4400 idque
468 4314 551 4378 circa
574 4316 742 4399 capitalem
769 4317 927 4398 quendam
940 4321 1045 4380 actum
1062 4317 1238 4402 regiminis
1251 4339 1347 4400 quam
1361 4317 1445 4400 apud
1456 4315 1536 4380 Hie-

87 4425 113 4468 ra
157 4406 237 4472 ”⁵ws
259 4406 292 4470 in
304 4429 368 4472 nuo
379 4405 548 4492 Episcopo.
573 4403 724 4480 Quamvis
737 4411 845 4470 autem
856 4404 935 4469 haec
948 4405 1116 4470 admodum
1132 4405 1271 4489 disparia
1284 4427 1351 4472 esse
1364 4405 1539 4483 fateamur;

800 4505 818 4560 4
1430 4493 1539 4560 viden-
