3722 4850
311 263 424 328 Tutor.
440 263 482 330 H.
506 263 554 328 Dc
567 263 701 343 Parma,
714 263 889 344 Dausaron,
903 263 1056 330 Doxonoo.
1070 265 1161 329 Ecca.
1186 264 1258 329 Gar.
1271 263 1331 330 III.
1512 265 1553 327 55

92 451 173 530 tiles,
195 454 232 514 ut
256 449 445 529 comoedias,
464 451 554 516 ludos
574 473 657 530 suos,
671 451 716 516 sic
729 451 1049 518 &instrumentorum
1063 451 1215 536 strepitus
1228 449 1299 515 Diis
1312 452 1378 516 suis
1391 455 1554 516 consecra-

91 543 171 618 runt,
185 561 305 626 eosque
318 538 463 624 Templis
476 540 498 604 dt
511 540 608 604 sacris
620 563 730 605 eorum
743 540 930 605 intulerunt.
954 541 1057 606 Erant
1070 540 1154 606 enim
1167 540 1233 606 ludi
1246 563 1356 604 omnes
1368 539 1402 605 in
1418 539 1553 605 Graecia

91 631 145 694 aut
159 628 317 712 gymnici,
335 633 392 694 aut
403 629 525 706 musici,
540 633 596 694 aut
607 628 733 694 scenici.
757 627 838 694 Ludi
850 651 906 693 seu
920 651 1038 715 agones
1050 628 1163 694 musici
1175 633 1321 713 occupati
1337 633 1427 694 erant
1438 630 1472 693 iu
1484 651 1553 693 car·
1596 687 1600 696 ,

92 716 229 780 minibus
245 717 285 780 ad
297 716 392 796 Deos,
406 741 461 783 seu
476 717 614 800 hymnis,
623 718 743 783 adhaec
753 719 786 782 in
797 717 930 797 threnis,
937 719 1125 802 paeonibus,
1136 716 1359 802 dithyrambis3
1368 722 1405 783 ut
1414 721 1461 783 est
1470 718 1552 801 apud

96 803 259 872 Platonem
275 806 341 872 Lib.
356 807 385 870 3.
402 809 441 872 ‹a›
455 807 586 892 Lepitua
601 807 659 872 aut
675 809 782 894 finem.
806 807 940 884 Proetus
955 809 990 872 ia
1006 810 1066 873 sart
1080 807 1330 874 Chrestomuchirt
1342 813 1438 893 (quae
1450 809 1555 871 exstat

12 965 14 968 ,
92 895 173 978 apud
190 893 344 962 Pharium
358 897 393 960 ia
405 895 593 961 Bibliotheca
603 896 669 962 Lib.
685 897 773 980 239.)
786 896 1047 961 melicicarminis
1057 898 1119 961 tria
1129 917 1247 981 genera
1256 899 1409 973 recenset,
1419 917 1553 982 quorum

91 983 150 1048 alia
174 983 215 1047 ad
236 982 321 1048 Deos
333 985 505 1068 pertinent,
522 985 586 1049 alia
601 985 641 1048 ad
657 984 812 1065 homines,
828 985 892 1049 alia
905 987 945 1050 ad
956 985 1106 1050 samnitas
1120 985 1328 1050 calamitates.
1353 985 1405 1048 Ad
1416 985 1553 1068 primam

90 1072 220 1136 classem
242 1071 342 1138 refert
364 1073 530 1158 hymnum,
548 1073 726 1158 prosodion,
743 1095 908 1158 paeonem,
921 1074 1171 1158 dithyrambum,
1188 1096 1315 1152 nomon,
1328 1074 1486 1151 adonidis,
1495 1073 1551 1158 jo-

91 1159 254 1239 bacchnm,
270 1160 528 1246 hyporohemata.
546 1160 688 1238 Quorum
701 1161 927 1245 descriptiones
939 1163 1007 1226 illic
1019 1163 1135 1241 rideat,
1149 1163 1200 1227 cui
1213 1167 1314 1227 vacat.
1328 1161 1475 1226 Breviter
1483 1166 1553 1226 tota

91 1249 142 1313 illa
164 1249 300 1335 antiqua
322 1248 446 1316 Musica
468 1251 634 1316 dicebatur
657 1251 773 1330 divina,
798 1249 869 1314 Diis
894 1251 1006 1331 amica,
1031 1252 1163 1338 ejusque
1187 1251 1290 1315 omnis
1303 1251 1498 1315 scientiavel
1512 1252 1553 1315 ad

90 1335 228 1402 Deorum
247 1338 394 1416 honores,
413 1339 465 1404 vel
489 1339 529 1403 ad
543 1341 722 1425 juventutis
740 1339 973 1405 institutionem
993 1340 1209 1417 referebatur3
1226 1343 1308 1404 teste
1329 1339 1501 1405 Plutarcho
1516 1340 1554 1404 de
1652 1361 1655 1368 ’

91 1427 227 1494 unica:
249 1430 344 1513 aqut
355 1428 506 1514 religiosa
518 1428 585 1492 scil.
598 1428 733 1508 Musica,
746 1429 952 1514 conqueritur
967 1429 1081 1495 ibidem
1097 1429 1194 1493 nimis
1210 1429 1355 1494 recedere
1368 1427 1552 1492 elioemina-

89 1519 152 1580 tem
168 1515 263 1579 illam
276 1519 299 1583 tr
310 1515 512 1582 theatralem.
537 1516 638 1604 Atqui
651 1521 756 1583 totum
767 1516 930 1582 theatrum
943 1519 1101 1583 scenicum
1116 1519 1207 1604 [pag.
1222 1517 1303 1603 549]
1317 1538 1389 1581 cum
1404 1516 1553 1582 omnibus

13 1603 14 1608 ’
88 1603 156 1668 aliis
168 1603 255 1668 ludis
270 1605 295 1670 h
313 1605 503 1689 spectaculis
515 1606 657 1671 Deorum
669 1605 783 1671 honori
796 1607 819 1672 ta
832 1606 933 1670 cultui
945 1606 1108 1672 dedicatus
1120 1611 1199 1685 erat,
1217 1607 1348 1691 ejusque
1364 1609 1489 1688 partem
1502 1605 1553 1670 fa·

88 1691 206 1758 ciebat:
231 1715 309 1779 ergo
333 1693 501 1760 &Musica
525 1694 704 1762 theatralis.
727 1695 810 1760 Vide
825 1695 926 1760 and.
939 1696 993 1760 32.
1006 1697 1108 1761 cuml
1128 1695 1266 1760 Corinth.
1282 1694 1333 1758 14.
1345 1715 1425 1776 aas.
1440 1693 1470 1760 7.
1485 1694 1553 1761 8.&
1624 1729 1631 1741 ·

93 1783 274 1847 Tertrrttiaa.
287 1782 326 1848 de
335 1782 530 1868 Spectaculis.
544 1806 612 1868 cap.
627 1785 678 1850 10.
698 1783 784 1864 Quae
794 1805 866 1849 aero
877 1805 955 1858 voce.
968 1783 1119 1864 &modia
1132 1783 1310 1870 herponis,
1321 1781 1552 1870 tityriatraas·

88 1871 227 1954 ipuatur,
249 1872 300 1938 uc.
322 1872 447 1938 Daaht.
472 1874 502 1936 3.
526 1894 604 1938 vera.
627 1873 658 1940 5.
676 1896 745 1938 mos
764 1873 1005 1938 idololatrarum
1018 1874 1198 1952 innotescit,
1215 1873 1272 1937 ubi
1286 1871 1552 1939 dedicationem&

88 1959 307 2024 adorationem
318 1960 470 2046 imaginis
484 1983 593 2027 omnes
602 1963 756 2047 jubentur
767 1962 937 2041 celebrare,
950 1966 1047 2048 atque
1056 1963 1096 2026 ad
1104 1962 1249 2026 auditum
1258 1981 1374 2026 acaum
1383 1981 1551 2036 curuum,
1589 2001 1594 2010 ·

85 2049 215 2134 pietatm
236 2049 382 2127 citharae,
405 2050 454 2115 dac.
479 2048 578 2115 Porro
598 2051 636 2116 de
660 2049 837 2130 Theatmli,
861 2055 958 2136 atque
974 2052 1051 2115 adeo
1065 2051 1213 2116 universa
1224 2049 1348 2115 Musica
1359 2051 1551 2128 veterum&

86 2135 305 2202 instrumentis
325 2136 467 2216 Musicis,
488 2138 588 2204 videri
607 2143 752 2224 possunt,
766 2161 848 2226 quae
864 2140 1004 2205 studiose
1020 2139 1151 2224 collegit
1163 2141 1227 2206 lut.
1242 2141 1325 2206 Caes.
1339 2139 1550 2224 Bateraperiua

84 2224 132 2289 ut.
159 2226 192 2290 2.
212 2226 253 2291 de
275 2227 415 2292 Theatra.
436 2227 588 2308 Secum
603 2229 625 2294 J
627 2228 719 2294 udaei
740 2227 897 2307 hodierni,
913 2231 950 2292 ut
964 2233 1093 2294 censent
1106 2232 1209 2293 totum
1221 2228 1313 2292 illum
1325 2226 1366 2294 V.
1380 2226 1418 2294 T.
1431 2228 1551 2314 partim

86 2314 239 2398 typicum,
264 2315 382 2399 partim
406 2316 654 2382 ambulatorium
678 2317 782 2382 cultus
805 2317 905 2381 divini
928 2320 1095 2382 externum
1118 2317 1246 2382 modum
1270 2316 1489 2394 retinendom;
1506 2318 1551 2383 sic

87 2401 184 2467 etiam
202 2401 363 2468 Musicam
381 2426 514 2484 sacram,
534 2427 616 2492 quae
634 2408 663 2472 1.
685 2406 829 2490 Paratip.
843 2407 896 2471 25.
908 2405 1107 2470 describitur.
1131 2404 1183 2471 Ne
1196 2407 1273 2492 quid
1285 2405 1399 2485 dicam,
1415 2405 1453 2470 do
1466 2406 1550 2470 anti·
1649 2431 1652 2436 ·

84 2511 219 2576 quorum
240 2491 437 2558 Judaeorum
460 2498 535 2559 ante
558 2494 722 2560 Christum
742 2495 900 2574 κακοζηλίᾳ
926 2489 1074 2574 Ethnicet,
1093 2495 1183 2580 cujus
1199 2495 1359 2580 specimen
1377 2493 1496 2559 dabant
1517 2495 1550 2559 in

83 2577 261 2645 hoembus.
278 2581 385 2647 Mna.
402 2582 433 2645 9.
447 2583 500 2647 23.
514 2583 569 2648 ubi
582 2586 798 2648 memorantur
811 2579 936 2653 eumz
947 2583 1105 2648 tibicines.
1118 2582 1166 2647 De
1179 2581 1302 2648 Musica
1313 2582 1453 2648 imerali
1464 2582 1550 2648 aen-

82 2667 189 2734 tihum
214 2669 286 2734 side
308 2670 496 2738 Gutheriurn
516 2673 582 2738 Lib.
606 2673 635 2738 l.
655 2673 692 2738 rte
710 2673 786 2738 lure
802 2671 948 2736 Martiam
960 2693 1029 2757 cap.
1043 2675 1095 2736 23.
1114 2673 1374 2740 Corrmeutatarea
1386 2672 1429 2737 aot
1445 2673 1550 2739 Persii

82 2755 188 2844 Sutyr.
202 2759 271 2824 aa
288 2760 410 2825 Pricaci
424 2761 573 2837 Notaavad
585 2762 691 2828 Matth.
705 2762 736 2826 9.
748 2781 827 2826 aera
842 2759 894 2823 29.
920 2758 1042 2826 Morem
1049 2762 1146 2828 illum
1160 2759 1337 2826 Gentilium
1349 2783 1411 2825 non
1421 2763 1549 2827 tantum

80 2843 201 2910 imitati
225 2851 302 2914 sunt
311 2847 440 2926 Judaei,
453 2851 507 2914 sed
520 2852 543 2916 ta
555 2850 814 2942 consuetudinem
830 2851 940 2930 postea
953 2851 1043 2934 quasi
1061 2851 1166 2935 legem
1179 2848 1377 2913 habuerunt:
1391 2848 1561 2933 siquidem¹

80 2935 274 3000 eredendum
296 2934 461 3018 Mischnpe
485 2937 716 3004 Thalmudicae
732 2937 891 3003 inGodioe
905 2938 1047 3005 &tonabat
1058 2961 1127 3022 cap.
1141 2939 1172 3001 4.
1184 2939 1214 3023 ξ.
1227 2937 1258 3003 4.
1271 2938 1308 3016 R,
1323 2937 1444 3002 Jehuda
1459 2938 1547 3004 elisit:

80 3025 176 3088 etiam
197 3043 325 3109 pauper
343 3027 401 3112 qui
415 3038 458 3092 eat
474 3028 559 3093 iutra
575 3029 731 3095 Israeliten
746 3048 813 3092 aaa
826 3025 982 3111 praebebit
994 3026 1101 3112 (uxori
1113 3027 1181 3094 scil.
1208 3025 1240 3090 in
1261 3027 1448 3110 captivitate
1461 3049 1547 3091 mor-

79 3113 169 3195 tuae)
190 3113 297 3178 minua
316 3136 414 3200 qnam
430 3129 557 3204 artrpnr
574 3112 695 3188 mutatu
719 3133 770 3186 rra
789 3115 896 3194 idest,
916 3116 999 3181 duas
1012 3117 1112 3194 tibias,
1136 3115 1435 3182 camararium.
1459 3114 1548 3180 ldem

79 3199 196 3266 iisdem
208 3201 315 3266 verbis
327 3203 445 3286 repetit
456 3199 666 3266 Maimonides
677 3200 712 3264 in
728 3216 841 3276 ritaret
853 3225 922 3287 cap.
938 3205 989 3268 14.
1002 3203 1059 3268 ubi
1071 3205 1174 3269 addit:
1188 3206 1216 3269 ai
1227 3205 1312 3270 diras
1324 3205 1373 3282 sit,
1386 3205 1464 3291 fiant
1479 3227 1547 3270 orn·

79 3291 135 3354 ain
147 3291 327 3356 muudum
340 3292 532 3377 dipar'tatera.
547 3289 757 3357 Nebrisseasia
780 3291 816 3354 ia
838 3295 898 3358 aad
912 3294 1143 3380 Qraiapaapeurt
1166 3313 1233 3377 cap.
1243 3293 1341 3358 adad
1350 3293 1497 3358 Matthaei
1505 3296 1547 3359 to·

78 3399 152 3444 arm
165 3380 216 3444 cit.
227 3378 377 3444 observat
385 3380 481 3445 tibias
496 3378 529 3442 in
541 3377 652 3442 funere
662 3382 866 3462 puerorum&
877 3382 1058 3465 puellarum
1070 3382 1216 3447 adhiberi
1232 3381 1353 3462 solitas,
1359 3382 1453 3466 juxta
1467 3382 1548 3447 illud

75 3465 177 3532 Statii
192 3466 228 3532 in
245 3469 277 3534 6.
289 3467 446 3533 Thebaid.
476 3467 574 3546 Titia,
590 3468 642 3532 cui
657 3479 776 3532 teucros
792 3482 916 3536 auctura
933 3471 1083 3536 deducere
1095 3493 1214 3551 maaca,
1231 3471 1264 3535 in
1276 3470 1388 3535 funere
1407 3470 1548 3536 virorum

73 3555 185 3634 tubas,
202 3557 299 3640 juxta
318 3557 399 3622 illud
419 3555 520 3622 Persii
541 3554 608 3620 Sat.
633 3556 664 3619 3.
681 3557 763 3622 Hirro
777 3557 861 3638 taba,
882 3561 1027 3626 ceaddae
1038 3563 1087 3627 tac.
1100 3561 1144 3624 Et
1156 3561 1308 3625 Lactantii
1320 3559 1451 3638 dictum,
1464 3561 1548 3643 quod

73 3643 150 3710 ibid.
173 3645 272 3722 citat;
291 3646 435 3711 berillo
448 3645 517 3711 Joh.
533 3645 676 3710 mator
691 3646 728 3709 ia
744 3645 934 3715 Praeteritis.
951 3647 1087 3713 Tertull.
1100 3649 1137 3713 de
1150 3653 1285 3732 spectac.
1303 3669 1371 3731 cap.
1387 3649 1438 3713 10.
1450 3645 1547 3713 tibias

72 3733 210 3799 &tubas
222 3737 315 3798 vocat
326 3734 409 3800 duos
424 3734 696 3820 inquinatissimos
712 3733 846 3801 arbitros
861 3740 1016 3822 saumuro
1034 3737 1065 3803 a
1081 3758 1254 3802 samariam.
1274 3740 1400 3803 Grotius
1412 3737 1447 3800 ira
1460 3737 1547 3804 Notis

70 3823 113 3888 ad
131 3822 248 3888 Marah.
267 3823 297 3886 9.
310 3843 339 3887 a.
356 3824 409 3902 23,
421 3844 537 3888 vanam
550 3821 632 3886 hanc
643 3845 793 3907 pompam
805 3824 973 3891 funebrem
985 3827 1112 3892 videtur
1123 3848 1273 3891 excusare
1282 3825 1374 3904 velle,
1387 3823 1460 3889 oum
1470 3825 1547 3891 dicit

12 3907 14 3956 i
70 3909 101 3976 in
120 3911 202 3997 lege
217 3910 280 3976 Dei
298 3933 364 3977 non
380 3911 479 3977 fuisse
499 3911 703 3996 prohibitam.
729 3911 873 3978 Huncin
885 3915 982 3980 tinem
993 3916 1109 3980 statuit
1131 3937 1251 3979 morem
1263 3915 1356 3978 illum
1368 3935 1431 3978 non
1447 3913 1546 3980 fuisse

12 4001 14 4008 “
71 4002 90 4064 ir
105 3999 302 4066 Gentilibus
313 3999 354 4065 ad
368 4000 508 4065 Judaeos
522 4000 714 4082 traductum,
728 4003 783 4067 sed
795 4004 880 4086 apud
892 4003 977 4088 ipsos
990 4003 1261 4090 antiquissimum.
1285 4001 1376 4078 Quod
1387 4005 1496 4068 tamen
1508 4005 1546 4068 de

12 4109 14 4178 ι
68 4088 164 4154 tibiia
183 4089 290 4154 aliove
310 4087 406 4154 cantu
426 4089 664 4154 instrumentali
683 4090 814 4155 minime
834 4092 998 4175 probatur.
1011 4090 1096 4157 Illud
1110 4094 1260 4158 lanariae
1272 4093 1302 4154 9.
1316 4112 1343 4156 o.
1364 4089 1415 4155 17.
1433 4091 1473 4155 ab
1489 4092 1546 4157 illo

12 4181 14 4250 ἶ
69 4178 261 4264 allegatum
281 4180 501 4262 practicarum,
517 4200 581 4242 non
600 4178 764 4259 tibiarum,
781 4180 923 4266 aliquam
936 4181 1161 4267 antiquitatem
1173 4180 1320 4268 (saeculis
1333 4179 1459 4265 aliquot
1470 4185 1544 4246 ante

12 4257 14 4322 i
69 4266 262 4347 Christum)
278 4288 343 4331 non
355 4288 430 4332 vero
441 4265 698 4354 antiquissimam
713 4269 748 4332 in
767 4267 900 4334 familiis
920 4269 1180 4335 Patriarcharum
1201 4275 1258 4336 aut
1277 4273 1351 4334 ante
1363 4269 1545 4354 ingressum

12 4599 16 4813 l

65 4353 301 4424 Israelitarum
314 4356 348 4420 in
361 4352 548 4442 Aegyptum
561 4357 709 4423 ostendit.
722 4357 766 4423 Et
777 4380 853 4423 sane
865 4362 1008 4444 tempore
1021 4358 1181 4426 ieremias
1194 4381 1231 4425 ao
1242 4363 1310 4425 toto
1322 4362 1466 4444 tempore
1478 4357 1544 4424 Re·

1455 4467 1542 4532 gum,
