3736 4860
318 255 429 322 Talon.
442 254 483 320 Π.
509 254 598 322 Scor.
611 254 654 321 II.
677 256 726 321 Dr
738 279 861 322 naamon
873 255 973 322 Vnam
986 255 1091 323 vanu
1104 255 1323 322 Talorarvonn.
1490 256 1553 320 105

93 444 123 508 in
137 443 255 528 quibus
271 466 328 528 per
338 443 420 508 tales
432 443 597 507 conciones
609 441 670 507 Dei
683 443 823 528 cognitio
839 445 943 529 magis
959 445 1098 509 abundet
1110 465 1217 528 quam,
1230 447 1287 506 aut
1299 464 1398 525 aeque
1415 442 1555 508 abundet

93 556 125 598 ac
140 534 170 596 in
183 531 349 608 Ecclesiia
367 532 423 596 ubi
436 531 548 596 relicto
559 531 622 596 isto
635 531 840 596 concionandi
852 532 956 608 modo,
967 533 1086 616 partim
1097 532 1217 617 integri
1231 531 1306 596 libri
1317 530 1436 614 partim
1448 534 1555 596 textus

94 644 146 706 pro
160 621 352 685 necessitate
364 619 388 684 tt
400 619 564 684 occasione
577 619 687 684 selecti
699 624 888 686 tractantur.
906 620 969 686 Sed
981 621 1101 686 frustra
1112 621 1292 704 quaerendo
1304 627 1338 684 se
1350 617 1553 704 fatigabunt:

94 711 163 794 quia
180 709 292 773 nullae
312 713 397 774 sunt.
421 706 602 773 Universali
614 717 700 792 ‘ergo
722 709 936 792 experientiae
949 710 1260 794 obloquendnmnon
1273 711 1331 773 est.
1356 705 1460 772 Instat
1472 707 1554 772 forte

94 799 169 882 quis,
188 798 369 864 Instantius
384 796 470 861 Dato
483 819 539 880 per
550 797 634 861 solas
646 797 851 862 dominicales
865 798 1029 863 conciones
1044 798 1257 882 cognitionem
1273 796 1345 874 Dei,
1357 796 1390 860 in
1404 795 1556 862 Ecclesiis

94 887 210 952 talibus
227 886 307 950 baut
317 885 423 971 magis
437 885 610 964 abundare,
623 886 742 968 poterit
753 889 861 952 tamen
878 890 1046 971 nequeant
1061 887 1165 970 magis
1178 886 1349 963 abundare,
1361 908 1420 968 per
1432 885 1556 950 additas

93 976 209 1060 partim
233 975 430 1059 integrorum
452 973 617 1050 librorum,
638 974 754 1057 partim
774 975 963 1040 selectorum
975 979 1122 1040 textuum
1135 975 1364 1058 praelectiones
1379 973 1402 1038 t
1418 973 1555 1056 explica·

92 1064 201 1128 dones.
217 1065 307 1146 Resp.
325 1062 428 1127 Immo
448 1085 512 1126 non
531 1062 667 1146 poterit:
684 1062 760 1148 quia
771 1063 805 1127 in
820 1061 972 1130 Ecclesiis
984 1069 1053 1128 tum
1065 1062 1255 1150 Lutheranis
1269 1067 1339 1127 tum
1351 1061 1555 1136 Reformatis,

94 1150 224 1218 Vicanis
245 1152 311 1216 scil.
330 1154 353 1218 ta
376 1149 564 1235 Oppidanis,
577 1150 632 1214 ubi
644 1149 857 1216 Dominicalia
869 1153 1026 1231 obtinent,
1040 1153 1121 1217 tales
1133 1152 1299 1216 conciones
1312 1151 1556 1215 extra-domini-

93 1241 172 1306 cales
190 1263 256 1304 non
277 1240 443 1320 habentur.
468 1238 505 1302 ln
525 1239 698 1322 majoribus
718 1239 909 1305 Civitatibus
924 1242 950 1304 si
964 1241 1074 1306 diebus
1092 1240 1238 1324 profestis
1251 1240 1433 1304 concionem
1444 1239 1557 1303 haberi

93 1331 269 1414 contingat,
289 1329 328 1392 iis
348 1333 533 1392 tamennon
557 1332 759 1412 promovetur
779 1329 919 1413 cognitio
937 1330 998 1394 Dei
1017 1335 1050 1394 in
1070 1328 1209 1412 Populo:
1229 1351 1301 1393 cunr
1321 1327 1556 1411 spaucioribus

92 1419 192 1483 dictae
213 1418 379 1482 conciones
394 1415 576 1494 audiantur,
596 1438 654 1480 nec
673 1417 782 1482 fideles
798 1418 904 1482 adeas
917 1418 1088 1483 audiendas
1105 1416 1313 1482 canonibus&
1326 1416 1480 1500 discplinb
1492 1415 1555 1481 Ec·

91 1507 205 1571 clesiae
227 1506 485 1590 constringantur
496 1535 503 1578 ;
516 1505 614 1568 immo
627 1527 699 1570 cum
711 1527 775 1570 non
791 1528 862 1570 raro
875 1510 894 1572 a
906 1507 1015 1571 multis
1028 1506 1209 1571 rudioribus
1221 1505 1353 1569 minime
1369 1499 1555 1582 audiantur;

91 1595 142 1678 qui
155 1600 267 1660 tamen
276 1594 351 1658 solis
361 1593 614 1658 Dominicalibus
624 1616 681 1676 per
689 1597 793 1658 totum
801 1595 886 1660 vitae
894 1599 1021 1678 tempus
1030 1595 1125 1679 pasti,
1135 1593 1336 1659 adminiculis
1344 1594 1409 1658 illis
1418 1593 1557 1658 maxime

92 1683 249 1770 indigent.
273 1681 397 1747 Dentur
415 1703 491 1766 ergo
510 1679 682 1760 Ecclesiae,
704 1683 761 1747 ubi
779 1683 845 1748 dies
864 1684 1040 1748 dominicus
1057 1683 1125 1748 sola
1136 1683 1348 1766 explicatione
1359 1683 1557 1748 dominicalis

93 1772 255 1858 euangelii
274 1770 360 1836 horis
380 1775 437 1834 aut
456 1769 535 1834 horai
555 1770 714 1835 matutina
732 1772 831 1855 (quod
843 1772 996 1837 hactenus
1008 1771 1042 1835 in
1055 1771 1207 1836 Ecclesiis
1220 1770 1351 1836 Vicanis
1367 1769 1557 1836 butheranis

94 1862 116 1928 ἃ
130 1861 258 1946 aliquot
270 1858 465 1924 Reformatis
476 1858 620 1923 obtinere
632 1862 753 1924 certum
765 1860 837 1942 est),
850 1865 907 1925 aut
918 1861 1049 1944 insuper
1061 1861 1254 1942 inconjuncta
1261 1860 1470 1944 explicatione
1478 1859 1557 1943 Epi·

93 1947 440 2015 stolaehorisautbort
448 1947 1558 2032 pomeridiand,occupatur;denterinquam,llcclesiaetales,inquibns

93 2037 343 2119 aequeabundet
350 2034 412 2100 Dei
419 2035 654 2120 cognitio,aein
662 2036 735 2100 aliis
742 2037 906 2101 meliorem
913 2038 951 2122 [l.
961 2037 1102 2122 meliori]
1112 2037 1181 2101 viae
1191 2037 1357 2102 abdraesv'o
1365 2041 1559 2102 monstratae

94 2125 328 2190 insistentibus.
342 2123 551 2189 Memineriut
564 2127 672 2188 autem
685 2123 934 2190 Dominicalium
947 2125 1084 2210 patroni,
1097 2125 1195 2190 immo
1207 2125 1230 2190 t
1243 2129 1415 2204 exactores,
1427 2125 1483 2209 qui
1495 2124 1558 2189 Mi-

94 2214 213 2279 nistros
231 2213 349 2278 invitos
366 2212 512 2296 exemplo
533 2233 590 2276 suo
609 2217 665 2276 aut
684 2217 806 2278 statuto
826 2214 1038 2279 ecclesiastico
1053 2214 1129 2279 huic
1148 2213 1366 2288 consuetudini
1380 2215 1557 2299 astringere

97 2306 264 2388 satagunt,
277 2301 442 2366 Amesium
455 2300 547 2366 illum
560 2323 680 2365 morem
693 2301 886 2382 dissuadere,
897 2304 1069 2368 secundum
1082 2325 1177 2387 quem
1191 2325 1229 2367 ex
1245 2302 1354 2367 ordine
1367 2314 1490 2368 lantone
1500 2324 1561 2387 pro

93 2393 241 2458 missione
247 2391 443 2474 replicentur
451 2391 613 2474 pericopae
621 2389 807 2456 laedrustra
819 2413 895 2476 ergo
906 2391 941 2455 in
952 2391 1079 2456 casibus
1088 2392 1128 2456 ad
1135 2391 1390 2456 observationem
1404 2392 1558 2476 decalogi,

96 2480 133 2544 ad
146 2479 265 2564 praxin
280 2478 418 2563 pietatis,
431 2479 471 2542 ad
485 2481 563 2542 bene
575 2479 785 2543 ordinandum
793 2479 956 2545 Ecclesiae
968 2480 1112 2564 regimen
1125 2479 1370 2564 pertinentibus,
1382 2503 1453 2544 cnm
1463 2503 1558 2562 quae·

94 2569 157 2634 stio
176 2572 228 2632 est
243 2567 281 2632 de
299 2566 385 2632 facto
400 2568 501 2650 deque
513 2567 739 2633 consuetudine
754 2567 807 2632 bic
818 2571 841 2634 tt
853 2591 945 2646 nnnc,
960 2568 1106 2654 evagatio
1119 2570 1156 2632 lit
1171 2569 1212 2633 ad
1224 2568 1344 2654 effugia
1355 2569 1393 2634 de
1406 2568 1560 2652 possibili,

12 2723 13 2726 ,
94 2657 208 2741 &quid
224 2656 392 2739 potuisset,
413 2660 469 2719 aut
491 2655 567 2740 quid
580 2677 663 2720 nunc
677 2661 734 2722 aut
745 2657 916 2742 aliquando
927 2662 1034 2742 posset
1046 2657 1125 2722 fieri.
1150 2657 1253 2732 Quam
1266 2661 1367 2722 artem
1379 2657 1411 2720 in
1425 2659 1456 2721 3.
1470 2657 1561 2723 Part.

93 2747 192 2811 select.
215 2745 308 2829 nup.
326 2745 370 2810 lit.
391 2745 429 2809 dc
455 2744 617 2828 Tbeolopid
630 2745 779 2827 practice,
799 2769 837 2809 ex
857 2750 947 2829 parte
967 2745 1153 2812 deteximus.
1177 2744 1311 2810 Memini
1331 2750 1350 2810 a
1368 2749 1457 2829 [pag.
1479 2745 1560 2830 612]

93 2833 250 2900 desento
261 2832 360 2898 theol.
373 2830 561 2897 bovaniensi
575 2834 610 2897 ia
621 2833 762 2919 Spoapid
775 2833 856 2898 mihi
871 2835 1026 2918 opposita,
1039 2835 1079 2898 ad
1102 2835 1259 2918 objectam
1271 2833 1378 2898 calicis
1391 2834 1424 2897 in
1433 2833 1561 2899 Eucha-

94 2922 189 2987 ristia
214 2921 422 3000 ablationem,
446 2920 529 2985 inter
553 2921 617 2984 alia
641 2921 811 3006 excepisse,
836 2945 928 3005 posse
951 2945 1043 2988 usum
1067 2922 1174 2987 calicis
1190 2922 1230 2986 ab
1247 2922 1391 2986 Ecclesia
1403 2921 1562 3006 (Romana

92 3011 181 3094 scil.)
197 3033 323 3076 rursum
338 3009 456 3094 populo
468 3008 605 3074 concedi.
631 3007 694 3075 Sed
708 3011 864 3096 quomodo
876 3034 933 3095 per
944 3008 979 3070 τὲ
991 3033 1083 3095 posse
1091 3011 1223 3094 juvatur
1235 3009 1388 3094 Populus,
1402 3014 1458 3075 aut
1470 3033 1561 3075 accu-

92 3100 178 3164 satio
201 3103 310 3164 nostra
329 3097 481 3173 diluitur;
499 3118 581 3181 quae
604 3120 667 3162 non
689 3096 850 3164 contrari
870 3101 1040 3183 posse,sed
1056 3097 1300 3164 contrafactum
1315 3098 1505 3163 instituitur.
1530 3101 1561 3163 2.

12 3183 13 3272 s
91 3191 222 3272 Except.
243 3188 387 3253 Arcesius
407 3185 469 3250 sibi
490 3186 687 3264 contradicit,
709 3183 781 3252 cuin
798 3189 940 3253 concedit
961 3191 1086 3272 praeter
1098 3187 1343 3271 explicationem
1355 3187 1392 3252 de
1408 3188 1563 3272 capitcad

92 3275 310 3360 caputordina
321 3274 560 3352 instituendam,
570 3274 951 3360 concionesadseparatas
959 3276 1133 3342 sententias
1142 3276 1360 3340 autsectiones
1368 3275 1562 3360 Scripturas.

92 3363 230 3450 Respa
247 3364 359 3450 logicis
379 3363 605 3448 quaerendum,
624 3386 666 3428 an
683 3365 770 3450 leges
789 3365 1046 3430 contradictionis
1068 3364 1204 3430 inveniri
1224 3364 1348 3448 possint
1359 3365 1393 3428 in
1405 3365 1563 3430 sententis

12 3463 13 3532 j
90 3453 303 3518 distributive
325 3475 383 3536 per
403 3453 525 3536 purtim
550 3453 724 3536 inpertivit,
748 3453 824 3536 quid
848 3454 1039 3534 affirmante,
1063 3477 1090 3518 e.
1114 3475 1164 3539 gr.
1188 3453 1336 3519 convenit
1354 3457 1564 3537 autpraestat

12 3537 13 3540 ¹
90 3539 300 3626 Scripturam
321 3541 474 3624 explicari
492 3543 616 3624 parvius
632 3564 688 3625 per
702 3545 807 3606 textus
820 3541 930 3621 libere,
944 3543 995 3608 tc.
1009 3564 1105 3627 quam
1121 3565 1178 3626 per
1188 3543 1344 3608 sectiones
1359 3541 1562 3606 dominicales

12 3701 13 3708 ,
90 3630 265 3696 annuatim
284 3633 491 3694 recurrentes.
517 3627 593 3694 Vin'
614 3630 733 3695 similia
754 3630 965 3714 imaginariae
985 3631 1243 3696 contradictionis
1264 3631 1421 3714 exempla,
1443 3629 1562 3695 Paulus

12 3719 13 3742 ¹
89 3719 207 3786 docuit
229 3717 421 3792 Corinthios,
443 3716 751 3796 Thessalonicenses,
776 3721 825 3786 tc.
849 3720 968 3802 partim
991 3719 1063 3784 vivat
1087 3742 1162 3784 voce
1184 3719 1302 3804 partim
1326 3741 1383 3804 per
1402 3719 1562 3803 epistolas.

12 3811 13 3826 *
89 3807 206 3872 'l'itins
225 3806 376 3890 injuriam
398 3806 509 3870 intulit
532 3805 658 3872 Maeuio
670 3807 788 3890 partim
802 3807 917 3887 verbis,
930 3809 1046 3892 partim
1064 3807 1202 3893 scriptis,
1215 3808 1331 3892 partim
1344 3806 1448 3873 factis.
1473 3805 1562 3873 Her-

12 3971 14 3984 ,
89 3895 231 3962 niachua
255 3894 413 3960 familiam
437 3917 528 3958 suam
551 3899 710 3960 sustentat
731 3897 849 3980 partim
862 3919 900 3961 ex
917 3897 1025 3962 labore
1036 3919 1200 3976 manuum,
1214 3896 1332 3981 partim
1343 3896 1563 3980 eleemosynis.

12 3985 14 3998 '
88 3983 168 4050 Non
181 3986 291 4068 potest
307 3981 500 4067 exceptionis
516 3981 611 4067 hujus
623 3981 738 4058 &seteis
755 3986 832 4070 tegi,
845 3985 907 4050 nisi
919 3985 1042 4052 dicatur
1053 3987 1214 4052 Amesium
1230 3985 1469 4064 determinasse,
1481 3985 1564 4050 inte·

88 4096 169 4159 gros
193 4069 378 4158 Scripturas
394 4070 493 4136 libros
510 4072 664 4156 decapite
681 4074 713 4138 in
726 4077 823 4158 caput
837 4074 940 4139 solum
952 4095 1009 4159 pro
1022 4073 1171 4138 concione
1184 4073 1394 4158 explicandos.
1419 4071 1482 4139 Sed
1498 4075 1564 4140 tale

87 4161 172 4247 quid
196 4160 258 4226 nisi
274 4183 332 4246 per
342 4161 513 4237 παρόραμα,
530 4165 586 4225 aut
597 4162 731 4227 nimiam
743 4162 980 4228 festinationem
993 4163 1054 4228 dici
1065 4162 1187 4247 nequit.
1212 4161 1332 4247 Relege
1352 4163 1446 4228 modo
1467 4185 1563 4248 quae·

87 4252 236 4316 sionem
247 4249 419 4316 abdmesio
438 4249 643 4333 propositam,
663 4252 868 4335 ejusdemque
879 4251 1175 4317 determinationem
1195 4251 1229 4314 in
1243 4255 1367 4335 partem
1381 4256 1563 4337 negantem.

87 4339 104 4408 l
117 4345 134 4408 t
150 4340 197 4406 de
212 4339 274 4406 boc
292 4339 365 4428 plus
383 4336 474 4408 satis.
497 4338 585 4408 Idem
598 4340 744 4432 Kesterua
755 4361 823 4429 cop.
840 4341 891 4408 18.
903 4341 1022 4408 Avuesii
1035 4339 1227 4408 sententiam
1243 4340 1280 4408 de
1293 4339 1495 4420 lectionibus,
1508 4363 1564 4440 seu

1441 4451 1564 4500 concio·
