3712 4850
263 298 377 364 Tales.
400 297 442 363 Il.
467 298 514 363 Da
539 299 674 376 Pornsr,
698 298 771 362 Por..
796 321 831 362 m
855 298 955 363 Orsua
992 299 1117 364 Eccass.
1143 299 1214 366 Osa.
1240 299 1296 364 XI.
1383 257 1384 262 i
1464 299 1526 360 239

16 485 17 504 ³
88 486 188 548 locvs.
206 485 253 548 lu.
277 485 349 550 t2.
372 505 440 569 cop.
455 487 483 548 1.
506 505 583 549 vers.
603 485 655 549 12.
685 486 754 550 Gal.
768 485 798 548 3.
812 507 890 550 cers.
907 487 935 549 1.
957 487 986 547 2.
1005 486 1114 568 Eplecs.
1128 487 1157 550 5.
1186 509 1265 552 cers.
1289 485 1340 548 14.
1362 523 1391 531 -
1415 485 1444 547 2.
1458 486 1527 550 aar.

16 597 18 608 ¹
86 571 154 647 Quia
177 573 314 638 Oenones
331 597 387 638 seu
406 573 558 648 Δικταγκί
575 573 683 637 stricte
697 578 844 658 acceptae
855 575 982 659 proprie
996 577 1018 640 t
1033 578 1158 639 tantum
1171 577 1234 662 (uti
1246 575 1391 660 plerique
1407 573 1527 650 volunt,

16 685 18 728 ι
87 664 106 726 t
119 665 188 726 inter
199 685 250 726 eos
262 665 395 728 Duaeus
408 665 527 747 leupop.
541 662 591 726 lit.
605 663 653 727 cit.
666 684 732 746 cap
751 667 763 725 l
776 665 817 748 l.)
831 665 944 727 saltem
956 665 1126 747 praecipue
1139 668 1161 730 ta
1174 666 1361 749 plerumque
1374 663 1528 746 praescri-

87 750 152 814 bunt
165 755 329 816 extefflum
342 752 489 816 decorum
500 753 534 815 in
546 752 640 815 rebus
653 752 802 830 extemis,
819 755 841 818 e
854 753 996 817 ordinem
1013 754 1046 816 in
1058 754 1153 818 rebus
1166 753 1364 838 adiaphoris:
1378 753 1477 816 solam
1494 751 1529 814 ia

87 839 160 905 retus
183 841 316 906 celeratis
346 839 377 906 e
404 841 654 928 indifferentibus
681 842 923 929 aedificationem
948 843 1078 927 quaerit,
1086 844 1218 927 judicat,
1232 842 1446 930 definitis-ueta
1462 841 1528 905 sacis

86 929 141 992 istis
159 931 285 1015 Dpitrrs
310 930 453 994 Emissis.
478 929 559 994 Sunt
583 929 680 994 verba
703 929 816 994 Danei.
842 929 990 1014 Plerique
1006 931 1148 996 Canones
1161 931 1382 1015 praescribunt
1394 951 1528 994 eonven-

85 1024 160 1082 tuum
180 1019 487 1098 Ecclesiasticorurn,
509 1019 739 1104 &agendorum
752 1019 786 1082 in
798 1020 838 1083 iis
850 1020 1002 1096 ordinem,
1016 1025 1152 1104 tempus,
1167 1022 1279 1096 locum,
1295 1021 1435 1096 modum,
1449 1018 1529 1082 ritus

85 1107 118 1170 ad
137 1106 272 1180 catera,
299 1110 322 1173 tr
346 1109 386 1171 ad
413 1106 635 1186 ἀσχημοσύνην
658 1109 863 1190 pertinentes.
888 1107 1044 1173 Nonnulli
1057 1115 1132 1173 suut
1146 1109 1288 1174 Canones
1300 1108 1481 1174 tolerantiae
1499 1107 1529 1172 e·

85 1197 270 1272 remesitclm3
294 1197 332 1262 de
355 1196 421 1262 illis
448 1197 528 1273 scil,
552 1218 633 1280 quae
657 1197 800 1261 Ecclesia
812 1196 917 1256 taenea
935 1195 1049 1256 ἀέκοντι
1067 1202 1157 1275 θυμῷ
1169 1199 1337 1264 admittere
1350 1198 1474 1282 cogitur
1487 1196 1527 1260 ob

85 1285 137 1348 vim
148 1287 306 1368 majorem,
320 1289 343 1351 tr
355 1308 505 1370 magnam
518 1286 590 1348 inde
602 1283 763 1350 Ecclesiae
780 1287 1016 1352 concussionem
1029 1290 1085 1350 aut
1097 1286 1255 1351 libertatis
1268 1309 1344 1352 suae
1357 1286 1529 1350 subtracti-

83 1395 171 1451 onem,
181 1375 208 1438 si
223 1397 288 1439 uon
299 1375 432 1440 totalem
444 1373 679 1457 dissipationem
693 1375 966 1458 praeveniendam,
980 1380 1036 1439 aut
1048 1378 1260 1440 avertendam.
1285 1377 1352 1440 Alii
1366 1379 1438 1439 sunt
1451 1375 1528 1439 Aui-

83 1461 180 1546 aptori
194 1466 215 1530 tv
230 1465 418 1547 permisciut,
431 1463 464 1527 in
476 1463 669 1547 Adiaphoris
686 1465 875 1547 quibusdam
888 1465 1078 1529 alterutrum
1090 1489 1184 1528 usum
1198 1465 1344 1530 electioni
1358 1467 1380 1530 tr
1397 1463 1529 1527 arbitrio

82 1552 264 1637 singularum
285 1552 499 1617 Ecclesiarum
516 1553 748 1636 permittentes.
774 1553 841 1617 Alii
853 1559 927 1617 sunt
941 1555 1178 1638 proci-sicusim,
1192 1555 1307 1639 quibus
1324 1558 1409 1620 certo
1422 1552 1529 1636 aliquo

84 1663 175 1705 rerum
190 1647 286 1718 statu,
298 1642 332 1704 in
345 1641 505 1725 aliquibus
518 1642 557 1704 ad
569 1641 696 1705 solitam
709 1644 732 1708 tr
744 1643 906 1726 publicam
918 1643 1079 1707 doctrinae
1091 1644 1351 1728 propositionem,
1363 1665 1418 1706 seu
1427 1642 1529 1706 mavis

85 1731 260 1814 proponendi
285 1731 424 1808 modum,
448 1731 488 1794 ad
499 1731 664 1815 regiminis
677 1733 699 1796 dv
712 1729 897 1815 disciplinae
911 1732 1096 1796 exercitium
1109 1733 1338 1815 spectantibus,
1351 1733 1391 1795 ad
1403 1735 1530 1814 ternpus
1592 1795 1593 1798 ,

84 1819 140 1882 sive
160 1819 251 1883 breve
278 1819 697 1904 sivelongiusomittendis:
712 1821 898 1905 usquedum
913 1821 1041 1900 χαλεποὶ
1057 1822 1104 1885 illi
1121 1833 1209 1896 sarpa
1223 1826 1396 1898 mutentur,
1413 1822 1530 1886 &tem-

85 1913 176 1989 festas
201 1908 430 1991 persecutionis
442 1912 600 1986 externae,
615 1913 670 1973 aut
685 1909 855 1973 intestinae
868 1909 1076 1974 contentionis
1089 1911 1258 1974 desaeviat.
1284 1910 1350 1975 Alii
1363 1914 1437 1974 sunt
1452 1931 1528 1973 corn-

83 1999 200 2075 sulton'i,
212 1998 267 2080 qui
280 2020 344 2061 non
356 2002 423 2060 tam
438 1997 665 2080 praescribunt,
678 2021 774 2082 quam
787 1999 964 2077 consulunt,
983 2001 1067 2082 quod
1080 2000 1169 2084 [pag.
1186 2000 1267 2085 288]
1283 2000 1383 2064 tutius
1399 2001 1420 2064 a
1434 2021 1530 2082 expe·

83 2085 210 2166 ditius&
225 2086 342 2151 minori
354 2108 426 2150 cunr
438 2085 609 2150 offensione
625 2088 770 2151 videatur
782 2087 851 2150 fieri
867 2091 922 2151 aut
935 2111 997 2151 nou
1014 2089 1083 2152 fieri
1094 2111 1197 2174 posse.
1214 2088 1278 2152 Alii
1291 2089 1425 2172 denique
1435 2089 1531 2172 platee

83 2195 130 2256 prr
149 2177 294 2254 mciderve,
323 2177 346 2240 tv
368 2187 494 2259 propter
517 2176 607 2240 uliud
619 2175 650 2240 u·
660 2177 749 2254 otios,
766 2198 829 2240 non
843 2199 944 2260 perse
959 2177 1181 2256 decernuntur,
1195 2179 1234 2241 ad
1246 2177 1393 2242 evitanda
1406 2182 1461 2240 aut
1474 2179 1531 2240 tol·

85 2265 163 2328 leada
184 2265 348 2329 scandala:
374 2269 410 2328 ut
431 2266 534 2330 Actor.
554 2267 604 2328 15.
628 2265 666 2329 de
694 2266 848 2349 sanguine
872 2266 1077 2332 &suffocato
1102 2265 1165 2330 Sed
1177 2266 1346 2330 Formulae
1363 2289 1531 2330 consensus

83 2351 269 2434 [Catecheses
285 2355 308 2419 tv
321 2352 554 2436 Confessiones)
567 2355 729 2418 continent
742 2357 764 2420 tc
778 2377 816 2418 ex
834 2354 954 2419 tabulis
967 2353 987 2418 J
992 2355 1056 2419 uris
1069 2354 1168 2419 divini
1180 2354 1331 2433 indicant,
1349 2379 1385 2420 ea
1398 2377 1479 2438 quae
1493 2355 1531 2418 ad

83 2441 164 2506 tidem
174 2447 196 2508 d
208 2443 391 2509 interiorem
404 2443 616 2521 sanctitatem,
629 2465 795 2526 moresque
808 2443 934 2507 vivendi
948 2444 1094 2508 omnibus
1111 2445 1308 2528 praescripta
1320 2449 1411 2520 suut;
1426 2447 1448 2510 u
1461 2467 1531 2508 con-

82 2537 235 2614 sequenter
262 2533 303 2596 ad
329 2554 437 2595 curam
465 2532 577 2596 salutis
604 2533 791 2597 necessaria.
817 2534 847 2596 3.
871 2535 939 2598 Ilot.
960 2533 1041 2608 Quia
1061 2556 1217 2598 canonum
1241 2538 1296 2596 aut
1317 2534 1458 2597 omnium
1477 2539 1533 2596 aut·

82 2619 292 2704 plerorumque
320 2624 467 2686 contenta
485 2624 559 2685 sunt
571 2619 660 2685 Juris
672 2621 801 2705 positivi
812 2621 961 2686 humani:
976 2623 1057 2686 unde
1071 2623 1274 2706 appellantur
1287 2623 1373 2707 leges
1387 2627 1441 2686 ant
1455 2621 1532 2688 Con-

82 2709 249 2774 stitutiones
261 2709 438 2786 hnmanae3
452 2732 514 2775 non
527 2709 661 2774 divinae.
686 2709 759 2774 Solo
776 2711 860 2774 eninr
871 2710 892 2775 J
895 2734 950 2774 ure
966 2711 1072 2776 divino
1088 2711 1274 2794 permissivo
1291 2733 1472 2775 concessum
1485 2716 1533 2774 est

81 2797 147 2876 illis,
168 2822 263 2883 penes
283 2821 363 2883 quos
376 2797 520 2863 Potestas
532 2798 767 2878 Ecclesiastica,
781 2801 952 2864 secundum
969 2801 1211 2884 particulares&
1226 2801 1383 2865 variantes
1396 2801 1531 2864 circum-

82 2889 202 2952 stantias
215 2889 359 2953 ordinem
373 2889 395 2952 tv
411 2889 539 2952 modum
551 2889 745 2972 agendorum
757 2891 790 2952 in
799 2889 943 2953 Ecclesia
952 2889 1071 2953 visibili
1080 2889 1259 2954 Canonibus
1269 2889 1533 2973 aliquotcircum-

81 2977 214 3056 seribere,
242 2979 282 3042 ad
305 2977 479 3042 maximam
501 2981 571 3040 tum
594 2977 736 3042 fidelium
760 2983 829 3042 tum
852 2978 1014 3042 unitarum
1039 2979 1252 3044 Ecclesiarum
1265 2979 1531 3054 commoditatem,

81 3067 346 3151 tranquillitatem,
371 3067 637 3131 aedificationem:
664 3069 755 3131 modo
779 3090 819 3132 ne
831 3067 851 3132 J
854 3068 903 3131 uri
916 3067 1022 3131 divino
1036 3073 1092 3132 aut
1106 3068 1244 3132 naturali
1257 3071 1447 3152 repugnent.
1472 3067 1533 3131 Sed

81 3161 217 3220 matenta
239 3155 482 3220 Confessionum
507 3153 876 3241 &Catecbesium(quae
893 3156 960 3220 scil.
978 3159 1169 3240 &quatenus
1182 3161 1266 3220 recte
1283 3159 1446 3240 concepta)
1459 3163 1533 3220 sunt

81 3240 159 3308 luris
180 3245 296 3322 divini3
321 3245 360 3308 ad
373 3267 507 3328 quorum
519 3246 614 3310 fidem
631 3247 654 3312 tr
667 3246 921 3309 observationem
934 3267 1042 3310 omnes
1055 3245 1264 3311 conscientiae
1281 3249 1397 3312 nunc&
1410 3268 1534 3328 semper

82 3329 186 3398 duecte
209 3334 405 3418 obligantur,
433 3334 508 3418 quia
535 3335 601 3398 scil.
628 3334 650 3402 a
677 3338 833 3418 quatenus
846 3357 884 3399 ex
899 3334 990 3398 unico
1003 3335 1076 3398 fidei
1087 3334 1255 3418 principio,
1270 3335 1365 3399 verbo
1379 3334 1445 3400 scil.
1462 3334 1533 3412 Dei,

83 3427 300 3506 proponuntur.
325 3421 385 3486 Est
397 3423 517 3488 enim&
533 3423 627 3487 debet
642 3446 709 3488 esse
723 3423 800 3487 fides
816 3427 924 3487 nostra
938 3445 999 3486 non
1011 3429 1191 3506 temporum
1201 3425 1256 3487 sed
1265 3423 1532 3508 Euangeliorum:

83 3515 110 3572 ut
128 3516 197 3575 ntur
214 3511 326 3595 phrasi
345 3509 474 3575 Hilarii.
494 3513 523 3574 4.
546 3513 616 3578 Dat.
638 3511 720 3586 Quia
741 3515 889 3576 contenta
901 3511 1143 3576 Confessionum
1156 3515 1178 3578 tr
1191 3512 1411 3576 Cateclresiuni
1424 3535 1534 3576 omues

82 3595 204 3680 Fideles,
227 3623 337 3666 omues
350 3603 572 3676 antecessores,
588 3622 696 3664 omnes
712 3600 882 3679 Ecclesiae,
895 3601 980 3664 omni
994 3602 1061 3666 loco
1080 3602 1257 3684 &tempore
1270 3624 1369 3685 nsque
1387 3601 1425 3664 ad
1439 3602 1532 3665 finem

82 3689 176 3754 muudi
190 3689 339 3774 obligant
350 3689 390 3752 ad
402 3689 496 3753 fidem
508 3692 531 3755 tc
543 3689 811 3754 observationem:
824 3690 913 3753 nulla
926 3690 1011 3754 enim
1023 3691 1192 3774 exemptio,
1202 3690 1291 3754 nulla
1301 3691 1534 3774 praerogativa,

81 3778 156 3844 nulla
167 3778 328 3843 contraria
344 3778 463 3842 sanctio
476 3778 529 3843 hic
541 3779 643 3843 locum
655 3779 769 3858 habet;
787 3779 836 3844 uti
848 3779 882 3842 in
894 3781 1067 3846 canonibus
1081 3779 1285 3864 peristaticis

663 3962 953 4030 OsrurXI.

232 4151 370 4222 Coriuau
386 4151 586 4232 Qieacstioacs
597 4153 635 4218 dc
649 4153 783 4217 Decretis
796 4153 1012 4218 Ecclesiasticis
1023 4175 1034 4228 ;
1047 4151 1076 4217 D·
1088 4153 1125 4216 dc
1141 4151 1380 4220 Covisuetudiae.

187 4367 194 4372 .
220 4308 394 4384 Quaeritur
407 4308 444 4372 de
457 4307 600 4372 Decretis
617 4307 848 4371 Ecclesiasticis
876 4307 901 4371 Ι.
928 4308 1052 4388 Qreucst.
1077 4306 1129 4371 An
1148 4307 1283 4372 Decreta
1297 4307 1460 4390 synodalia
1472 4307 1536 4372 sint

83 4421 104 4462 n
180 4398 337 4462 linenda?
363 4398 451 4482 Resp.
476 4395 647 4482 Distingue
671 4397 806 4462 Decreta
834 4396 996 4479 generalia
1023 4419 1078 4459 seu
1110 4396 1240 4473 thetica,
1262 4395 1537 4478 aparticularibus

1481 4509 1537 4548 seu
