<?xml version="1.0" encoding="UTF-8"?>
<!DOCTYPE html PUBLIC "-//W3C//DTD XHTML 1.0 Transitional//EN"
    "http://www.w3.org/TR/xhtml1/DTD/xhtml1-transitional.dtd">
<html xmlns="http://www.w3.org/1999/xhtml" xml:lang="en" lang="en">
 <head>
  <title>
</title>
<meta http-equiv="Content-Type" content="text/html;charset=utf-8" />
  <meta name='ocr-system' content='tesseract 3.04.00' />
  <meta name='ocr-capabilities' content='ocr_page ocr_carea ocr_par ocr_line ocrx_word'/>
</head>
<body>
  <div class='ocr_page' id='page_1' title='image "./gisbertivoetiit00rutggoog_0583.png"; bbox 0 0 3736 4860; ppageno 0'>
   <div class='ocr_carea' id='block_1_1' title="bbox 306 265 1561 382">
    <p class='ocr_par' dir='ltr' id='par_1_1' title="bbox 306 265 1561 382">
     <span class='ocr_line' id='line_1_1' title="bbox 306 265 1561 382; baseline -0.006 -1"><span class='ocrx_word' id='word_1_1' title='bbox 306 307 419 382; x_wconf 76' lang='lat' dir='ltr'><strong>Tusca.</strong></span> <span class='ocrx_word' id='word_1_2' title='bbox 431 313 474 382; x_wconf 94' lang='lat' dir='ltr'><strong>II.</strong></span> <span class='ocrx_word' id='word_1_3' title='bbox 498 313 585 381; x_wconf 77' lang='lat' dir='ltr'><strong>Scor.</strong></span> <span class='ocrx_word' id='word_1_4' title='bbox 598 313 657 380; x_wconf 88' lang='lat' dir='ltr'><strong>III.</strong></span> <span class='ocrx_word' id='word_1_5' title='bbox 682 265 730 379; x_wconf 56' lang='lat' dir='ltr'><strong>m</strong></span> <span class='ocrx_word' id='word_1_6' title='bbox 744 311 1021 378; x_wconf 82' lang='lat' dir='ltr'><strong>Anumrsrsarrona</strong></span> <span class='ocrx_word' id='word_1_7' title='bbox 1034 308 1191 378; x_wconf 76' lang='lat' dir='ltr'><strong>Barrrsur.</strong></span> <span class='ocrx_word' id='word_1_8' title='bbox 1203 311 1274 377; x_wconf 79' lang='lat' dir='ltr'><strong>Car.</strong></span> <span class='ocrx_word' id='word_1_9' title='bbox 1298 305 1355 376; x_wconf 83' lang='lat' dir='ltr'><strong>IV.</strong></span> <span class='ocrx_word' id='word_1_10' title='bbox 1498 309 1561 375; x_wconf 82' lang='lat'><strong>175</strong></span> 
     </span>
    </p>
   </div>
   <div class='ocr_carea' id='block_1_2' title="bbox 95 497 1563 4563">
    <p class='ocr_par' dir='ltr' id='par_1_2' title="bbox 97 497 1562 1382">
     <span class='ocr_line' id='line_1_2' title="bbox 98 497 1561 584; baseline -0.002 -21"><span class='ocrx_word' id='word_1_11' title='bbox 98 499 277 583; x_wconf 90' lang='lat' dir='ltr'><strong>percipiunt</strong></span> <span class='ocrx_word' id='word_1_12' title='bbox 289 503 312 566; x_wconf 75' lang='lat' dir='ltr'><strong>t</strong></span> <span class='ocrx_word' id='word_1_13' title='bbox 324 501 509 565; x_wconf 88' lang='lat' dir='ltr'><strong>confitentes</strong></span> <span class='ocrx_word' id='word_1_14' title='bbox 522 500 729 580; x_wconf 66' lang='lat' dir='ltr'><strong>&amp;audientes</strong></span> <span class='ocrx_word' id='word_1_15' title='bbox 742 522 824 584; x_wconf 89' lang='lat' dir='ltr'><strong>quae</strong></span> <span class='ocrx_word' id='word_1_16' title='bbox 833 500 876 562; x_wconf 89' lang='lat' dir='ltr'><strong>sit</strong></span> <span class='ocrx_word' id='word_1_17' title='bbox 887 499 964 562; x_wconf 89' lang='lat' dir='ltr'><strong>fides</strong></span> <span class='ocrx_word' id='word_1_18' title='bbox 977 497 999 562; x_wconf 77' lang='lat' dir='ltr'><strong>d</strong></span> <span class='ocrx_word' id='word_1_19' title='bbox 1012 521 1083 582; x_wconf 89' lang='lat' dir='ltr'><strong>spes</strong></span> <span class='ocrx_word' id='word_1_20' title='bbox 1096 499 1246 583; x_wconf 89' lang='lat' dir='ltr'><strong>ipsorum.</strong></span> <span class='ocrx_word' id='word_1_21' title='bbox 1260 497 1420 581; x_wconf 81' lang='lat' dir='ltr'><strong>Quidquid</strong></span> <span class='ocrx_word' id='word_1_22' title='bbox 1432 497 1516 562; x_wconf 87' lang='lat' dir='ltr'><strong>enim</strong></span> <span class='ocrx_word' id='word_1_23' title='bbox 1529 497 1561 560; x_wconf 93' lang='lat' dir='ltr'><strong>in</strong></span> 
     </span>
     <span class='ocr_line' id='line_1_3' title="bbox 97 588 1561 673; baseline 0 -23"><span class='ocrx_word' id='word_1_24' title='bbox 97 588 241 670; x_wconf 85' lang='lat' dir='ltr'><strong>generali</strong></span> <span class='ocrx_word' id='word_1_25' title='bbox 252 590 449 673; x_wconf 79' lang='lat' dir='ltr'><strong>proponitur,</strong></span> <span class='ocrx_word' id='word_1_26' title='bbox 467 590 534 654; x_wconf 89' lang='lat' dir='ltr'><strong>sine</strong></span> <span class='ocrx_word' id='word_1_27' title='bbox 547 590 726 654; x_wconf 71' lang='lat' dir='ltr'><strong>diductione</strong></span> <span class='ocrx_word' id='word_1_28' title='bbox 740 591 762 656; x_wconf 82' lang='lat' dir='ltr'><strong>tt</strong></span> <span class='ocrx_word' id='word_1_29' title='bbox 775 588 993 652; x_wconf 89' lang='lat' dir='ltr'><strong>subsumtione</strong></span> <span class='ocrx_word' id='word_1_30' title='bbox 1006 588 1248 670; x_wconf 77' lang='lat' dir='ltr'><strong>particularium</strong></span> <span class='ocrx_word' id='word_1_31' title='bbox 1265 588 1323 651; x_wconf 92' lang='lat' dir='ltr'><strong>sub</strong></span> <span class='ocrx_word' id='word_1_32' title='bbox 1337 609 1373 650; x_wconf 91' lang='lat' dir='ltr'><strong>eo</strong></span> <span class='ocrx_word' id='word_1_33' title='bbox 1386 589 1561 650; x_wconf 89' lang='lat' dir='ltr'><strong>contemto-</strong></span> 
     </span>
     <span class='ocr_line' id='line_1_4' title="bbox 97 675 1562 762; baseline -0.001 -23"><span class='ocrx_word' id='word_1_34' title='bbox 97 699 178 754; x_wconf 92' lang='lat' dir='ltr'><strong>rum,</strong></span> <span class='ocrx_word' id='word_1_35' title='bbox 191 677 395 754; x_wconf 78' lang='lat' dir='ltr'><strong>obscuritate,</strong></span> <span class='ocrx_word' id='word_1_36' title='bbox 409 679 603 756; x_wconf 85' lang='lat' dir='ltr'><strong>confusione,</strong></span> <span class='ocrx_word' id='word_1_37' title='bbox 616 681 639 744; x_wconf 79' lang='lat' dir='ltr'><strong>b</strong></span> <span class='ocrx_word' id='word_1_38' title='bbox 651 678 863 762; x_wconf 78' lang='lat' dir='ltr'><strong>ambiguitate</strong></span> <span class='ocrx_word' id='word_1_39' title='bbox 876 699 937 739; x_wconf 92' lang='lat' dir='ltr'><strong>non</strong></span> <span class='ocrx_word' id='word_1_40' title='bbox 946 681 1041 740; x_wconf 89' lang='lat' dir='ltr'><strong>caret.</strong></span> <span class='ocrx_word' id='word_1_41' title='bbox 1050 676 1140 751; x_wconf 80' lang='lat' dir='ltr'><strong>Quod</strong></span> <span class='ocrx_word' id='word_1_42' title='bbox 1149 678 1188 741; x_wconf 90' lang='lat' dir='ltr'><strong>ad</strong></span> <span class='ocrx_word' id='word_1_43' title='bbox 1197 677 1324 741; x_wconf 84' lang='lat' dir='ltr'><strong>modurn</strong></span> <span class='ocrx_word' id='word_1_44' title='bbox 1334 675 1562 758; x_wconf 87' lang='lat' dir='ltr'><strong>interrogandi,</strong></span> 
     </span>
     <span class='ocr_line' id='line_1_5' title="bbox 98 763 1560 852; baseline -0.001 -24"><span class='ocrx_word' id='word_1_45' title='bbox 98 765 172 829; x_wconf 81' lang='lat' dir='ltr'><strong>bad</strong></span> <span class='ocrx_word' id='word_1_46' title='bbox 184 765 382 852; x_wconf 88' lang='lat' dir='ltr'><strong>interrogata</strong></span> <span class='ocrx_word' id='word_1_47' title='bbox 394 768 613 850; x_wconf 86' lang='lat' dir='ltr'><strong>respondendi,</strong></span> <span class='ocrx_word' id='word_1_48' title='bbox 627 791 698 831; x_wconf 90' lang='lat' dir='ltr'><strong>eum</strong></span> <span class='ocrx_word' id='word_1_49' title='bbox 713 767 892 831; x_wconf 85' lang='lat' dir='ltr'><strong>invenimus</strong></span> <span class='ocrx_word' id='word_1_50' title='bbox 905 767 1005 830; x_wconf 80' lang='lat' dir='ltr'><strong>Actor.</strong></span> <span class='ocrx_word' id='word_1_51' title='bbox 1019 765 1049 829; x_wconf 87' lang='lat'><strong>8.</strong></span> <span class='ocrx_word' id='word_1_52' title='bbox 1068 788 1093 830; x_wconf 88' lang='lat' dir='ltr'><strong>c.</strong></span> <span class='ocrx_word' id='word_1_53' title='bbox 1108 767 1159 830; x_wconf 83' lang='lat'><strong>37.</strong></span> <span class='ocrx_word' id='word_1_54' title='bbox 1177 767 1211 830; x_wconf 94' lang='lat' dir='ltr'><strong>in</strong></span> <span class='ocrx_word' id='word_1_55' title='bbox 1225 765 1390 848; x_wconf 87' lang='lat' dir='ltr'><strong>Baptismo</strong></span> <span class='ocrx_word' id='word_1_56' title='bbox 1403 763 1560 827; x_wconf 77' lang='lat' dir='ltr'><strong>Eunuchi.</strong></span> 
     </span>
     <span class='ocr_line' id='line_1_6' title="bbox 99 853 1560 938; baseline -0.001 -22"><span class='ocrx_word' id='word_1_57' title='bbox 99 853 140 916; x_wconf 90' lang='lat' dir='ltr'><strong>Et</strong></span> <span class='ocrx_word' id='word_1_58' title='bbox 158 855 174 915; x_wconf 94' lang='lat' dir='ltr'><strong>l</strong></span> <span class='ocrx_word' id='word_1_59' title='bbox 196 855 280 920; x_wconf 77' lang='lat' dir='ltr'><strong>Patr.</strong></span> <span class='ocrx_word' id='word_1_60' title='bbox 299 857 329 920; x_wconf 82' lang='lat'><strong>3.</strong></span> <span class='ocrx_word' id='word_1_61' title='bbox 346 878 373 919; x_wconf 86' lang='lat' dir='ltr'><strong>u.</strong></span> <span class='ocrx_word' id='word_1_62' title='bbox 391 857 422 920; x_wconf 89' lang='lat'><strong>3.</strong></span> <span class='ocrx_word' id='word_1_63' title='bbox 439 857 492 920; x_wconf 88' lang='grc'><strong>21.</strong></span> <span class='ocrx_word' id='word_1_64' title='bbox 510 857 565 920; x_wconf 91' lang='lat' dir='ltr'><strong>nbi</strong></span> <span class='ocrx_word' id='word_1_65' title='bbox 583 879 640 920; x_wconf 86' lang='lat' dir='ltr'><strong>vox</strong></span> <span class='ocrx_word' id='word_1_66' title='bbox 658 854 843 932; x_wconf 71' lang='grc' dir='ltr'>ἑπερὼτημκ,</span> <span class='ocrx_word' id='word_1_67' title='bbox 857 854 889 916; x_wconf 78' lang='lat' dir='ltr'><strong>icl</strong></span> <span class='ocrx_word' id='word_1_68' title='bbox 907 858 964 930; x_wconf 91' lang='lat' dir='ltr'><strong>est,</strong></span> <span class='ocrx_word' id='word_1_69' title='bbox 978 854 1178 938; x_wconf 80' lang='lat' dir='ltr'><strong>interropatio</strong></span> <span class='ocrx_word' id='word_1_70' title='bbox 1190 859 1246 918; x_wconf 91' lang='lat' dir='ltr'><strong>aut</strong></span> <span class='ocrx_word' id='word_1_71' title='bbox 1258 853 1429 938; x_wconf 76' lang='lat' dir='ltr'><strong>stipulatio,</strong></span> <span class='ocrx_word' id='word_1_72' title='bbox 1442 875 1560 916; x_wconf 79' lang='lat' dir='ltr'><strong>morem</strong></span> 
     </span>
     <span class='ocr_line' id='line_1_7' title="bbox 99 941 1561 1027; baseline -0.001 -22"><span class='ocrx_word' id='word_1_73' title='bbox 99 942 189 1006; x_wconf 82' lang='lat' dir='ltr'><strong>illuni</strong></span> <span class='ocrx_word' id='word_1_74' title='bbox 203 943 236 1006; x_wconf 92' lang='lat' dir='ltr'><strong>in</strong></span> <span class='ocrx_word' id='word_1_75' title='bbox 249 945 423 1027; x_wconf 77' lang='lat' dir='ltr'><strong>apostolica</strong></span> <span class='ocrx_word' id='word_1_76' title='bbox 440 945 582 1008; x_wconf 72' lang='lat' dir='ltr'><strong>Ecclesia</strong></span> <span class='ocrx_word' id='word_1_77' title='bbox 598 945 752 1008; x_wconf 88' lang='lat' dir='ltr'><strong>usitatum</strong></span> <span class='ocrx_word' id='word_1_78' title='bbox 764 942 862 1006; x_wconf 86' lang='lat' dir='ltr'><strong>fuisse</strong></span> <span class='ocrx_word' id='word_1_79' title='bbox 874 941 991 1006; x_wconf 79' lang='lat' dir='ltr'><strong>innuit.</strong></span> <span class='ocrx_word' id='word_1_80' title='bbox 1003 942 1085 1006; x_wconf 89' lang='lat' dir='ltr'><strong>Vide</strong></span> <span class='ocrx_word' id='word_1_81' title='bbox 1098 943 1143 1007; x_wconf 92' lang='lat' dir='ltr'><strong>ibi</strong></span> <span class='ocrx_word' id='word_1_82' title='bbox 1155 945 1283 1022; x_wconf 72' lang='lat' dir='ltr'><strong>Besara,</strong></span> <span class='ocrx_word' id='word_1_83' title='bbox 1296 943 1451 1019; x_wconf 81' lang='lat' dir='ltr'><strong>Gratiam,</strong></span> <span class='ocrx_word' id='word_1_84' title='bbox 1466 941 1561 1008; x_wconf 81' lang='lat' dir='ltr'><strong>Corn.</strong></span> 
     </span>
     <span class='ocr_line' id='line_1_8' title="bbox 97 1030 1561 1118; baseline -0.001 -23"><span class='ocrx_word' id='word_1_85' title='bbox 97 1033 115 1094; x_wconf 83' lang='grc' dir='ltr'><strong><em>ὰ</em></strong></span> <span class='ocrx_word' id='word_1_86' title='bbox 132 1032 260 1116; x_wconf 78' lang='lat' dir='ltr'><strong>Lepide.</strong></span> <span class='ocrx_word' id='word_1_87' title='bbox 282 1032 325 1096; x_wconf 86' lang='lat' dir='ltr'><strong>Et</strong></span> <span class='ocrx_word' id='word_1_88' title='bbox 343 1036 496 1118; x_wconf 83' lang='lat' dir='ltr'><strong>Cprillum</strong></span> <span class='ocrx_word' id='word_1_89' title='bbox 517 1035 550 1098; x_wconf 85' lang='lat' dir='ltr'><strong>in</strong></span> <span class='ocrx_word' id='word_1_90' title='bbox 566 1034 633 1098; x_wconf 80' lang='lat' dir='ltr'><strong>aa</strong></span> <span class='ocrx_word' id='word_1_91' title='bbox 653 1033 717 1098; x_wconf 83' lang='lat' dir='ltr'><strong>Lib.</strong></span> <span class='ocrx_word' id='word_1_92' title='bbox 734 1033 783 1094; x_wconf 75' lang='grc'><strong>12.</strong></span> <span class='ocrx_word' id='word_1_93' title='bbox 797 1053 864 1116; x_wconf 87' lang='lat' dir='ltr'><strong>cap.</strong></span> <span class='ocrx_word' id='word_1_94' title='bbox 880 1032 932 1095; x_wconf 77' lang='lat' dir='ltr'><strong>tl.</strong></span> <span class='ocrx_word' id='word_1_95' title='bbox 947 1031 1127 1096; x_wconf 72' lang='lat' dir='ltr'><strong>Panaetium</strong></span> <span class='ocrx_word' id='word_1_96' title='bbox 1139 1035 1181 1096; x_wconf 84' lang='lat' dir='ltr'><strong>ud</strong></span> <span class='ocrx_word' id='word_1_97' title='bbox 1199 1032 1430 1097; x_wconf 64' lang='lat' dir='ltr'><strong>&#39;serranianus</strong></span> <span class='ocrx_word' id='word_1_98' title='bbox 1445 1031 1483 1094; x_wconf 87' lang='lat' dir='ltr'><strong>de</strong></span> <span class='ocrx_word' id='word_1_99' title='bbox 1496 1030 1561 1095; x_wconf 87' lang='lat' dir='ltr'><strong>Ba-</strong></span> 
     </span>
     <span class='ocr_line' id='line_1_9' title="bbox 97 1119 1562 1204; baseline -0.002 -19"><span class='ocrx_word' id='word_1_100' title='bbox 97 1121 223 1204; x_wconf 73' lang='lat' dir='ltr'><strong>prisma,</strong></span> <span class='ocrx_word' id='word_1_101' title='bbox 238 1123 478 1187; x_wconf 80' lang='lat' dir='ltr'><strong>Ritterahusimn</strong></span> <span class='ocrx_word' id='word_1_102' title='bbox 491 1123 534 1186; x_wconf 80' lang='lat' dir='ltr'><strong>rut</strong></span> <span class='ocrx_word' id='word_1_103' title='bbox 549 1123 738 1187; x_wconf 84' lang='lat' dir='ltr'><strong>Saluianum</strong></span> <span class='ocrx_word' id='word_1_104' title='bbox 753 1121 791 1184; x_wconf 85' lang='lat' dir='ltr'><strong>de</strong></span> <span class='ocrx_word' id='word_1_105' title='bbox 809 1121 1010 1186; x_wconf 66' lang='lat' dir='ltr'><strong>Prouidentia</strong></span> <span class='ocrx_word' id='word_1_106' title='bbox 1022 1121 1073 1184; x_wconf 85' lang='lat' dir='ltr'><strong>lib.</strong></span> <span class='ocrx_word' id='word_1_107' title='bbox 1089 1123 1118 1185; x_wconf 84' lang='lat'><strong>6.</strong></span> <span class='ocrx_word' id='word_1_108' title='bbox 1136 1121 1198 1196; x_wconf 78' lang='lat' dir='ltr'><strong>Qui</strong></span> <span class='ocrx_word' id='word_1_109' title='bbox 1211 1121 1272 1182; x_wconf 91' lang='lat' dir='ltr'><strong>duo</strong></span> <span class='ocrx_word' id='word_1_110' title='bbox 1287 1120 1456 1184; x_wconf 88' lang='lat' dir='ltr'><strong>luculentis</strong></span> <span class='ocrx_word' id='word_1_111' title='bbox 1471 1119 1562 1182; x_wconf 87' lang='lat' dir='ltr'><strong>testi·</strong></span> 
     </span>
     <span class='ocr_line' id='line_1_10' title="bbox 99 1207 1560 1296; baseline 0 -24"><span class='ocrx_word' id='word_1_112' title='bbox 99 1210 213 1272; x_wconf 78' lang='lat' dir='ltr'><strong>inaniis</strong></span> <span class='ocrx_word' id='word_1_113' title='bbox 230 1211 380 1295; x_wconf 85' lang='lat' dir='ltr'><strong>antiquae</strong></span> <span class='ocrx_word' id='word_1_114' title='bbox 393 1211 483 1296; x_wconf 85' lang='lat' dir='ltr'><strong>[pag.</strong></span> <span class='ocrx_word' id='word_1_115' title='bbox 503 1211 583 1296; x_wconf 74' lang='lat'>700]</span> <span class='ocrx_word' id='word_1_116' title='bbox 597 1211 757 1275; x_wconf 78' lang='lat' dir='ltr'><strong>Ecclesiae</strong></span> <span class='ocrx_word' id='word_1_117' title='bbox 770 1231 890 1284; x_wconf 79' lang='lat' dir='ltr'><strong>rnorem</strong></span> <span class='ocrx_word' id='word_1_118' title='bbox 907 1214 1078 1292; x_wconf 89' lang='lat' dir='ltr'><strong>exponunt.</strong></span> <span class='ocrx_word' id='word_1_119' title='bbox 1104 1209 1192 1285; x_wconf 79' lang='lat' dir='ltr'><strong>Quae</strong></span> <span class='ocrx_word' id='word_1_120' title='bbox 1204 1209 1311 1272; x_wconf 87' lang='lat' dir='ltr'><strong>omnin</strong></span> <span class='ocrx_word' id='word_1_121' title='bbox 1324 1209 1362 1272; x_wconf 92' lang='lat' dir='ltr'><strong>de</strong></span> <span class='ocrx_word' id='word_1_122' title='bbox 1379 1207 1498 1272; x_wconf 90' lang='lat' dir='ltr'><strong>adultis</strong></span> <span class='ocrx_word' id='word_1_123' title='bbox 1512 1208 1560 1272; x_wconf 92' lang='lat' dir='ltr'><strong>in-</strong></span> 
     </span>
     <span class='ocr_line' id='line_1_11' title="bbox 97 1297 477 1382; baseline 0.005 -22"><span class='ocrx_word' id='word_1_124' title='bbox 97 1297 273 1382; x_wconf 81' lang='lat' dir='ltr'><strong>telligenda</strong></span> <span class='ocrx_word' id='word_1_125' title='bbox 286 1299 477 1364; x_wconf 89' lang='lat' dir='ltr'><strong>memineris.</strong></span> 
     </span>
    </p>

    <p class='ocr_par' dir='ltr' id='par_1_3' title="bbox 95 1387 1563 3334">
     <span class='ocr_line' id='line_1_12' title="bbox 140 1387 1562 1476; baseline 0 -26"><span class='ocrx_word' id='word_1_126' title='bbox 140 1389 171 1450; x_wconf 79' lang='grc'><strong>2.</strong></span> <span class='ocrx_word' id='word_1_127' title='bbox 199 1389 324 1467; x_wconf 77' lang='lat' dir='ltr'><strong>Qmesr.</strong></span> <span class='ocrx_word' id='word_1_128' title='bbox 348 1389 398 1453; x_wconf 84' lang='lat' dir='ltr'><strong>An</strong></span> <span class='ocrx_word' id='word_1_129' title='bbox 419 1390 562 1476; x_wconf 74' lang='lat' dir='ltr'><strong>sizfficere</strong></span> <span class='ocrx_word' id='word_1_130' title='bbox 584 1399 684 1473; x_wconf 80' lang='lat' dir='ltr'><strong>posset</strong></span> <span class='ocrx_word' id='word_1_131' title='bbox 705 1388 748 1452; x_wconf 83' lang='lat' dir='ltr'><strong>ad</strong></span> <span class='ocrx_word' id='word_1_132' title='bbox 771 1387 984 1470; x_wconf 84' lang='lat' dir='ltr'><strong>Baptismmn,</strong></span> <span class='ocrx_word' id='word_1_133' title='bbox 1001 1387 1030 1451; x_wconf 84' lang='lat' dir='ltr'><strong>si</strong></span> <span class='ocrx_word' id='word_1_134' title='bbox 1044 1387 1173 1452; x_wconf 71' lang='lat' dir='ltr'><strong>acladius</strong></span> <span class='ocrx_word' id='word_1_135' title='bbox 1191 1387 1562 1469; x_wconf 78' lang='lat' dir='ltr'><strong>inernoriterprouantiet</strong></span> 
     </span>
     <span class='ocr_line' id='line_1_13' title="bbox 96 1473 1561 1563; baseline -0.002 -22"><span class='ocrx_word' id='word_1_136' title='bbox 96 1476 291 1562; x_wconf 80' lang='lat' dir='ltr'><strong>Symbolum,</strong></span> <span class='ocrx_word' id='word_1_137' title='bbox 315 1477 399 1563; x_wconf 85' lang='lat' dir='ltr'><strong>qnmt</strong></span> <span class='ocrx_word' id='word_1_138' title='bbox 425 1489 544 1552; x_wconf 76' lang='lat' dir='ltr'><strong>vocarat,</strong></span> <span class='ocrx_word' id='word_1_139' title='bbox 570 1478 784 1562; x_wconf 79' lang='lat' dir='ltr'><strong>apostolicum.</strong></span> <span class='ocrx_word' id='word_1_140' title='bbox 812 1475 844 1541; x_wconf 84' lang='lat' dir='ltr'><strong>a</strong></span> <span class='ocrx_word' id='word_1_141' title='bbox 862 1477 1042 1540; x_wconf 58' lang='lat' dir='ltr'><strong>&amp;elicerem</strong></span> <span class='ocrx_word' id='word_1_142' title='bbox 1057 1477 1257 1541; x_wconf 75' lang='lat' dir='ltr'><strong>dorriinicom.</strong></span> <span class='ocrx_word' id='word_1_143' title='bbox 1283 1478 1372 1558; x_wconf 83' lang='lat' dir='ltr'><strong>Itesp.</strong></span> <span class='ocrx_word' id='word_1_144' title='bbox 1391 1476 1464 1558; x_wconf 71' lang='lat' dir='ltr'><strong>nep.</strong></span> <span class='ocrx_word' id='word_1_145' title='bbox 1489 1473 1561 1538; x_wconf 89' lang='lat' dir='ltr'><strong>Nisi</strong></span> 
     </span>
     <span class='ocr_line' id='line_1_14' title="bbox 97 1561 1561 1651; baseline 0 -25"><span class='ocrx_word' id='word_1_146' title='bbox 97 1565 183 1627; x_wconf 86' lang='lat' dir='ltr'><strong>enini</strong></span> <span class='ocrx_word' id='word_1_147' title='bbox 206 1565 378 1648; x_wconf 89' lang='lat' dir='ltr'><strong>intelligat,</strong></span> <span class='ocrx_word' id='word_1_148' title='bbox 399 1566 548 1651; x_wconf 75' lang='lat' dir='ltr'><strong>explicite</strong></span> <span class='ocrx_word' id='word_1_149' title='bbox 565 1567 682 1644; x_wconf 89' lang='lat' dir='ltr'><strong>credat,</strong></span> <span class='ocrx_word' id='word_1_150' title='bbox 706 1589 742 1630; x_wconf 92' lang='lat' dir='ltr'><strong>ac</strong></span> <span class='ocrx_word' id='word_1_151' title='bbox 766 1565 913 1629; x_wconf 76' lang='lat' dir='ltr'><strong>distincte</strong></span> <span class='ocrx_word' id='word_1_152' title='bbox 930 1565 1119 1629; x_wconf 87' lang='lat' dir='ltr'><strong>confiteatur</strong></span> <span class='ocrx_word' id='word_1_153' title='bbox 1139 1587 1189 1628; x_wconf 87' lang='lat' dir='ltr'><strong>res</strong></span> <span class='ocrx_word' id='word_1_154' title='bbox 1211 1561 1561 1648; x_wconf 76' lang='lat' dir='ltr'><strong>SymbolotcOratione</strong></span> 
     </span>
     <span class='ocr_line' id='line_1_15' title="bbox 97 1653 1563 1741; baseline 0 -27"><span class='ocrx_word' id='word_1_155' title='bbox 97 1653 256 1717; x_wconf 75' lang='lat' dir='ltr'><strong>dominica</strong></span> <span class='ocrx_word' id='word_1_156' title='bbox 279 1657 454 1733; x_wconf 86' lang='lat' dir='ltr'><strong>contentas,</strong></span> <span class='ocrx_word' id='word_1_157' title='bbox 475 1656 631 1741; x_wconf 91' lang='lat' dir='ltr'><strong>quomodo</strong></span> <span class='ocrx_word' id='word_1_158' title='bbox 656 1655 745 1718; x_wconf 88' lang='lat' dir='ltr'><strong>illurn</strong></span> <span class='ocrx_word' id='word_1_159' title='bbox 775 1654 914 1718; x_wconf 86' lang='lat' dir='ltr'><strong>dicemus</strong></span> <span class='ocrx_word' id='word_1_160' title='bbox 939 1653 1184 1718; x_wconf 78' lang='lat' dir='ltr'><strong>Christianum?</strong></span> <span class='ocrx_word' id='word_1_161' title='bbox 1206 1653 1278 1718; x_wconf 90' lang='lat' dir='ltr'><strong>Huc</strong></span> <span class='ocrx_word' id='word_1_162' title='bbox 1290 1653 1443 1737; x_wconf 88' lang='lat' dir='ltr'><strong>applicari</strong></span> <span class='ocrx_word' id='word_1_163' title='bbox 1456 1657 1563 1736; x_wconf 86' lang='lat' dir='ltr'><strong>posset</strong></span> 
     </span>
     <span class='ocr_line' id='line_1_16' title="bbox 97 1741 1562 1826; baseline 0 -22"><span class='ocrx_word' id='word_1_164' title='bbox 97 1742 175 1806; x_wconf 89' lang='lat' dir='ltr'><strong>illud</strong></span> <span class='ocrx_word' id='word_1_165' title='bbox 188 1743 374 1825; x_wconf 72' lang='lat' dir='ltr'><strong>Hieronymi</strong></span> <span class='ocrx_word' id='word_1_166' title='bbox 390 1744 553 1807; x_wconf 89' lang='lat' dir='ltr'><strong>laudatum</strong></span> <span class='ocrx_word' id='word_1_167' title='bbox 566 1743 725 1808; x_wconf 87' lang='lat' dir='ltr'><strong>Stanislao</strong></span> <span class='ocrx_word' id='word_1_168' title='bbox 743 1741 841 1806; x_wconf 90' lang='lat' dir='ltr'><strong>Hosio</strong></span> <span class='ocrx_word' id='word_1_169' title='bbox 856 1765 862 1806; x_wconf 95' lang='lat'><strong>:</strong></span> <span class='ocrx_word' id='word_1_170' title='bbox 878 1744 1087 1826; x_wconf 78' lang='lat' dir='ltr'><strong>Eoonpclimn</strong></span> <span class='ocrx_word' id='word_1_171' title='bbox 1104 1763 1170 1807; x_wconf 85' lang='lat' dir='ltr'><strong>non</strong></span> <span class='ocrx_word' id='word_1_172' title='bbox 1185 1743 1220 1807; x_wconf 87' lang='lat' dir='ltr'><strong>in</strong></span> <span class='ocrx_word' id='word_1_173' title='bbox 1231 1743 1340 1821; x_wconf 81' lang='lat' dir='ltr'><strong>vertis,</strong></span> <span class='ocrx_word' id='word_1_174' title='bbox 1357 1749 1410 1804; x_wconf 82' lang='lat' dir='ltr'><strong>sed</strong></span> <span class='ocrx_word' id='word_1_175' title='bbox 1421 1743 1456 1805; x_wconf 87' lang='lat' dir='ltr'><strong>in</strong></span> <span class='ocrx_word' id='word_1_176' title='bbox 1467 1762 1562 1806; x_wconf 82' lang='lat' dir='ltr'><strong>serr-au</strong></span> 
     </span>
     <span class='ocr_line' id='line_1_17' title="bbox 95 1828 1562 1918; baseline 0.003 -24"><span class='ocrx_word' id='word_1_177' title='bbox 95 1831 243 1896; x_wconf 63' lang='lat' dir='ltr'><strong>earnalia.</strong></span> <span class='ocrx_word' id='word_1_178' title='bbox 269 1829 357 1906; x_wconf 80' lang='lat' dir='ltr'><strong>Quod</strong></span> <span class='ocrx_word' id='word_1_179' title='bbox 381 1832 407 1896; x_wconf 92' lang='lat' dir='ltr'><strong>si</strong></span> <span class='ocrx_word' id='word_1_180' title='bbox 432 1833 599 1918; x_wconf 87' lang='lat' dir='ltr'><strong>quisdicat</strong></span> <span class='ocrx_word' id='word_1_181' title='bbox 612 1832 799 1915; x_wconf 88' lang='lat' dir='ltr'><strong>complures,</strong></span> <span class='ocrx_word' id='word_1_182' title='bbox 813 1831 840 1893; x_wconf 85' lang='lat' dir='ltr'><strong>si</strong></span> <span class='ocrx_word' id='word_1_183' title='bbox 852 1854 915 1894; x_wconf 90' lang='lat' dir='ltr'><strong>non</strong></span> <span class='ocrx_word' id='word_1_184' title='bbox 928 1831 1106 1916; x_wconf 88' lang='lat' dir='ltr'><strong>plerosque,</strong></span> <span class='ocrx_word' id='word_1_185' title='bbox 1120 1832 1201 1895; x_wconf 90' lang='lat' dir='ltr'><strong>dono</strong></span> <span class='ocrx_word' id='word_1_186' title='bbox 1215 1833 1237 1898; x_wconf 82' lang='lat' dir='ltr'><strong>b</strong></span> <span class='ocrx_word' id='word_1_187' title='bbox 1250 1830 1367 1905; x_wconf 61' lang='grc' dir='ltr'><em>δυνάμει</em></span> <span class='ocrx_word' id='word_1_188' title='bbox 1378 1828 1562 1916; x_wconf 51' lang='lat' dir='ltr'><strong>treuvam&amp;</strong></span> 
     </span>
     <span class='ocr_line' id='line_1_18' title="bbox 97 1919 1560 2006; baseline 0.001 -25"><span class='ocrx_word' id='word_1_189' title='bbox 97 1919 278 1998; x_wconf 71' lang='lat' dir='ltr'><strong>destitutas,</strong></span> <span class='ocrx_word' id='word_1_190' title='bbox 295 1921 349 2006; x_wconf 88' lang='lat' dir='ltr'><strong>qui</strong></span> <span class='ocrx_word' id='word_1_191' title='bbox 363 1921 402 1984; x_wconf 88' lang='lat' dir='ltr'><strong>ad</strong></span> <span class='ocrx_word' id='word_1_192' title='bbox 415 1922 557 2005; x_wconf 86' lang='lat' dir='ltr'><strong>singulas</strong></span> <span class='ocrx_word' id='word_1_193' title='bbox 570 1923 608 1986; x_wconf 90' lang='lat' dir='ltr'><strong>de</strong></span> <span class='ocrx_word' id='word_1_194' title='bbox 621 1921 695 1984; x_wconf 91' lang='lat' dir='ltr'><strong>fidei</strong></span> <span class='ocrx_word' id='word_1_195' title='bbox 708 1920 867 2003; x_wconf 82' lang='lat' dir='ltr'><strong>dogmatis</strong></span> <span class='ocrx_word' id='word_1_196' title='bbox 878 1919 1057 2003; x_wconf 86' lang='lat' dir='ltr'><strong>propositas</strong></span> <span class='ocrx_word' id='word_1_197' title='bbox 1079 1920 1280 2006; x_wconf 85' lang='lat' dir='ltr'><strong>quaestiones</strong></span> <span class='ocrx_word' id='word_1_198' title='bbox 1293 1919 1457 1983; x_wconf 76' lang='lat' dir='ltr'><strong>commode</strong></span> <span class='ocrx_word' id='word_1_199' title='bbox 1471 1941 1560 1982; x_wconf 81' lang='lat' dir='ltr'><strong>rneri-</strong></span> 
     </span>
     <span class='ocr_line' id='line_1_19' title="bbox 98 2008 1561 2095; baseline -0.001 -24"><span class='ocrx_word' id='word_1_200' title='bbox 98 2013 160 2072; x_wconf 86' lang='lat' dir='ltr'><strong>tem</strong></span> <span class='ocrx_word' id='word_1_201' title='bbox 185 2031 278 2072; x_wconf 84' lang='lat' dir='ltr'><strong>suani</strong></span> <span class='ocrx_word' id='word_1_202' title='bbox 298 2010 455 2092; x_wconf 86' lang='lat' dir='ltr'><strong>explicare</strong></span> <span class='ocrx_word' id='word_1_203' title='bbox 478 2015 653 2095; x_wconf 86' lang='lat' dir='ltr'><strong>nequeant:</strong></span> <span class='ocrx_word' id='word_1_204' title='bbox 680 2009 865 2092; x_wconf 88' lang='lat' dir='ltr'><strong>respondeo,</strong></span> <span class='ocrx_word' id='word_1_205' title='bbox 891 2009 1107 2092; x_wconf 83' lang='lat' dir='ltr'><strong>baptizantem</strong></span> <span class='ocrx_word' id='word_1_206' title='bbox 1124 2013 1142 2074; x_wconf 76' lang='lat' dir='ltr'><strong>a</strong></span> <span class='ocrx_word' id='word_1_207' title='bbox 1157 2008 1277 2072; x_wconf 88' lang='lat' dir='ltr'><strong>talibus</strong></span> <span class='ocrx_word' id='word_1_208' title='bbox 1288 2012 1396 2092; x_wconf 89' lang='lat' dir='ltr'><strong>petere</strong></span> <span class='ocrx_word' id='word_1_209' title='bbox 1408 2029 1511 2090; x_wconf 88' lang='lat' dir='ltr'><strong>posse,</strong></span> <span class='ocrx_word' id='word_1_210' title='bbox 1527 2012 1561 2072; x_wconf 93' lang='lat' dir='ltr'><strong>nt</strong></span> 
     </span>
     <span class='ocr_line' id='line_1_20' title="bbox 96 2096 1561 2183; baseline -0.001 -24"><span class='ocrx_word' id='word_1_211' title='bbox 96 2119 178 2181; x_wconf 87' lang='lat' dir='ltr'><strong>quae</strong></span> <span class='ocrx_word' id='word_1_212' title='bbox 191 2120 248 2180; x_wconf 88' lang='lat' dir='ltr'><strong>per</strong></span> <span class='ocrx_word' id='word_1_213' title='bbox 260 2097 539 2162; x_wconf 86' lang='lat' dir='ltr'><strong>catechizationem</strong></span> <span class='ocrx_word' id='word_1_214' title='bbox 562 2099 641 2182; x_wconf 87' lang='lat' dir='ltr'><strong>ipsis</strong></span> <span class='ocrx_word' id='word_1_215' title='bbox 662 2097 819 2162; x_wconf 89' lang='lat' dir='ltr'><strong>inculcata</strong></span> <span class='ocrx_word' id='word_1_216' title='bbox 843 2101 927 2176; x_wconf 89' lang='lat' dir='ltr'><strong>sunt,</strong></span> <span class='ocrx_word' id='word_1_217' title='bbox 943 2119 1086 2183; x_wconf 90' lang='lat' dir='ltr'><strong>quaeque</strong></span> <span class='ocrx_word' id='word_1_218' title='bbox 1100 2097 1243 2162; x_wconf 89' lang='lat' dir='ltr'><strong>interiori</strong></span> <span class='ocrx_word' id='word_1_219' title='bbox 1257 2097 1355 2162; x_wconf 90' lang='lat' dir='ltr'><strong>animi</strong></span> <span class='ocrx_word' id='word_1_220' title='bbox 1369 2119 1463 2161; x_wconf 88' lang='lat' dir='ltr'><strong>sensu</strong></span> <span class='ocrx_word' id='word_1_221' title='bbox 1481 2096 1561 2160; x_wconf 90' lang='lat' dir='ltr'><strong>reci-</strong></span> 
     </span>
     <span class='ocr_line' id='line_1_21' title="bbox 99 2184 1560 2270; baseline 0.001 -22"><span class='ocrx_word' id='word_1_222' title='bbox 99 2186 201 2268; x_wconf 85' lang='lat' dir='ltr'><strong>piunt,</strong></span> <span class='ocrx_word' id='word_1_223' title='bbox 214 2187 389 2269; x_wconf 80' lang='lat' dir='ltr'><strong>perspicue,</strong></span> <span class='ocrx_word' id='word_1_224' title='bbox 403 2189 425 2252; x_wconf 80' lang='lat' dir='ltr'><strong>b</strong></span> <span class='ocrx_word' id='word_1_225' title='bbox 442 2187 644 2252; x_wconf 86' lang='lat' dir='ltr'><strong>familiariter</strong></span> <span class='ocrx_word' id='word_1_226' title='bbox 657 2188 734 2270; x_wconf 85' lang='lat' dir='ltr'><strong>ipsis</strong></span> <span class='ocrx_word' id='word_1_227' title='bbox 747 2186 921 2270; x_wconf 88' lang='lat' dir='ltr'><strong>proposita,</strong></span> <span class='ocrx_word' id='word_1_228' title='bbox 934 2187 1146 2270; x_wconf 85' lang='lat' dir='ltr'><strong>respondeant</strong></span> <span class='ocrx_word' id='word_1_229' title='bbox 1166 2186 1354 2270; x_wconf 89' lang='lat' dir='ltr'><strong>simpliciter</strong></span> <span class='ocrx_word' id='word_1_230' title='bbox 1367 2185 1409 2250; x_wconf 82' lang='lat' dir='ltr'><strong>ito</strong></span> <span class='ocrx_word' id='word_1_231' title='bbox 1423 2184 1560 2260; x_wconf 74' lang='lat' dir='ltr'><strong>velcon,</strong></span> 
     </span>
     <span class='ocr_line' id='line_1_22' title="bbox 96 2276 1561 2354; baseline 0.001 -18"><span class='ocrx_word' id='word_1_232' title='bbox 96 2276 185 2340; x_wconf 84' lang='lat' dir='ltr'><strong>credo</strong></span> <span class='ocrx_word' id='word_1_233' title='bbox 197 2279 331 2339; x_wconf 86' lang='lat' dir='ltr'><strong>autnon</strong></span> <span class='ocrx_word' id='word_1_234' title='bbox 346 2277 445 2354; x_wconf 83' lang='lat' dir='ltr'><strong>credo,</strong></span> <span class='ocrx_word' id='word_1_235' title='bbox 458 2278 612 2342; x_wconf 78' lang='lat' dir='ltr'><strong>usseictior</strong></span> <span class='ocrx_word' id='word_1_236' title='bbox 623 2281 679 2340; x_wconf 89' lang='lat' dir='ltr'><strong>aut</strong></span> <span class='ocrx_word' id='word_1_237' title='bbox 691 2296 757 2339; x_wconf 75' lang='lat' dir='ltr'><strong>ison</strong></span> <span class='ocrx_word' id='word_1_238' title='bbox 769 2277 939 2340; x_wconf 72' lang='lat' dir='ltr'><strong>assecutor.-</strong></span> <span class='ocrx_word' id='word_1_239' title='bbox 956 2280 992 2338; x_wconf 90' lang='lat' dir='ltr'><strong>nt</strong></span> <span class='ocrx_word' id='word_1_240' title='bbox 1007 2279 1139 2353; x_wconf 85' lang='lat' dir='ltr'><strong>constet,</strong></span> <span class='ocrx_word' id='word_1_241' title='bbox 1165 2299 1217 2340; x_wconf 90' lang='lat' dir='ltr'><strong>eos</strong></span> <span class='ocrx_word' id='word_1_242' title='bbox 1234 2277 1403 2341; x_wconf 88' lang='lat' dir='ltr'><strong>veritatem</strong></span> <span class='ocrx_word' id='word_1_243' title='bbox 1417 2297 1561 2338; x_wconf 83' lang='lat' dir='ltr'><strong>necessa-</strong></span> 
     </span>
     <span class='ocr_line' id='line_1_23' title="bbox 98 2362 1561 2450; baseline 0.001 -24"><span class='ocrx_word' id='word_1_244' title='bbox 98 2362 217 2426; x_wconf 89' lang='lat' dir='ltr'><strong>riorum</strong></span> <span class='ocrx_word' id='word_1_245' title='bbox 231 2387 332 2442; x_wconf 88' lang='lat' dir='ltr'><strong>nosse,</strong></span> <span class='ocrx_word' id='word_1_246' title='bbox 347 2365 439 2450; x_wconf 90' lang='lat' dir='ltr'><strong>eique</strong></span> <span class='ocrx_word' id='word_1_247' title='bbox 452 2366 609 2429; x_wconf 81' lang='lat' dir='ltr'><strong>assentiri.</strong></span> <span class='ocrx_word' id='word_1_248' title='bbox 635 2365 717 2440; x_wconf 77' lang='lat' dir='ltr'><strong>Quin</strong></span> <span class='ocrx_word' id='word_1_249' title='bbox 731 2364 793 2447; x_wconf 85' lang='lat' dir='ltr'><strong>ipsi</strong></span> <span class='ocrx_word' id='word_1_250' title='bbox 806 2363 966 2428; x_wconf 88' lang='lat' dir='ltr'><strong>Pontificii</strong></span> <span class='ocrx_word' id='word_1_251' title='bbox 979 2363 1051 2427; x_wconf 88' lang='lat' dir='ltr'><strong>fidei</strong></span> <span class='ocrx_word' id='word_1_252' title='bbox 1065 2365 1238 2448; x_wconf 86' lang='lat' dir='ltr'><strong>implicitae</strong></span> <span class='ocrx_word' id='word_1_253' title='bbox 1248 2386 1430 2448; x_wconf 86' lang='lat' dir='ltr'><strong>praecones,</strong></span> <span class='ocrx_word' id='word_1_254' title='bbox 1441 2365 1561 2428; x_wconf 89' lang='lat' dir='ltr'><strong>formu-</strong></span> 
     </span>
     <span class='ocr_line' id='line_1_24' title="bbox 98 2452 1562 2537; baseline 0.002 -24"><span class='ocrx_word' id='word_1_255' title='bbox 98 2453 161 2514; x_wconf 86' lang='lat' dir='ltr'><strong>lam</strong></span> <span class='ocrx_word' id='word_1_256' title='bbox 186 2452 392 2536; x_wconf 83' lang='lat' dir='ltr'><strong>professionis</strong></span> <span class='ocrx_word' id='word_1_257' title='bbox 417 2453 490 2518; x_wconf 84' lang='lat' dir='ltr'><strong>fulei</strong></span> <span class='ocrx_word' id='word_1_258' title='bbox 514 2457 533 2518; x_wconf 78' lang='lat' dir='ltr'><strong>a</strong></span> <span class='ocrx_word' id='word_1_259' title='bbox 553 2453 683 2518; x_wconf 81' lang='lat' dir='ltr'><strong>Graecis</strong></span> <span class='ocrx_word' id='word_1_260' title='bbox 694 2453 858 2516; x_wconf 82' lang='lat' dir='ltr'><strong>faciendae</strong></span> <span class='ocrx_word' id='word_1_261' title='bbox 870 2453 997 2536; x_wconf 87' lang='lat' dir='ltr'><strong>octuplo</strong></span> <span class='ocrx_word' id='word_1_262' title='bbox 1009 2454 1163 2537; x_wconf 88' lang='lat' dir='ltr'><strong>majorem</strong></span> <span class='ocrx_word' id='word_1_263' title='bbox 1179 2455 1325 2536; x_wconf 88' lang='lat' dir='ltr'><strong>symbolo</strong></span> <span class='ocrx_word' id='word_1_264' title='bbox 1341 2458 1562 2536; x_wconf 79' lang='lat' dir='ltr'><strong>coriceperunt,</strong></span> 
     </span>
     <span class='ocr_line' id='line_1_25' title="bbox 96 2540 1560 2628; baseline 0.001 -25"><span class='ocrx_word' id='word_1_265' title='bbox 96 2540 174 2605; x_wconf 86' lang='lat' dir='ltr'><strong>duce</strong></span> <span class='ocrx_word' id='word_1_266' title='bbox 199 2540 330 2628; x_wconf 86' lang='lat' dir='ltr'><strong>Gregor.</strong></span> <span class='ocrx_word' id='word_1_267' title='bbox 355 2541 444 2606; x_wconf 88' lang='lat' dir='ltr'><strong>Xlll.</strong></span> <span class='ocrx_word' id='word_1_268' title='bbox 468 2565 565 2628; x_wconf 86' lang='lat' dir='ltr'><strong>quam</strong></span> <span class='ocrx_word' id='word_1_269' title='bbox 589 2543 658 2606; x_wconf 90' lang='lat' dir='ltr'><strong>vide</strong></span> <span class='ocrx_word' id='word_1_270' title='bbox 683 2543 767 2626; x_wconf 88' lang='lat' dir='ltr'><strong>apml</strong></span> <span class='ocrx_word' id='word_1_271' title='bbox 790 2541 998 2608; x_wconf 77' lang='lat' dir='ltr'><strong>Passerinum</strong></span> <span class='ocrx_word' id='word_1_272' title='bbox 1020 2542 1083 2607; x_wconf 85' lang='lat' dir='ltr'><strong>Lib.</strong></span> <span class='ocrx_word' id='word_1_273' title='bbox 1098 2545 1128 2608; x_wconf 86' lang='lat' dir='ltr'><strong>b&#39;.</strong></span> <span class='ocrx_word' id='word_1_274' title='bbox 1145 2543 1290 2607; x_wconf 78' lang='lat' dir='ltr'><strong>Bibliotd.</strong></span> <span class='ocrx_word' id='word_1_275' title='bbox 1307 2544 1430 2608; x_wconf 83' lang='lat' dir='ltr'><strong>selectae</strong></span> <span class='ocrx_word' id='word_1_276' title='bbox 1443 2544 1477 2606; x_wconf 83' lang='lat' dir='ltr'><strong>in</strong></span> <span class='ocrx_word' id='word_1_277' title='bbox 1488 2545 1560 2628; x_wconf 82' lang='lat' dir='ltr'><strong>fine.</strong></span> 
     </span>
     <span class='ocr_line' id='line_1_26' title="bbox 96 2629 1560 2716; baseline 0.001 -24"><span class='ocrx_word' id='word_1_278' title='bbox 96 2629 235 2693; x_wconf 84' lang='lat' dir='ltr'><strong>Articuli</strong></span> <span class='ocrx_word' id='word_1_279' title='bbox 248 2629 453 2714; x_wconf 84' lang='lat' dir='ltr'><strong>professionis</strong></span> <span class='ocrx_word' id='word_1_280' title='bbox 465 2632 538 2695; x_wconf 90' lang='lat' dir='ltr'><strong>fidei</strong></span> <span class='ocrx_word' id='word_1_281' title='bbox 551 2635 569 2695; x_wconf 79' lang='lat' dir='ltr'><strong>a</strong></span> <span class='ocrx_word' id='word_1_282' title='bbox 582 2631 717 2716; x_wconf 89' lang='lat' dir='ltr'><strong>singulis</strong></span> <span class='ocrx_word' id='word_1_283' title='bbox 730 2631 770 2695; x_wconf 91' lang='lat' dir='ltr'><strong>ad</strong></span> <span class='ocrx_word' id='word_1_284' title='bbox 782 2629 940 2714; x_wconf 88' lang='lat' dir='ltr'><strong>Papatum</strong></span> <span class='ocrx_word' id='word_1_285' title='bbox 960 2631 1062 2695; x_wconf 89' lang='lat' dir='ltr'><strong>redire</strong></span> <span class='ocrx_word' id='word_1_286' title='bbox 1083 2631 1282 2714; x_wconf 88' lang='lat' dir='ltr'><strong>cupientibus</strong></span> <span class='ocrx_word' id='word_1_287' title='bbox 1296 2631 1459 2695; x_wconf 88' lang='lat' dir='ltr'><strong>faciendae</strong></span> <span class='ocrx_word' id='word_1_288' title='bbox 1467 2631 1560 2713; x_wconf 89' lang='lat' dir='ltr'><strong>jussu</strong></span> 
     </span>
     <span class='ocr_line' id='line_1_27' title="bbox 98 2717 1559 2804; baseline 0.003 -24"><span class='ocrx_word' id='word_1_289' title='bbox 98 2719 229 2782; x_wconf 79' lang='lat' dir='ltr'><strong>Antonii</strong></span> <span class='ocrx_word' id='word_1_290' title='bbox 254 2720 292 2783; x_wconf 90' lang='lat' dir='ltr'><strong>de</strong></span> <span class='ocrx_word' id='word_1_291' title='bbox 315 2717 434 2784; x_wconf 83' lang='lat' dir='ltr'><strong>Sansac</strong></span> <span class='ocrx_word' id='word_1_292' title='bbox 449 2719 688 2804; x_wconf 88' lang='lat' dir='ltr'><strong>Archiepiscopi</strong></span> <span class='ocrx_word' id='word_1_293' title='bbox 702 2719 948 2804; x_wconf 88' lang='lat' dir='ltr'><strong>Burdegalensis</strong></span> <span class='ocrx_word' id='word_1_294' title='bbox 962 2742 1044 2783; x_wconf 91' lang='lat' dir='ltr'><strong>anno</strong></span> <span class='ocrx_word' id='word_1_295' title='bbox 1064 2721 1158 2784; x_wconf 78' lang='lat'><strong>1585.</strong></span> <span class='ocrx_word' id='word_1_296' title='bbox 1183 2720 1260 2784; x_wconf 91' lang='lat' dir='ltr'><strong>editi</strong></span> <span class='ocrx_word' id='word_1_297' title='bbox 1272 2724 1347 2784; x_wconf 87' lang='lat' dir='ltr'><strong>sunt</strong></span> <span class='ocrx_word' id='word_1_298' title='bbox 1362 2742 1494 2784; x_wconf 89' lang='lat' dir='ltr'><strong>numero</strong></span> <span class='ocrx_word' id='word_1_299' title='bbox 1509 2721 1559 2784; x_wconf 78' lang='lat'><strong>74.</strong></span> 
     </span>
     <span class='ocr_line' id='line_1_28' title="bbox 97 2807 1560 2892; baseline 0.001 -24"><span class='ocrx_word' id='word_1_300' title='bbox 97 2807 212 2892; x_wconf 88' lang='lat' dir='ltr'><strong>quibus</strong></span> <span class='ocrx_word' id='word_1_301' title='bbox 235 2813 419 2873; x_wconf 89' lang='lat' dir='ltr'><strong>tenerentur</strong></span> <span class='ocrx_word' id='word_1_302' title='bbox 442 2809 651 2873; x_wconf 83' lang='lat' dir='ltr'><strong>subscribere.</strong></span> <span class='ocrx_word' id='word_1_303' title='bbox 675 2808 757 2872; x_wconf 90' lang='lat' dir='ltr'><strong>Vide</strong></span> <span class='ocrx_word' id='word_1_304' title='bbox 782 2831 878 2891; x_wconf 88' lang='lat' dir='ltr'><strong>opera</strong></span> <span class='ocrx_word' id='word_1_305' title='bbox 901 2808 979 2872; x_wconf 90' lang='lat' dir='ltr'><strong>Ant.</strong></span> <span class='ocrx_word' id='word_1_306' title='bbox 1004 2807 1157 2872; x_wconf 79' lang='lat' dir='ltr'><strong>Zadeelis</strong></span> <span class='ocrx_word' id='word_1_307' title='bbox 1183 2808 1275 2873; x_wconf 90' lang='lat' dir='ltr'><strong>Unde</strong></span> <span class='ocrx_word' id='word_1_308' title='bbox 1295 2808 1475 2892; x_wconf 86' lang='lat' dir='ltr'><strong>colligimus</strong></span> <span class='ocrx_word' id='word_1_309' title='bbox 1488 2808 1560 2871; x_wconf 91' lang='lat' dir='ltr'><strong>illos</strong></span> 
     </span>
     <span class='ocr_line' id='line_1_29' title="bbox 98 2896 1560 2982; baseline 0.001 -24"><span class='ocrx_word' id='word_1_310' title='bbox 98 2897 193 2974; x_wconf 89' lang='lat' dir='ltr'><strong>nolle,</strong></span> <span class='ocrx_word' id='word_1_311' title='bbox 208 2899 244 2960; x_wconf 90' lang='lat' dir='ltr'><strong>ut</strong></span> <span class='ocrx_word' id='word_1_312' title='bbox 261 2897 355 2962; x_wconf 89' lang='lat' dir='ltr'><strong>fidem</strong></span> <span class='ocrx_word' id='word_1_313' title='bbox 367 2897 579 2976; x_wconf 86' lang='lat' dir='ltr'><strong>confessurus,</strong></span> <span class='ocrx_word' id='word_1_314' title='bbox 603 2898 735 2962; x_wconf 89' lang='lat' dir='ltr'><strong>haereat</strong></span> <span class='ocrx_word' id='word_1_315' title='bbox 756 2897 788 2960; x_wconf 91' lang='lat' dir='ltr'><strong>in</strong></span> <span class='ocrx_word' id='word_1_316' title='bbox 801 2896 1019 2980; x_wconf 81' lang='lat' dir='ltr'><strong>generalibus3</strong></span> <span class='ocrx_word' id='word_1_317' title='bbox 1034 2901 1090 2961; x_wconf 90' lang='lat' dir='ltr'><strong>ant</strong></span> <span class='ocrx_word' id='word_1_318' title='bbox 1103 2897 1161 2962; x_wconf 92' lang='lat' dir='ltr'><strong>hoc</strong></span> <span class='ocrx_word' id='word_1_319' title='bbox 1177 2920 1275 2962; x_wconf 89' lang='lat' dir='ltr'><strong>unum</strong></span> <span class='ocrx_word' id='word_1_320' title='bbox 1288 2897 1486 2962; x_wconf 90' lang='lat' dir='ltr'><strong>solummodo</strong></span> <span class='ocrx_word' id='word_1_321' title='bbox 1498 2918 1560 2982; x_wconf 90' lang='lat' dir='ltr'><strong>ge-</strong></span> 
     </span>
     <span class='ocr_line' id='line_1_30' title="bbox 98 2985 1561 3070; baseline 0.003 -24"><span class='ocrx_word' id='word_1_322' title='bbox 98 2986 205 3048; x_wconf 88' lang='lat' dir='ltr'><strong>nerale</strong></span> <span class='ocrx_word' id='word_1_323' title='bbox 229 2985 429 3068; x_wconf 77' lang='lat' dir='ltr'><strong>profiteatur,</strong></span> <span class='ocrx_word' id='word_1_324' title='bbox 439 2987 556 3070; x_wconf 89' lang='lat' dir='ltr'><strong>recipio</strong></span> <span class='ocrx_word' id='word_1_325' title='bbox 568 2985 755 3070; x_wconf 81' lang='lat' dir='ltr'><strong>Symbolum</strong></span> <span class='ocrx_word' id='word_1_326' title='bbox 769 2985 988 3070; x_wconf 89' lang='lat' dir='ltr'><strong>apostolicum.</strong></span> <span class='ocrx_word' id='word_1_327' title='bbox 1013 2986 1073 3050; x_wconf 85' lang='lat' dir='ltr'><strong>Est</strong></span> <span class='ocrx_word' id='word_1_328' title='bbox 1093 3008 1169 3070; x_wconf 91' lang='lat' dir='ltr'><strong>ergo</strong></span> <span class='ocrx_word' id='word_1_329' title='bbox 1185 2987 1261 3052; x_wconf 92' lang='lat' dir='ltr'><strong>ordo</strong></span> <span class='ocrx_word' id='word_1_330' title='bbox 1272 2986 1491 3050; x_wconf 87' lang='lat' dir='ltr'><strong>Ecclesiarum</strong></span> <span class='ocrx_word' id='word_1_331' title='bbox 1504 3009 1561 3050; x_wconf 78' lang='grc' dir='ltr'><strong>ηο-</strong></span> 
     </span>
     <span class='ocr_line' id='line_1_31' title="bbox 98 3073 1561 3161; baseline 0.001 -25"><span class='ocrx_word' id='word_1_332' title='bbox 98 3077 237 3136; x_wconf 90' lang='lat' dir='ltr'><strong>strarum</strong></span> <span class='ocrx_word' id='word_1_333' title='bbox 252 3074 432 3152; x_wconf 80' lang='lat' dir='ltr'><strong>laudabilis,</strong></span> <span class='ocrx_word' id='word_1_334' title='bbox 446 3075 619 3138; x_wconf 88' lang='lat' dir='ltr'><strong>secundnm</strong></span> <span class='ocrx_word' id='word_1_335' title='bbox 632 3098 727 3161; x_wconf 90' lang='lat' dir='ltr'><strong>quem</strong></span> <span class='ocrx_word' id='word_1_336' title='bbox 740 3075 846 3138; x_wconf 88' lang='lat' dir='ltr'><strong>omnia</strong></span> <span class='ocrx_word' id='word_1_337' title='bbox 858 3073 932 3138; x_wconf 87' lang='lat' dir='ltr'><strong>fidei</strong></span> <span class='ocrx_word' id='word_1_338' title='bbox 945 3075 1095 3158; x_wconf 87' lang='lat' dir='ltr'><strong>dogmata</strong></span> <span class='ocrx_word' id='word_1_339' title='bbox 1108 3075 1360 3158; x_wconf 88' lang='lat' dir='ltr'><strong>adBaptismum</strong></span> <span class='ocrx_word' id='word_1_340' title='bbox 1370 3079 1425 3139; x_wconf 89' lang='lat' dir='ltr'><strong>aut</strong></span> <span class='ocrx_word' id='word_1_341' title='bbox 1435 3075 1474 3138; x_wconf 91' lang='lat' dir='ltr'><strong>ad</strong></span> <span class='ocrx_word' id='word_1_342' title='bbox 1483 3074 1561 3138; x_wconf 82' lang='lat' dir='ltr'><strong>Coe-</strong></span> 
     </span>
     <span class='ocr_line' id='line_1_32' title="bbox 99 3163 1562 3248; baseline 0.002 -24"><span class='ocrx_word' id='word_1_343' title='bbox 99 3183 172 3224; x_wconf 91' lang='lat' dir='ltr'><strong>nam</strong></span> <span class='ocrx_word' id='word_1_344' title='bbox 196 3163 385 3226; x_wconf 87' lang='lat' dir='ltr'><strong>admittendi</strong></span> <span class='ocrx_word' id='word_1_345' title='bbox 409 3163 475 3228; x_wconf 86' lang='lat' dir='ltr'><strong>sive</strong></span> <span class='ocrx_word' id='word_1_346' title='bbox 499 3165 636 3247; x_wconf 89' lang='lat' dir='ltr'><strong>propriis</strong></span> <span class='ocrx_word' id='word_1_347' title='bbox 654 3164 758 3229; x_wconf 89' lang='lat' dir='ltr'><strong>verbis</strong></span> <span class='ocrx_word' id='word_1_348' title='bbox 775 3163 1002 3247; x_wconf 86' lang='lat' dir='ltr'><strong>respondenda,</strong></span> <span class='ocrx_word' id='word_1_349' title='bbox 1019 3163 1085 3227; x_wconf 87' lang='lat' dir='ltr'><strong>sive</strong></span> <span class='ocrx_word' id='word_1_350' title='bbox 1102 3164 1291 3248; x_wconf 91' lang='lat' dir='ltr'><strong>simpliciter</strong></span> <span class='ocrx_word' id='word_1_351' title='bbox 1303 3164 1492 3228; x_wconf 86' lang='lat' dir='ltr'><strong>affirmando</strong></span> <span class='ocrx_word' id='word_1_352' title='bbox 1506 3168 1562 3228; x_wconf 87' lang='lat' dir='ltr'><strong>ant</strong></span> 
     </span>
     <span class='ocr_line' id='line_1_33' title="bbox 98 3251 454 3334; baseline 0.006 -22"><span class='ocrx_word' id='word_1_353' title='bbox 98 3252 243 3332; x_wconf 77' lang='lat' dir='ltr'><strong>neganda</strong></span> <span class='ocrx_word' id='word_1_354' title='bbox 256 3251 454 3334; x_wconf 90' lang='lat' dir='ltr'><strong>profitentur.</strong></span> 
     </span>
    </p>

    <p class='ocr_par' dir='ltr' id='par_1_4' title="bbox 95 3340 1562 4491">
     <span class='ocr_line' id='line_1_34' title="bbox 142 3340 1561 3428; baseline 0.004 -27"><span class='ocrx_word' id='word_1_355' title='bbox 142 3342 172 3403; x_wconf 80' lang='lat'><strong>3.</strong></span> <span class='ocrx_word' id='word_1_356' title='bbox 198 3341 322 3422; x_wconf 73' lang='lat' dir='ltr'><strong>Quaen.</strong></span> <span class='ocrx_word' id='word_1_357' title='bbox 347 3340 398 3405; x_wconf 88' lang='lat' dir='ltr'><strong>An</strong></span> <span class='ocrx_word' id='word_1_358' title='bbox 410 3353 532 3424; x_wconf 77' lang='lat' dir='ltr'><strong>praeter</strong></span> <span class='ocrx_word' id='word_1_359' title='bbox 546 3343 697 3426; x_wconf 78' lang='lat' dir='ltr'><strong>sianplicis</strong></span> <span class='ocrx_word' id='word_1_360' title='bbox 712 3343 849 3408; x_wconf 79' lang='lat' dir='ltr'><strong>veritatis</strong></span> <span class='ocrx_word' id='word_1_361' title='bbox 865 3343 1098 3421; x_wconf 76' lang='lat' dir='ltr'><strong>coricesaioncm,</strong></span> <span class='ocrx_word' id='word_1_362' title='bbox 1110 3343 1203 3408; x_wconf 79' lang='lat' dir='ltr'><strong>etiam</strong></span> <span class='ocrx_word' id='word_1_363' title='bbox 1218 3343 1401 3428; x_wconf 81' lang='lat' dir='ltr'><strong>requiratur</strong></span> <span class='ocrx_word' id='word_1_364' title='bbox 1416 3362 1561 3425; x_wconf 71' lang='lat' dir='ltr'><strong>expressa</strong></span> 
     </span>
     <span class='ocr_line' id='line_1_35' title="bbox 96 3429 1561 3517; baseline 0.001 -25"><span class='ocrx_word' id='word_1_365' title='bbox 96 3448 244 3494; x_wconf 76' lang='lat' dir='ltr'><strong>morum</strong></span> <span class='ocrx_word' id='word_1_366' title='bbox 267 3431 385 3513; x_wconf 72' lang='lat' dir='ltr'><strong>rrp&#39;ectio</strong></span> <span class='ocrx_word' id='word_1_367' title='bbox 399 3429 414 3496; x_wconf 78' lang='lat'><strong>‚9</strong></span> <span class='ocrx_word' id='word_1_368' title='bbox 440 3431 526 3513; x_wconf 83' lang='lat' dir='ltr'><strong>Rcap.</strong></span> <span class='ocrx_word' id='word_1_369' title='bbox 555 3430 629 3494; x_wconf 91' lang='lat' dir='ltr'><strong>Non</strong></span> <span class='ocrx_word' id='word_1_370' title='bbox 650 3431 777 3517; x_wconf 89' lang='lat' dir='ltr'><strong>quidem</strong></span> <span class='ocrx_word' id='word_1_371' title='bbox 798 3454 933 3514; x_wconf 85' lang='lat' dir='ltr'><strong>semper,</strong></span> <span class='ocrx_word' id='word_1_372' title='bbox 946 3436 1002 3496; x_wconf 91' lang='lat' dir='ltr'><strong>aut</strong></span> <span class='ocrx_word' id='word_1_373' title='bbox 1013 3431 1132 3517; x_wconf 90' lang='lat' dir='ltr'><strong>ubique</strong></span> <span class='ocrx_word' id='word_1_374' title='bbox 1146 3454 1153 3494; x_wconf 92' lang='lat'>:</span> <span class='ocrx_word' id='word_1_375' title='bbox 1167 3433 1306 3496; x_wconf 84' lang='lat' dir='ltr'><strong>sedeam</strong></span> <span class='ocrx_word' id='word_1_376' title='bbox 1319 3431 1529 3515; x_wconf 86' lang='lat' dir='ltr'><strong>baptizandus</strong></span> <span class='ocrx_word' id='word_1_377' title='bbox 1543 3435 1561 3494; x_wconf 81' lang='lat' dir='ltr'><strong>a</strong></span> 
     </span>
     <span class='ocr_line' id='line_1_36' title="bbox 95 3515 1562 3606; baseline 0.003 -27"><span class='ocrx_word' id='word_1_378' title='bbox 95 3515 274 3598; x_wconf 67' lang='lat' dir='ltr'><strong>«ludaismo,</strong></span> <span class='ocrx_word' id='word_1_379' title='bbox 298 3523 355 3582; x_wconf 90' lang='lat' dir='ltr'><strong>aut</strong></span> <span class='ocrx_word' id='word_1_380' title='bbox 377 3516 676 3598; x_wconf 83' lang='lat' dir='ltr'><strong>Muhanimedismo,</strong></span> <span class='ocrx_word' id='word_1_381' title='bbox 693 3523 749 3585; x_wconf 92' lang='lat' dir='ltr'><strong>ant</strong></span> <span class='ocrx_word' id='word_1_382' title='bbox 765 3519 909 3598; x_wconf 89' lang='lat' dir='ltr'><strong>Haeresi,</strong></span> <span class='ocrx_word' id='word_1_383' title='bbox 935 3519 968 3583; x_wconf 91' lang='lat' dir='ltr'><strong>in</strong></span> <span class='ocrx_word' id='word_1_384' title='bbox 986 3542 1048 3605; x_wconf 92' lang='lat' dir='ltr'><strong>qua</strong></span> <span class='ocrx_word' id='word_1_385' title='bbox 1062 3520 1152 3600; x_wconf 86' lang='lat' dir='ltr'><strong>vixit,</strong></span> <span class='ocrx_word' id='word_1_386' title='bbox 1177 3542 1336 3606; x_wconf 88' lang='lat' dir='ltr'><strong>quamque</strong></span> <span class='ocrx_word' id='word_1_387' title='bbox 1349 3521 1478 3604; x_wconf 88' lang='lat' dir='ltr'><strong>insuper</strong></span> <span class='ocrx_word' id='word_1_388' title='bbox 1490 3542 1562 3604; x_wconf 89' lang='lat' dir='ltr'><strong>per·</strong></span> 
     </span>
     <span class='ocr_line' id='line_1_37' title="bbox 97 3606 1561 3686; baseline 0.004 -18"><span class='ocrx_word' id='word_1_389' title='bbox 97 3627 189 3670; x_wconf 89' lang='lat' dir='ltr'><strong>verso</strong></span> <span class='ocrx_word' id='word_1_390' title='bbox 200 3606 267 3670; x_wconf 89' lang='lat' dir='ltr'><strong>zelo</strong></span> <span class='ocrx_word' id='word_1_391' title='bbox 280 3607 414 3672; x_wconf 88' lang='lat' dir='ltr'><strong>antehac</strong></span> <span class='ocrx_word' id='word_1_392' title='bbox 427 3608 577 3686; x_wconf 87' lang='lat' dir='ltr'><strong>defendit,</strong></span> <span class='ocrx_word' id='word_1_393' title='bbox 594 3609 634 3672; x_wconf 90' lang='lat' dir='ltr'><strong>ad</strong></span> <span class='ocrx_word' id='word_1_394' title='bbox 651 3631 742 3673; x_wconf 91' lang='lat' dir='ltr'><strong>verae</strong></span> <span class='ocrx_word' id='word_1_395' title='bbox 754 3607 916 3673; x_wconf 87' lang='lat' dir='ltr'><strong>Ecclesiae</strong></span> <span class='ocrx_word' id='word_1_396' title='bbox 930 3610 1183 3674; x_wconf 88' lang='lat' dir='ltr'><strong>communionem</strong></span> <span class='ocrx_word' id='word_1_397' title='bbox 1195 3610 1320 3674; x_wconf 88' lang='lat' dir='ltr'><strong>transit.</strong></span> <span class='ocrx_word' id='word_1_398' title='bbox 1334 3608 1368 3673; x_wconf 89' lang='lat' dir='ltr'><strong>Si</strong></span> <span class='ocrx_word' id='word_1_399' title='bbox 1381 3609 1465 3674; x_wconf 89' lang='lat' dir='ltr'><strong>enim</strong></span> <span class='ocrx_word' id='word_1_400' title='bbox 1482 3607 1561 3674; x_wconf 90' lang='lat' dir='ltr'><strong>Dia·</strong></span> 
     </span>
     <span class='ocr_line' id='line_1_38' title="bbox 97 3695 1561 3782; baseline 0.005 -27"><span class='ocrx_word' id='word_1_401' title='bbox 97 3695 172 3758; x_wconf 88' lang='lat' dir='ltr'><strong>halo</strong></span> <span class='ocrx_word' id='word_1_402' title='bbox 194 3697 414 3761; x_wconf 74' lang='lat' dir='ltr'><strong>&amp;mundanae</strong></span> <span class='ocrx_word' id='word_1_403' title='bbox 438 3697 606 3780; x_wconf 89' lang='lat' dir='ltr'><strong>impietati,</strong></span> <span class='ocrx_word' id='word_1_404' title='bbox 631 3701 687 3761; x_wconf 90' lang='lat' dir='ltr'><strong>aut</strong></span> <span class='ocrx_word' id='word_1_405' title='bbox 711 3697 902 3762; x_wconf 79' lang='lat' dir='ltr'><strong>(tantilismo</strong></span> <span class='ocrx_word' id='word_1_406' title='bbox 926 3698 987 3762; x_wconf 76' lang='lat' dir='ltr'><strong>rite</strong></span> <span class='ocrx_word' id='word_1_407' title='bbox 999 3698 1235 3776; x_wconf 89' lang='lat' dir='ltr'><strong>renuntiabant,</strong></span> <span class='ocrx_word' id='word_1_408' title='bbox 1250 3702 1272 3764; x_wconf 85' lang='lat' dir='ltr'><strong>a</strong></span> <span class='ocrx_word' id='word_1_409' title='bbox 1286 3698 1396 3782; x_wconf 90' lang='lat' dir='ltr'><strong>quidni</strong></span> <span class='ocrx_word' id='word_1_410' title='bbox 1410 3697 1561 3782; x_wconf 89' lang='lat' dir='ltr'><strong>perfidiae</strong></span> 
     </span>
     <span class='ocr_line' id='line_1_39' title="bbox 95 3781 1560 3872; baseline 0.001 -24"><span class='ocrx_word' id='word_1_411' title='bbox 95 3781 117 3848; x_wconf 87' lang='lat' dir='ltr'><strong>J</strong></span> <span class='ocrx_word' id='word_1_412' title='bbox 120 3784 261 3862; x_wconf 88' lang='lat' dir='ltr'><strong>udaicae,</strong></span> <span class='ocrx_word' id='word_1_413' title='bbox 274 3790 330 3849; x_wconf 90' lang='lat' dir='ltr'><strong>ant</strong></span> <span class='ocrx_word' id='word_1_414' title='bbox 341 3783 673 3864; x_wconf 85' lang='lat' dir='ltr'><strong>Muhammedisticae,</strong></span> <span class='ocrx_word' id='word_1_415' title='bbox 688 3791 744 3850; x_wconf 76' lang='lat' dir='ltr'><strong>arat</strong></span> <span class='ocrx_word' id='word_1_416' title='bbox 757 3785 901 3864; x_wconf 89' lang='lat' dir='ltr'><strong>Haeresi,</strong></span> <span class='ocrx_word' id='word_1_417' title='bbox 919 3809 999 3872; x_wconf 88' lang='lat' dir='ltr'><strong>quac</strong></span> <span class='ocrx_word' id='word_1_418' title='bbox 1013 3811 1051 3850; x_wconf 86' lang='lat' dir='ltr'><strong>ex</strong></span> <span class='ocrx_word' id='word_1_419' title='bbox 1063 3791 1153 3871; x_wconf 89' lang='lat' dir='ltr'><strong>patre</strong></span> <span class='ocrx_word' id='word_1_420' title='bbox 1167 3787 1318 3852; x_wconf 79' lang='lat' dir='ltr'><strong>diabolo?</strong></span> <span class='ocrx_word' id='word_1_421' title='bbox 1331 3785 1419 3850; x_wconf 86' lang='lat' dir='ltr'><strong>Talis</strong></span> <span class='ocrx_word' id='word_1_422' title='bbox 1432 3787 1560 3870; x_wconf 91' lang='lat' dir='ltr'><strong>rejectio</strong></span> 
     </span>
     <span class='ocr_line' id='line_1_40' title="bbox 96 3871 1558 3961; baseline 0.004 -27"><span class='ocrx_word' id='word_1_423' title='bbox 96 3871 269 3958; x_wconf 87' lang='lat' dir='ltr'><strong>aliquando</strong></span> <span class='ocrx_word' id='word_1_424' title='bbox 289 3875 326 3937; x_wconf 90' lang='lat' dir='ltr'><strong>fit</strong></span> <span class='ocrx_word' id='word_1_425' title='bbox 349 3873 451 3938; x_wconf 90' lang='lat' dir='ltr'><strong>forma</strong></span> <span class='ocrx_word' id='word_1_426' title='bbox 475 3875 670 3957; x_wconf 89' lang='lat' dir='ltr'><strong>ejurationis,</strong></span> <span class='ocrx_word' id='word_1_427' title='bbox 695 3879 751 3939; x_wconf 91' lang='lat' dir='ltr'><strong>aut</strong></span> <span class='ocrx_word' id='word_1_428' title='bbox 763 3875 987 3955; x_wconf 87' lang='lat' dir='ltr'><strong>anathematis,</strong></span> <span class='ocrx_word' id='word_1_429' title='bbox 1001 3875 1171 3961; x_wconf 89' lang='lat' dir='ltr'><strong>aliquando</strong></span> <span class='ocrx_word' id='word_1_430' title='bbox 1184 3875 1337 3960; x_wconf 87' lang='lat' dir='ltr'><strong>simplicis</strong></span> <span class='ocrx_word' id='word_1_431' title='bbox 1350 3876 1558 3940; x_wconf 88' lang='lat' dir='ltr'><strong>renuntiatio-</strong></span> 
     </span>
     <span class='ocr_line' id='line_1_41' title="bbox 96 3959 1561 4048; baseline 0.005 -26"><span class='ocrx_word' id='word_1_432' title='bbox 96 3960 159 4023; x_wconf 76' lang='lat' dir='ltr'><strong>nis</strong></span> <span class='ocrx_word' id='word_1_433' title='bbox 182 3959 314 4025; x_wconf 88' lang='lat' dir='ltr'><strong>Editum</strong></span> <span class='ocrx_word' id='word_1_434' title='bbox 327 3967 375 4026; x_wconf 87' lang='lat' dir='ltr'><strong>est</strong></span> <span class='ocrx_word' id='word_1_435' title='bbox 387 3961 489 4028; x_wconf 86' lang='lat' dir='ltr'><strong>Paris.</strong></span> <span class='ocrx_word' id='word_1_436' title='bbox 502 3967 521 4026; x_wconf 77' lang='lat' dir='ltr'><strong>a</strong></span> <span class='ocrx_word' id='word_1_437' title='bbox 532 3963 627 4030; x_wconf 89' lang='lat' dir='ltr'><strong>Petro</strong></span> <span class='ocrx_word' id='word_1_438' title='bbox 640 3962 774 4028; x_wconf 89' lang='lat' dir='ltr'><strong>Morello</strong></span> <span class='ocrx_word' id='word_1_439' title='bbox 787 3985 870 4028; x_wconf 90' lang='lat' dir='ltr'><strong>anno</strong></span> <span class='ocrx_word' id='word_1_440' title='bbox 885 3964 980 4028; x_wconf 84' lang='grc'><strong>1568.</strong></span> <span class='ocrx_word' id='word_1_441' title='bbox 994 3987 1066 4028; x_wconf 91' lang='lat' dir='ltr'><strong>cum</strong></span> <span class='ocrx_word' id='word_1_442' title='bbox 1078 3964 1109 4030; x_wconf 92' lang='lat' dir='ltr'>N</span> <span class='ocrx_word' id='word_1_443' title='bbox 1111 3965 1218 4048; x_wconf 83' lang='lat' dir='ltr'><strong>ysaeni</strong></span> <span class='ocrx_word' id='word_1_444' title='bbox 1231 3963 1429 4030; x_wconf 79' lang='lat' dir='ltr'><strong>Catachetico</strong></span> <span class='ocrx_word' id='word_1_445' title='bbox 1442 3965 1561 4048; x_wconf 86' lang='lat' dir='ltr'><strong>majore</strong></span> 
     </span>
     <span class='ocr_line' id='line_1_42' title="bbox 97 4047 1561 4208; baseline 0.005 -98"><span class='ocrx_word' id='word_1_446' title='bbox 97 4047 329 4134; x_wconf 77' lang='lat' dir='ltr'><strong>Fragmentum</strong></span> <span class='ocrx_word' id='word_1_447' title='bbox 352 4074 391 4114; x_wconf 87' lang='lat' dir='ltr'><strong>ex</strong></span> <span class='ocrx_word' id='word_1_448' title='bbox 414 4050 548 4116; x_wconf 89' lang='lat' dir='ltr'><strong>Nicetae</strong></span> <span class='ocrx_word' id='word_1_449' title='bbox 572 4052 747 4117; x_wconf 83' lang='lat' dir='ltr'><strong>Choniatae</strong></span> <span class='ocrx_word' id='word_1_450' title='bbox 770 4051 839 4118; x_wconf 88' lang='lat' dir='ltr'><strong>Lib.</strong></span> <span class='ocrx_word' id='word_1_451' title='bbox 870 4053 921 4116; x_wconf 84' lang='lat'><strong>20.</strong></span> <span class='ocrx_word' id='word_1_452' title='bbox 943 4053 1107 4118; x_wconf 88' lang='lat' dir='ltr'><strong>continens</strong></span> <span class='ocrx_word' id='word_1_453' title='bbox 1131 4053 1283 4134; x_wconf 89' lang='lat' dir='ltr'><strong>ordinem,</strong></span> <span class='ocrx_word' id='word_1_454' title='bbox 1306 4054 1360 4140; x_wconf 90' lang='lat' dir='ltr'><strong>qui</strong></span> <span class='ocrx_word' id='word_1_455' title='bbox 1376 4054 1561 4208; x_wconf 53' lang='lat' dir='ltr'><strong>tuncgcirca</strong></span> 
     </span>
     <span class='ocr_line' id='line_1_43' title="bbox 95 4139 1561 4226; baseline 0.005 -26"><span class='ocrx_word' id='word_1_456' title='bbox 95 4159 215 4202; x_wconf 89' lang='lat' dir='ltr'><strong>annum</strong></span> <span class='ocrx_word' id='word_1_457' title='bbox 244 4140 352 4222; x_wconf 80' lang='lat' dir='ltr'><strong>laco.)</strong></span> <span class='ocrx_word' id='word_1_458' title='bbox 376 4140 409 4204; x_wconf 91' lang='lat' dir='ltr'><strong>in</strong></span> <span class='ocrx_word' id='word_1_459' title='bbox 432 4140 576 4205; x_wconf 77' lang='lat' dir='ltr'><strong>Ecclesia</strong></span> <span class='ocrx_word' id='word_1_460' title='bbox 589 4139 708 4206; x_wconf 78' lang='lat' dir='ltr'><strong>Graeca</strong></span> <span class='ocrx_word' id='word_1_461' title='bbox 721 4142 950 4208; x_wconf 88' lang='lat' dir='ltr'><strong>observabatur</strong></span> <span class='ocrx_word' id='word_1_462' title='bbox 962 4141 996 4204; x_wconf 89' lang='lat' dir='ltr'><strong>iu</strong></span> <span class='ocrx_word' id='word_1_463' title='bbox 1008 4140 1175 4226; x_wconf 88' lang='lat' dir='ltr'><strong>Baptismo</strong></span> <span class='ocrx_word' id='word_1_464' title='bbox 1187 4143 1421 4207; x_wconf 86' lang='lat' dir='ltr'><strong>transeuntium</strong></span> <span class='ocrx_word' id='word_1_465' title='bbox 1435 4145 1453 4206; x_wconf 77' lang='lat' dir='ltr'><strong>b</strong></span> <span class='ocrx_word' id='word_1_466' title='bbox 1490 4165 1561 4207; x_wconf 90' lang='lat' dir='ltr'><strong>ara-</strong></span> 
     </span>
     <span class='ocr_line' id='line_1_44' title="bbox 96 4225 1560 4317; baseline 0.006 -29"><span class='ocrx_word' id='word_1_467' title='bbox 96 4225 236 4292; x_wconf 89' lang='lat' dir='ltr'><strong>cenismo</strong></span> <span class='ocrx_word' id='word_1_468' title='bbox 261 4229 300 4292; x_wconf 89' lang='lat' dir='ltr'><strong>ad</strong></span> <span class='ocrx_word' id='word_1_469' title='bbox 325 4229 418 4294; x_wconf 87' lang='lat' dir='ltr'><strong>fidem</strong></span> <span class='ocrx_word' id='word_1_470' title='bbox 443 4227 668 4294; x_wconf 84' lang='lat' dir='ltr'><strong>Christianam.</strong></span> <span class='ocrx_word' id='word_1_471' title='bbox 693 4230 757 4296; x_wconf 91' lang='lat' dir='ltr'><strong>Ubi</strong></span> <span class='ocrx_word' id='word_1_472' title='bbox 781 4230 997 4314; x_wconf 76' lang='lat' dir='ltr'><strong>primum,22.</strong></span> <span class='ocrx_word' id='word_1_473' title='bbox 1023 4229 1300 4296; x_wconf 85' lang='lat' dir='ltr'><strong>anathematismis</strong></span> <span class='ocrx_word' id='word_1_474' title='bbox 1316 4231 1430 4296; x_wconf 87' lang='lat' dir='ltr'><strong>tuniin</strong></span> <span class='ocrx_word' id='word_1_475' title='bbox 1443 4253 1560 4317; x_wconf 85' lang='lat' dir='ltr'><strong>genere</strong></span> 
     </span>
     <span class='ocr_line' id='line_1_45' title="bbox 96 4313 1560 4404; baseline 0.006 -27"><span class='ocrx_word' id='word_1_476' title='bbox 96 4313 360 4381; x_wconf 87' lang='lat' dir='ltr'><strong>lllnhammednm</strong></span> <span class='ocrx_word' id='word_1_477' title='bbox 385 4341 456 4383; x_wconf 79' lang='lat' dir='ltr'><strong>crini</strong></span> <span class='ocrx_word' id='word_1_478' title='bbox 479 4319 545 4383; x_wconf 88' lang='lat' dir='ltr'><strong>suis</strong></span> <span class='ocrx_word' id='word_1_479' title='bbox 568 4321 811 4397; x_wconf 71' lang='lat' dir='ltr'><strong>sircccssoribus</strong></span> <span class='ocrx_word' id='word_1_480' title='bbox 837 4322 860 4385; x_wconf 77' lang='lat' dir='ltr'><strong>b</strong></span> <span class='ocrx_word' id='word_1_481' title='bbox 877 4319 944 4400; x_wconf 86' lang='lat' dir='ltr'><strong>ejus</strong></span> <span class='ocrx_word' id='word_1_482' title='bbox 956 4318 1162 4399; x_wconf 89' lang='lat' dir='ltr'><strong>Alcoranum,</strong></span> <span class='ocrx_word' id='word_1_483' title='bbox 1175 4325 1244 4385; x_wconf 91' lang='lat' dir='ltr'><strong>tun1</strong></span> <span class='ocrx_word' id='word_1_484' title='bbox 1257 4321 1407 4404; x_wconf 88' lang='lat' dir='ltr'><strong>specialia</strong></span> <span class='ocrx_word' id='word_1_485' title='bbox 1420 4322 1560 4404; x_wconf 86' lang='lat' dir='ltr'><strong>ejusdem</strong></span> 
     </span>
     <span class='ocr_line' id='line_1_46' title="bbox 96 4403 1559 4491; baseline 0.005 -25"><span class='ocrx_word' id='word_1_486' title='bbox 96 4403 249 4488; x_wconf 81' lang='lat' dir='ltr'><strong>dogmata</strong></span> <span class='ocrx_word' id='word_1_487' title='bbox 271 4406 552 4474; x_wconf 89' lang='lat' dir='ltr'><strong>anathematizant:</strong></span> <span class='ocrx_word' id='word_1_488' title='bbox 567 4411 590 4476; x_wconf 78' lang='lat' dir='ltr'><strong>tt</strong></span> <span class='ocrx_word' id='word_1_489' title='bbox 606 4408 718 4474; x_wconf 89' lang='lat' dir='ltr'><strong>deinde</strong></span> <span class='ocrx_word' id='word_1_490' title='bbox 731 4431 889 4474; x_wconf 88' lang='lat' dir='ltr'><strong>summam</strong></span> <span class='ocrx_word' id='word_1_491' title='bbox 906 4408 979 4474; x_wconf 91' lang='lat' dir='ltr'><strong>fidei</strong></span> <span class='ocrx_word' id='word_1_492' title='bbox 992 4407 1193 4475; x_wconf 77' lang='lat' dir='ltr'><strong>Christianae</strong></span> <span class='ocrx_word' id='word_1_493' title='bbox 1211 4417 1285 4491; x_wconf 91' lang='lat' dir='ltr'><strong>(non</strong></span> <span class='ocrx_word' id='word_1_494' title='bbox 1298 4414 1405 4476; x_wconf 86' lang='lat' dir='ltr'><strong>tamen</strong></span> <span class='ocrx_word' id='word_1_495' title='bbox 1418 4410 1485 4474; x_wconf 90' lang='lat' dir='ltr'><strong>sine</strong></span> <span class='ocrx_word' id='word_1_496' title='bbox 1499 4410 1559 4474; x_wconf 90' lang='lat' dir='ltr'><strong>im-</strong></span> 
     </span>
    </p>

    <p class='ocr_par' dir='ltr' id='par_1_5' title="bbox 1451 4498 1560 4563">
     <span class='ocr_line' id='line_1_47' title="bbox 1451 4498 1560 4563; baseline -0.009 0"><span class='ocrx_word' id='word_1_497' title='bbox 1451 4498 1560 4563; x_wconf 84' lang='lat' dir='ltr'><strong>mixtis</strong></span> 
     </span>
    </p>
   </div>
   <div class='ocr_carea' id='block_1_3' title="bbox 0 0 1872 4860">
    <p class='ocr_par' dir='ltr' id='par_1_6' title="bbox 0 0 1872 4860">
     <span class='ocr_line' id='line_1_48' title="bbox 0 0 1872 4860; baseline 0 0"><span class='ocrx_word' id='word_1_498' title='bbox 0 0 1872 4860; x_wconf 95' lang='lat' dir='ltr'><strong> </strong></span> 
     </span>
    </p>
   </div>
  </div>
 </body>
</html>
