3736 4860
291 299 400 374 Taren.
418 302 462 376 Il.
484 304 571 375 Sacc.
583 301 643 375 ΙΙΙ.
668 301 716 374 De
728 309 1008 374 Anrrnrsrmnronn
1021 305 1177 373 Bsrnrsrn.
1202 307 1273 374 Car.
1285 301 1343 374 IV.
1365 289 1367 294 ι
1481 302 1544 370 173

132 501 183 568 De
194 497 439 576 catechizatione,
452 497 596 581 proxime
608 497 753 581 sequenti
771 499 871 563 Tenet.
889 497 919 562 3.
933 497 1102 582 agendum.
1119 497 1181 562 Hie
1194 497 1359 581 quaeritur
1370 495 1408 560 de
1420 495 1558 560 catechi-

94 591 217 656 zatione
229 589 409 654 adultorum
426 586 697 670 baptizandorum.
1252 641 1256 649 .

137 682 165 743 l.
193 679 319 760 Quaest.
345 677 395 740 An
412 676 590 742 necessaria
603 676 645 740 sit
656 675 817 740 institutio
830 675 1093 759 baptizandorum
1106 679 1175 739 tum
1187 674 1396 759 publicatum
1410 673 1559 759 privata?

94 771 178 851 Hesp.
189 769 253 853 siff.
268 789 307 830 ex
319 766 370 844 iis,
379 786 460 849 quae
473 765 511 828 de
523 764 755 829 catechizandis
768 765 899 829 rudibus
912 765 996 828 infra
1009 788 1046 829 ex
1059 764 1224 849 Scriptura
1237 762 1418 829 &Patribus
1428 763 1559 828 afferen-

93 863 153 921 tur.
164 856 290 920 Deinde
304 878 343 919 ex
355 853 587 918 confessione&
599 853 795 937 professione
808 853 880 918 fidei
893 854 927 916 in
940 854 1106 937 Baptismo
1116 853 1272 918 faciendi.
1282 853 1444 927 Quomodo
1454 855 1560 915 autem

8 975 10 1018 ς
94 945 328 1029 profitebuntur
339 965 377 1006 ex
390 943 505 1020 animo,
519 943 603 1027 quod
615 965 678 1006 non
690 942 842 1006 credunt?
860 943 903 1006 Et
916 943 1072 1026 quomodo
1085 944 1212 1006 credent
1224 942 1309 1024 quod
1320 963 1376 1005 nec
1385 942 1563 1005 didicerunt

8 1081 9 1086 η
93 1058 147 1100 neo
159 1033 341 1098 audierunt.
358 1033 446 1096 Boot.
459 1032 508 1094 10.
518 1052 546 1094 v.
559 1033 610 1096 ll.
621 1032 672 1095 17.
681 1029 774 1095 Unde
786 1031 967 1115 colligimus
979 1054 1041 1096 non
1054 1031 1307 1096 sufficeretalem
1317 1029 1561 1107 institutionem,

8 1125 10 1136 ’
94 1147 147 1207 per
159 1145 260 1207 qnam
272 1120 469 1184 solummodo
482 1121 631 1184 articulos
644 1120 717 1183 fidei
730 1120 873 1204 symbolo
886 1121 1059 1203 apostolico
1072 1121 1131 1206 (ita
1143 1120 1240 1200 dieto)
1253 1119 1443 1203 propositos,
1456 1121 1479 1184 tt
1491 1141 1563 1182 ora·

94 1213 213 1276 tionem
233 1209 435 1287 dominicam,
459 1209 579 1273 adhaec
603 1209 829 1273 salutationem
852 1209 1031 1292 angelicam
1044 1209 1090 1294 (in
1107 1231 1206 1294 regno
1217 1207 1398 1287 Pontificio)
1412 1209 1563 1270 docentur

8 1347 9 1350 κ
93 1300 266 1365 memoriae
284 1298 445 1372 mandare,
463 1297 486 1360 dr
503 1297 575 1362 inde
592 1298 732 1362 reddere.
756 1297 793 1361 ln
808 1297 982 1362 Psittaoum
995 1297 1056 1362 hoo
1072 1299 1183 1362 cadere
1194 1301 1315 1381 posset:
1329 1299 1352 1362 tt
1369 1296 1500 1361 memini
1512 1317 1562 1358 me

94 1391 129 1454 de
145 1389 289 1453 Psittaco
302 1387 479 1451 Cardinalis
493 1385 620 1450 Ascanii
636 1385 808 1450 Columnae
820 1386 885 1449 tale
898 1387 973 1469 quid
990 1387 1115 1471 legisse.
1133 1385 1321 1470 Symbolum
1334 1385 1413 1448 illud
1426 1407 1490 1448 non
1501 1383 1563 1447 nisi

8 1539 9 1542 ,
93 1477 275 1562 expositum
288 1479 310 1542 tc
323 1476 494 1553 diductum,
508 1475 624 1539 additis
637 1475 796 1552 addendis
812 1473 1046 1539 dSoholasticis
1060 1474 1467 1559 antiquisttrecentioribus
1477 1495 1562 1537 com-

8 1603 9 1606 *
94 1568 235 1631 maniter
252 1565 428 1628 necessaria
448 1565 569 1628 creditu
582 1564 749 1646 complecti
770 1564 895 1628 dieitur.
913 1563 995 1628 Vide
1008 1565 1091 1628 inter
1104 1564 1183 1628 alios
1198 1565 1454 1635 Boreaoentnrum
1466 1563 1517 1627 od.
1532 1563 1562 1625 3.

95 1657 174 1721 Diei.
201 1655 255 1716 25.
280 1653 369 1728 Quod
387 1654 427 1716 ad
447 1653 738 1738 intelligentiam&
759 1653 854 1716 fidem
874 1653 1092 1731 articulorum,
1109 1653 1164 1736 qni
1177 1653 1321 1737 symbolo
1333 1657 1563 1738 proponuntur,

95 1744 242 1828 quamvis
255 1742 334 1806 alias
346 1743 556 1824 praetendant
569 1742 662 1806 fidem
675 1742 875 1824 implicitam,
888 1745 995 1805 tamen
1010 1765 1081 1806 cunr
1094 1743 1133 1806 ad
1146 1765 1179 1806 se
1189 1743 1330 1820 redeunt,
1340 1745 1459 1826 negant
1469 1741 1564 1805 alicui

94 1833 243 1898 sufficere
255 1831 349 1894 fidem
361 1831 551 1914 implicitam
563 1831 705 1894 totalem.
731 1829 783 1895 Sic
795 1832 964 1896 Duronius
976 1833 1019 1896 ae
1031 1835 1060 1894 3.
1073 1833 1156 1897 Dist.
1170 1833 1221 1893 25.
1235 1845 1286 1916 qis:
1303 1831 1331 1893 l.
1345 1829 1444 1893 Addit
1451 1828 1564 1893 Scotus

95 1921 170 1986 ibid.
199 1920 292 2002 Quod
312 1921 419 2005 otique
432 1932 516 1993 curet,
529 1941 609 2005 quoe
620 1921 826 1985 commemini·
836 1921 1062 2004 praedicuntur·
1075 1921 1109 1984 in
1122 1921 1271 1986 Ecclesid:
1293 1917 1410 1984 dictio
1423 1931 1497 1984 sard
1509 1940 1564 1982 rce-

94 2011 232 2076 eesaaria
251 2009 388 2092 simplici
398 2010 441 2073 ae
452 2009 641 2073 credendum
653 2010 801 2093 euptieite.
811 2009 898 2094 Ergo
911 2010 1091 2092 symbolum
1103 2012 1125 2074 tr
1138 2008 1363 2073 salutationem
1375 2009 1563 2092 angelicam,

95 2102 145 2166 ee.
166 2099 386 2183 pronuntiare,
404 2098 534 2181 (quibus
551 2098 629 2162 adde
646 2098 870 2162 formationem
886 2099 971 2182 signi
987 2099 1112 2181 erneis)
1126 2121 1187 2162 non
1200 2097 1364 2162 sufficiunt
1376 2097 1416 2161 ad
1429 2119 1564 2180 praepa-

96 2189 254 2252 rationem
277 2185 469 2269 baptizandi.
502 2187 546 2250 ldt
569 2187 643 2249 talis
663 2191 711 2250 est
729 2188 871 2271 vulgaris
891 2187 1092 2270 praeparatio
1112 2186 1281 2262 Pontificio
1297 2186 1337 2250 ad
1358 2186 1565 2270 baptizandos

97 2277 243 2344 Gentiles
266 2275 301 2339 in
324 2279 459 2358 utrisque
472 2274 573 2339 India.
599 2274 695 2338 Plura
708 2280 815 2340 tamen
828 2276 947 2358 requiri
960 2277 1067 2340 videas
1082 2280 1100 2339 a
1118 2277 1237 2342 Thomd
1249 2277 1270 2340 ct
1280 2277 1352 2341 lesco
1364 2277 1399 2340 io
1416 2277 1515 2341 Troct.
1529 2275 1566 2340 de

98 2365 305 2430 Coracersioue
315 2365 460 2429 orantium
475 2366 622 2431 Gentium
634 2365 687 2430 tib.
702 2365 753 2430 12.
766 2365 798 2429 in
813 2365 924 2429 catech.
935 2366 1075 2449 peperoli
1085 2387 1108 2430 e.
1124 2367 1153 2429 5.
1168 2366 1410 2431 &Posseoiooio
1420 2365 1564 2430 Biblioth.

96 2456 195 2519 select
210 2453 261 2518 tid.
278 2453 329 2517 lo.
345 2454 398 2518 ll.
1250 2515 1255 2524 ,

143 2545 174 2606 2.
190 2543 316 2624 Quaeri.
342 2541 393 2604 An
406 2541 524 2625 ubique
537 2543 647 2606 eadem
662 2542 744 2607 ratio
761 2565 797 2606 ao
808 2543 976 2607 methodus
988 2542 1166 2606 instruendi
1179 2545 1201 2609 tt
1214 2542 1428 2607 catechizandi
1441 2542 1566 2607 adultos

98 2631 305 2716 baptizandos
322 2630 485 2695 servanda.
511 2632 601 2714 lle-sp.
623 2632 696 2714 Nep.
721 2631 802 2707 Quia
819 2655 876 2696 neo
894 2631 1211 2710 Cateohumenorum,
1231 2653 1289 2695 neo
1301 2631 1564 2711 Oetechistarum,

98 2743 156 2786 nec
167 2719 396 2797 Ecclesiarum,
408 2741 466 2783 neo
479 2719 680 2799 Auditorum,
694 2743 751 2784 nec
764 2721 951 2785 insidiarum
960 2723 983 2787 tr
992 2719 1565 2806 impugnationum”aPersecutoribns

97 2812 121 2876 tt
133 2808 317 2873 infidelibus
330 2811 387 2872 aut
397 2807 584 2887 Haereticis,
598 2809 682 2873 idem
695 2810 813 2892 ubique
824 2813 927 2873 status
940 2818 998 2874 est.
1015 2809 1203 2874 Necessarie
1215 2814 1271 2874 aut
1283 2809 1461 2874 sufficiente
1473 2808 1565 2872 insti-

98 2899 225 2962 tutione
240 2919 297 2961 sen
314 2896 562 2962 catechizatione
583 2897 688 2961 debite
708 2898 944 2982 praescripti&
965 2899 997 2962 in
1017 2897 1165 2962 omnibus
1185 2898 1336 2963 Eoolesiis
1356 2898 1565 2963 communiter

97 2987 279 3065 observata,
292 2985 478 3069 peristatioa
489 2987 597 3049 omnia
605 2987 643 3050 de
651 2988 754 3061 modo,
762 2986 881 3067 ordine,
891 2988 969 3066 loeo,
981 2992 1121 3070 tempore
1131 2987 1356 3066 catechizandi,
1365 2986 1565 3072 singularum

99 3075 318 3140 Ecclesiarum
331 3074 517 3157 prudentiae
531 3076 622 3160 [pag.
632 3074 713 3161 698]
727 3076 966 3140 determinanda
978 3076 1131 3140 mutanda
1143 3075 1281 3160 relinqui
1294 3075 1418 3140 debent:
1433 3097 1497 3138 non
1506 3076 1564 3139 mi·

98 3187 172 3240 nus,
185 3185 222 3227 ac
234 3163 337 3227 multa
350 3162 413 3226 alia
421 3163 627 3246 particularia
638 3164 822 3248 peristatica
831 3165 913 3230 circa
922 3165 1419 3249 verbipraedieationem,coenae
1429 3164 1564 3228 admini-

99 3251 301 3330 strationem,
319 3257 448 3316 eantum
461 3252 719 3333 ecclesiasticum,
733 3275 938 3318 censurarum
951 3277 986 3318 ac
999 3253 1184 3337 disciplinae
1197 3255 1426 3320 executionem.
1450 3251 1564 3318 Varie·

99 3346 203 3406 tatem
219 3340 433 3425 singularium
456 3341 667 3426 ingeniorum,
685 3342 851 3419 factorum,
869 3343 1057 3422 studiorum,
1073 3367 1198 3409 morum
1213 3365 1250 3408 ae
1262 3342 1526 3408 consuetudinum
1538 3341 1565 3406 si

98 3430 175 3514 quis
191 3430 232 3493 ad
248 3429 415 3508 unitatem,
432 3431 559 3514 &quasi
573 3432 612 3495 ad
625 3431 729 3495 ideam
746 3453 842 3515 quam
857 3431 1056 3496 Platonicam
1069 3433 1212 3518 redigere
1224 3425 1332 3511 vellet,
1344 3455 1384 3496 ne
1397 3432 1424 3496 is
1436 3429 1564 3516 Sisyphi

98 3540 216 3582 saxum
228 3517 380 3598 volveret,
390 3521 569 3602 autequam
578 3520 682 3584 cribro
691 3520 845 3584 hauriret.
858 3519 1042 3606 Singularis
1051 3522 1136 3585 enim
1145 3526 1219 3586 sunt
1229 3521 1364 3600 infinita,
1374 3520 1565 3585 &infinitum
1665 3587 1668 3592 ,

98 3606 233 3670 transiri
247 3607 367 3689 nequit.
380 3606 506 3681 Quodsi
516 3609 587 3692 quis
595 3610 838 3694 polypragmon,
849 3633 904 3674 seu
917 3611 1018 3674 mavis
1030 3611 1208 3694 imperitus,
1217 3611 1362 3696 ignavus,
1371 3609 1485 3674 infelix
1495 3609 1565 3674 Me·

99 3695 193 3759 dicus
209 3699 266 3759 aut
282 3695 446 3775 Politious,
463 3697 610 3761 omnibus
625 3696 757 3762 Medicis
773 3703 829 3762 aut
845 3697 987 3764 Politicis
1007 3722 1102 3764 unam
1115 3701 1308 3784 eandemque
1321 3698 1498 3764 medicandi
1510 3703 1566 3763 eut

99 3781 351 3867 Rempublicanr
363 3785 529 3850 ordinandi
541 3808 578 3850 ao
589 3787 721 3872 regendi
733 3788 890 3852 rationem
902 3788 984 3852 circa
994 3789 1121 3872 quosvis
1131 3789 1274 3853 homiues
1283 3810 1408 3872 semper
1416 3791 1439 3854 a
1447 3787 1565 3871 ubique

98 3873 263 3936 invariare
278 3871 518 3951 observandam,
543 3875 716 3958 praescribi
737 3875 855 3940 vellet:
873 3899 913 3940 an
929 3897 992 3940 non
1009 3899 1081 3942 cum
1092 3877 1216 3942 ratione
1228 3877 1368 3942 insanire
1380 3877 1566 3942 videretur?

98 3960 149 4026 Et
162 3960 274 4044 siquis
286 3961 319 4024 in
332 3963 488 4048 regimine
500 3963 660 4029 Ecclesiae
667 3965 746 4031 talia
754 3963 834 4024 κατὰ
844 3963 957 4034 παντὸς
968 3969 1070 4033 &affl
1081 3965 1157 4040 ereo,
1169 3965 1260 4050 quasi
1270 3989 1307 4031 ex
1316 3969 1438 4032 somnio
1447 3967 1567 4051 Reipu-

8 4053 9 4130 ξ
100 4049 208 4114 blieae
220 4047 407 4115 Platonicae
419 4057 620 4134 experrectus
633 4053 666 4117 in
679 4056 834 4120 cerebello
843 4079 900 4120 suo
909 4061 1060 4140 concepta
1068 4057 1216 4142 agitarem
1226 4079 1266 4120 an
1275 4077 1338 4120 non
1347 4058 1500 4136 libertati,
1509 4081 1566 4142 po-

100 4137 226 4217 testati,
244 4139 432 4222 prudentiae
444 4139 659 4206 Ecclesiarum
672 4145 898 4229 praejudicare,
908 4145 1115 4225 deturbatum,
1125 4145 1373 4228 contentionum,
1382 4148 1566 4212 scismatum

8 4243 9 4252 ¹
99 4227 304 4291 occasionem
316 4228 451 4313 objicere
467 4230 649 4296 diceretur?
678 4231 719 4297 Ut
737 4235 833 4299 verbo
848 4234 950 4299 dicam
967 4234 1021 4318 qui
1038 4235 1117 4299 talia
1132 4233 1267 4318 agitant,
1284 4241 1341 4301 aut
1356 4237 1466 4323 ignavi
1481 4243 1566 4315 sunt,

100 4319 166 4380 aut
177 4315 329 4400 imperiti,
342 4321 398 4382 aut
410 4319 528 4383 aemuli
540 4320 688 4404 soli-ipsi,
703 4326 758 4387 aut
769 4323 966 4407 Diotrephae
979 4323 1248 4402 primatem.
1264 4322 1377 4410 Ignavi
1391 4330 1413 4394 tt
1426 4327 1566 4411 imperiti

100 4425 172 4468 non
188 4409 322 4488 possunt
333 4411 389 4472 aut
400 4429 463 4472 non
476 4409 587 4474 volunt
599 4411 689 4495 paria
703 4409 806 4477 facere
820 4435 891 4478 curn
905 4413 977 4479 aliis
989 4411 1022 4476 in
1034 4411 1237 4478 instituendis
1249 4413 1400 4500 cujusque
1411 4416 1530 4482 ordinis
1543 4419 1566 4482 to

1449 4505 1567 4594 gradus
