3722 4850
359 265 527 337 rasead.
552 275 600 340 Da
614 270 1100 354 Ρ11016.,Β1166161.,11616160.
1113 269 1204 340 Ecca.
1229 274 1300 340 011.
1314 271 1340 340 Ι.
1368 227 1373 236 ὁ
1558 279 1577 343 7
1642 345 1646 354 ,

12 455 14 466 “
119 461 220 528 larum
242 465 284 528 ob
303 461 503 548 spiritualem
516 459 657 526 Ministri
669 461 886 547 ignorantiam
900 464 995 547 (quae
1007 465 1115 526 tamen
1131 483 1193 526 non
1209 433 1274 540 diu,
1288 462 1404 539 nedum
1417 468 1453 528 ut
1463 487 1577 549 perpe-

12 545 14 640 J
122 553 182 628 tuo,
207 552 339 618 ferenda
360 550 433 635 est),
458 555 514 616 aut
526 549 566 614 ob
579 550 760 616 auditorum
772 551 838 616 sive
855 550 997 615 omnium
1013 550 1079 616 sive
1092 551 1315 634 plerorumque
1327 552 1510 634 ruditatem,
1523 559 1578 619 aut

12 655 14 738 J
121 641 158 706 ob
170 646 279 707 votnm
292 661 412 720 eorum,
426 640 527 723 quiin
540 639 634 704 certis
646 640 669 705 1
681 639 743 705 sibi
754 639 840 705 notis
851 637 997 705 formulis
1009 639 1185 705 remedium
1196 640 1325 725 aliquod
1337 640 1577 707 distractionum

12 787 13 790 ,
121 730 258 796 invenire
278 753 313 794 se
336 729 535 813 profitentur,
555 727 743 812 simpliciter
764 727 963 814 rejiciendus,
984 730 1101 793 nedum
1116 732 1184 793 tam
1199 729 1313 815 rigide,
1325 729 1577 797 utianannullis

12 807 14 876 l
121 819 164 898 fit,
187 818 453 885 condemnandus.
477 816 576 892 Quasi
599 817 702 882 omnis
726 817 864 882 essentia
883 816 1090 898 Precationis,
1110 817 1213 883 omnis
1236 817 1388 896 efficacia,
1404 819 1506 886 omnis
1522 821 1577 886 de·

12 879 14 992 J
122 909 212 988 vatio,
224 907 329 973 omnis
340 907 471 991 spiritus
489 906 622 971 Precum
634 905 731 987 absit,
745 906 801 971 ubi
813 906 903 971 adest
915 905 1062 970 formula.
1075 905 1182 986 Absit,
1195 907 1289 1004 absit,
1303 911 1339 972 ut
1351 908 1390 972 de
1401 909 1576 975 multorum

120 997 252 1080 piorum,
275 1017 339 1061 non
351 999 477 1061 tantum
490 994 670 1074 idiotarum,
684 995 775 1060 sed&
790 994 985 1060 eruditorum
997 998 1073 1060 vera
1085 995 1298 1076 conversione,
1315 996 1386 1076 fide,
1399 996 1575 1079 dovotione,

12 1103 14 1168 ᾗ
120 1091 182 1150 tam
202 1091 324 1152 temere
343 1084 536 1169 judicemus:
561 1083 653 1168 quasi
677 1084 744 1150 scil.
769 1088 853 1149 esset
876 1105 999 1149 merum
1022 1106 1101 1168 opus
1125 1086 1301 1168 operatum,
1315 1085 1575 1170 opnslabiornm,

119 1176 251 1241 attentio
262 1175 302 1239 ad
312 1173 419 1252 verba,
432 1195 529 1257 quam
540 1172 701 1238 Pontifioii
714 1173 747 1238 in
760 1173 894 1259 legendo
910 1171 1085 1253 Breviari0,
1099 1175 1122 1240 11
1137 1173 1411 1240 demnrmnrandis
1422 1177 1576 1260 supersti-

12 1259 14 1328 i
118 1263 193 1328 tiose
214 1263 358 1328 Proculis
381 1260 526 1328 sufficere
550 1260 755 1329 arbitrantur.
781 1261 843 1337 Qui
857 1261 910 1325 hic
932 1261 1574 1347 116106116061110611616101011111611

118 1352 206 1418 debet
231 1352 440 1418 condemnare
456 1349 612 1415 auxilium
624 1351 760 1431 corticis,
777 1351 817 1415 ad
828 1349 912 1434 quod
924 1349 1121 1434 confugiunt,
1134 1355 1189 1436 qui
1204 1352 1336 1417 natandi
1350 1351 1454 1417 minus
1466 1355 1573 1437 periti,

12 1433 14 1512 ξ
118 1447 171 1506 aut
189 1440 287 1520 periti
302 1439 442 1525 quidem,
455 1439 509 1504 sed
525 1438 583 1504 hoc
600 1439 692 1526 [pag.
706 1439 787 1526 489]
801 1443 943 1523 tempore
960 1439 1096 1523 spasmis
1108 1439 1248 1519 obnoxii,
1261 1442 1317 1505 ant
1329 1462 1382 1506 eos
1395 1443 1573 1508 metuentes

12 1585 14 1618 ,
118 1530 205 1614 aquis
229 1552 263 1595 se
285 1528 498 1594 committunt.
522 1525 575 1593 Sic
594 1528 737 1593 omnium
749 1527 910 1594 orantium
926 1531 1057 1594 conatus
1069 1529 1110 1593 ad
1120 1528 1324 1612 perfectionis
1341 1551 1418 1594 suae
1434 1532 1575 1617 aequali-

12 1679 14 1698 ,
117 1623 212 1684 tatem
233 1641 297 1684 non
314 1617 445 1702 exigent
456 1615 589 1701 perfecti
600 1617 660 1682 1110
671 1617 704 1681 in
717 1620 823 1701 parte:
836 1638 992 1682 memores
1003 1617 1134 1703 regulae
1146 1617 1339 1702 apostolicae
1355 1617 1429 1683 Phil
1445 1620 1476 1683 3.
1491 1643 1573 1686 vers.

12 1711 15 1790 ζ
120 1709 166 1772 15.
193 1709 349 1794 Quotquot
369 1727 482 1772 sumus
501 1707 629 1791 perfecti
643 1703 699 1772 aa.
723 1705 826 1772 Usum
837 1704 1048 1771 formularum
1064 1728 1127 1772 non
1139 1727 1207 1772 esse
1218 1728 1275 1791 per
1290 1729 1325 1772 60
1336 1712 1393 1772 aut
1404 1707 1573 1775 intrinsece

117 1797 247 1876 malum,
256 1795 311 1861 sed
319 1793 432 1879 positis
441 1795 594 1880 ponendis
603 1794 726 1876 utilem,
736 1794 814 1881 quin
822 1796 846 1862 b
854 1794 987 1860 subinde
997 1794 1220 1876 necessarium,
1230 1795 1393 1880 probatur.
1406 1797 1573 1864 11161111

12 1885 14 1974 J
117 1884 174 1950 Dei
192 1885 406 1958 institutione.
428 1883 484 1966 qui
508 1885 603 1952 Num.
626 1883 657 1954 6.
675 1882 846 1949 formulam
869 1883 1097 1948 benedictionis
1124 1883 1349 1969 usurpandam.
1372 1884 1499 1952 maur.
1519 1887 1572 1952 26.

116 1994 191 2039 terr.
215 1973 247 2038 5.
273 2011 313 2020 —
340 1971 391 2036 10.
413 1971 629 2053 confessionis,
649 1973 813 2040 1166131.
833 1992 912 2038 vers.
933 1972 987 2037 21.
1000 1972 1052 2036 22.
1069 1971 1241 2037 formulam
1253 1974 1572 2056 commemorationis,

12 2111 13 2124 .
116 2064 193 2128 1006.
208 2062 262 2126 12.
273 2082 353 2127 ocra.
371 2061 523 2127 1.]60616.
537 2061 682 2127 386016.
697 2062 749 2126 11.
762 2063 837 2128 Ezr.
851 2062 880 2126 3.
893 2081 971 2127 vers.
987 2061 1037 2126 11.
1056 2060 1227 2127 formulam
1240 2061 1435 2148 doxologice,
1454 2064 1482 2128 1.
1502 2065 1571 2152 dep.

115 2151 142 2216 8.
155 2173 234 2217 nera.
250 2150 301 2216 47.
316 2150 401 2216 Dua.
417 2149 447 2214 9.
460 2170 539 2216 vers.
553 2149 583 2216 5.
600 2147 678 2218 Hos.
688 2151 739 2215 14.
747 2171 826 2216 ocra.
837 2149 867 2215 3.
876 2151 949 2215 1061.
960 2151 1075 2216 26060.
1087 2150 1138 2216 13.
1149 2148 1320 2216 1011161011
1329 2151 1570 2237 supplicationis
1648 2233 1650 2240 y

12 2253 14 2310 ἔ
116 2239 328 2323 praescripsit.
354 2239 384 2302 2.
402 2240 469 2305 Ru.
494 2237 577 2314 Quia
593 2237 738 2304 Christus
749 2242 822 2306 Luc.
841 2239 893 2302 ll.
905 2259 984 2305 vers.
1002 2239 1039 2304 2.
1057 2237 1233 2324 Discipulis
1244 2241 1481 2324 postulantibus
1492 2240 1572 2306 For·

12 2325 14 2382 l
117 2330 235 2394 malam
256 2327 451 2392 Precationis
463 2327 603 2408 tradidit,
617 2329 655 2393 de
667 2331 705 2394 et
720 2350 877 2412 usurpans
888 2325 925 2386 τὸ
937 2327 1044 2394 dicite:
1057 2350 1120 2412 quo
1131 2325 1168 2386 ri
1181 2325 1264 2399 ἓητέν
1274 2328 1307 2392 in
1323 2327 1427 2395 forma
1439 2353 1494 2396 seu
1506 2329 1571 2396 for-

117 2418 213 2482 malia
243 2417 304 2503 (ita
335 2415 461 2500 loquar)
484 2416 581 2481 verba
604 2416 783 2482 adhibenda
806 2417 1001 2482 indicantur:
1028 2414 1079 2481 Ne
1102 2416 1174 2500 quis
1198 2416 1336 2500 excipiat
1352 2420 1572 2485 tantummodo

116 2505 283 2574 materiam
295 2507 319 2572 dc
329 2509 478 2570 contenta
489 2503 623 2570 Precum
638 2505 757 2570 tradita
768 2527 836 2571 esse
848 2505 1042 2590 Discipulis;
1055 2504 1115 2570 hoc
1128 2505 1212 2571 enim
1224 2505 1355 2582 minime
1366 2507 1572 2592 postulabant

12 2593 15 2674 ξ
115 2593 282 2680 Discipuli,
290 2594 408 2678 quippe
419 2594 457 2658 de
470 2615 506 2658 eo
518 2615 590 2659 cum
602 2594 768 2659 elementis
779 2594 945 2680 religionis
958 2593 1069 2659 edocti.
1083 2594 1114 2660 3.
1129 2595 1197 2662 1161.
1212 2592 1294 2671 Quia
1306 2593 1438 2661 Davidis
1450 2595 1571 2663 Psalmi
1697 2645 1702 2654 ·

12 2679 16 2746 i
114 2689 187 2749 sunt
208 2688 314 2750 certae
336 2682 491 2748 formulae
509 2682 707 2748 continentes
725 2681 842 2759 δεήσεις,
865 2682 965 2765 εὐχὰς,
988 2680 1167 2763 προσευχὰς,
1191 2681 1337 2762 ἐντεύξεις,
1365 2686 1567 2763 ὁμολογήσας,

114 2769 311 2852 ἀχαριστίας.
336 2771 391 2858 qni
413 2771 565 2837 Ecclesiis
588 2774 664 2837 tnnc
686 2771 1284 2857 temporisbsequentiumtemporum
1300 2773 1365 2838 dati
1382 2776 1466 2854 sunt,
1479 2777 1570 2850 ntiiS
1634 2829 1638 2836 .

114 2859 215 2926 Deum
235 2861 412 2940 laudarent,
432 2861 658 2945 supplicarent,
679 2861 728 2928 16.
755 2858 844 2937 Quod
856 2861 1108 2946 constatpartim
1121 2883 1159 2926 ex
1175 2862 1323 2946 praefixis
1335 2862 1449 2941 titulis,
1464 2857 1568 2940 atrab

12 2943 15 3036 J
114 2949 143 3014 id
167 2953 227 3030 est,
246 2949 358 3016 victori
371 2954 427 3015 aut
438 2948 609 3034 praefecto,
620 2939 772 3016 Ρ661.’75.
788 2950 839 3015 76.
853 2949 905 3017 77.
918 2951 968 3016 tc.
982 2949 1568 3038 611116146061,Ρ661.84.85.87.88.

112 3038 270 3124 imprimis
282 3061 322 3104 61
333 3039 428 3103 titulo
442 3039 527 3104 Prot.
541 3039 592 3102 92.
606 3059 685 3106 6006.
698 3039 728 3103 1.
740 3039 943 3106 maritumis
954 3038 1109 3106 86116116
1116 3062 1128 3116 ;
1140 3039 1259 3124 partim
1271 3062 1310 3104 ex
1319 3039 1349 3104 2.
1363 3040 1504 3124 Paralip.
1515 3039 1567 3103 29.

12 3145 19 3158 “·
113 3147 188 3195 vers.
202 3129 256 3193 30.
269 3128 325 3192 ubi
337 3126 465 3193 Levitae
478 3127 625 3192 dicuntur
634 3125 739 3192 Deum
752 3128 896 3194 laudasse
912 3126 1017 3194 verbis
1028 3127 1160 3194 Davidis
1172 3127 1196 3193 dr
1208 3128 1342 3213 Asaphi,
1356 3150 1437 3213 qnae
1449 3128 1569 3212 reperi-

112 3238 181 3284 mus
199 3219 288 3284 Psal.
305 3216 378 3280 136.
402 3214 520 3281 Iisdem
536 3214 656 3296 Psalmi
671 3216 761 3281 citati
772 3217 878 3282 verbis
890 3215 911 3282 J
913 3216 1087 3302 asaphatus
1100 3217 1263 3282 dominum
1275 3215 1398 3282 landari
1413 3215 1524 3282 voluit.
1538 3218 1568 3281 2.

113 3305 223 3373 Paret.
239 3307 383 3371 216616.
397 3304 451 3370 21.
467 3303 528 3369 His
540 3304 630 3384 adde,
643 3305 729 3391 quod
740 3303 844 3372 Moses
856 3329 896 3371 ex
902 3305 968 3371 Dei
980 3305 1129 3370 mandato
1140 3305 1174 3370 in
1187 3306 1365 3371 elevatione
1378 3304 1401 3371 tt
1412 3305 1568 3390 positione
1654 3343 1658 3352 -

110 3417 200 3460 acrae
219 3397 308 3460 certa
330 3392 467 3458 formula
489 3415 564 3458 usus
583 3397 641 3458 cst.
668 3394 797 3461 Numa.
820 3396 871 3460 10.
883 3415 962 3460 ocra.
977 3393 1031 3462 35.
1047 3393 1100 3459 36.
1113 3394 1286 3478 eademqne
1299 3393 1403 3460 David
1416 3395 1502 3460 Paul.
1515 3394 1568 3458 68.

110 3503 186 3549 ocra.
212 3485 241 3548 1.
256 3521 297 3532 —-
310 3483 341 3546 4.
368 3483 436 3550 1161.
459 3481 542 3565 Quia
554 3486 740 3566 sequeretur
754 3482 897 3548 Psalmos
909 3482 1042 3548 Davidis
1054 3482 1197 3567 aliasque
1208 3481 1411 3568 Hymnornm
1423 3483 1447 3548 b
1459 3481 1569 3548 Canti-

12 3641 16 3654 ,
108 3593 216 3638 mrum
235 3571 391 3637 formulas
411 3591 474 3636 non
495 3593 564 3636 6666
584 3571 710 3656 publice
732 3572 902 3638 canendas:
924 3572 1014 3656 cujus
1033 3571 1229 3637 contrarium
1247 3571 1365 3637 evincit
1381 3571 1569 3636 universalis

108 3661 270 3746 antiquae,
283 3659 501 3740 intermediae,
511 3659 683 3727 hodiernae
695 3660 856 3727 Ecclesiae
869 3660 988 3745 praxis.
1008 3659 1038 3725 5.
1051 3661 1120 3727 aar.
1147 3661 1229 3744 Quia
1241 3665 1435 3744 sequeretur,
1445 3660 1569 3724 nullum

107 3747 293 3815 Ministrnm
315 3771 408 3833 posse
432 3748 642 3814 Auditoribus
662 3750 728 3816 suis
748 3749 963 3835 praeformare
979 3748 1151 3814 formulam
1173 3749 1379 3830 Precationis,
1392 3751 1456 3833 qut
1471 3748 1568 3812 etiam

108 3838 154 3903 ”ti
176 3839 274 3904 suite
300 3840 407 3902 mente
431 3841 489 3902 sut
510 3842 688 3922 precentur,
710 3838 733 3904 1
757 3839 906 3923 adquam
924 3837 1048 3903 finitam
1060 3838 1167 3903 dicant
1179 3861 1282 3903 amen.
1308 3839 1339 3904 1.
1358 3837 1496 3904 (3661611.
1517 3837 1567 3901 14.
1618 3879 1620 3884 ,

124 3928 208 4013 .tqni
219 3927 281 3993 hoc
296 3926 469 3992 absurdum
481 3926 641 3992 neminem
653 3949 692 3992 ex
706 3930 834 3996 ἕνκντίας
849 3927 1062 3992 admissurnm
1078 3927 1227 3992 arbitror.
1251 3925 1342 4002 Quod
1358 3926 1470 4010 siquis
1483 3927 1568 3991 exci-

124 4017 174 4081 iat
189 4039 242 4082 eos
255 4019 425 4099 conceptus
437 4018 458 4080 a
469 4013 619 4080 Ministro
630 4014 860 4100 praeformatos
874 4017 895 4084 11
908 4015 1131 4101 pronuntiatos
1143 4017 1265 4080 attente
1278 4015 1463 4080 audiendo&
1471 4014 1567 4080 intel-

124 4107 242 4190 genter
257 4104 461 4190 concipiendo
473 4103 576 4169 facere
592 4126 676 4182 suos,
689 4125 800 4188 regero
812 4105 894 4170 idem
908 4105 946 4169 de
958 4105 1164 4190 conceptibus
1181 4104 1318 4170 formult
1329 4103 1438 4189 aliqust
1451 4126 1566 4189 propo·

124 4193 175 4258 itis
194 4194 315 4278 pariter
330 4191 392 4258 di'ci
407 4215 508 4277 posse.
534 4193 564 4257 6.
584 4193 653 4260 aar.
676 4191 823 4276 Denique
835 4193 969 4259 auctarii
981 4193 1049 4259 loco
1062 4194 1246 4274 notandum,
1259 4191 1480 4258 Wittalrerum
1492 4197 1567 4259 ante

103 4325 104 4334 .
124 4287 212 4367 post
223 4281 375 4348 lectiones
386 4303 470 4362 snas,
484 4280 738 4348 Chaddcrtonum
752 4281 775 4346 b
787 4281 976 4347 Perkinsum
990 4286 1064 4347 ants
1078 4285 1100 4350 ta
1112 4287 1184 4368 post
1196 4281 1360 4348 conciones
1373 4305 1447 4348 suas
1454 4281 1567 4346 iisdem

102 4371 250 4438 :amalis
273 4370 430 4438 ordinarit
456 4391 545 4436 usos:
571 4368 662 4449 Quod
681 4369 784 4438 refero
806 4370 867 4437 fide
889 4371 1013 4440 Roderti
1028 4371 1107 4456 Hitb'
1123 4371 1279 4458 Theologi
1291 4371 1393 4458 Angli
1405 4373 1436 4436 ia
1451 4371 1576 4437 Semitd·

1454 4460 1568 4526 Preca-
