3722 4850
318 283 431 352 Tener.
446 283 485 354 ll.
511 283 559 352 Da
572 285 707 366 Parma,
721 283 895 367 Buxnmcr,
910 281 1064 352 Dcxoaoo.
1078 282 1172 352 Ecca.
1199 286 1269 352 (lar.
1283 279 1309 351 Ῑ.
1497 285 1537 351 13

88 472 235 558 conjugio,
264 473 298 536 in
322 477 417 556 partu
439 473 462 538 h
486 473 665 557 puerperio,
689 474 723 537 in
747 495 867 552 somno,
891 473 925 537 in
944 477 1053 537 mensa
1074 477 1093 538 a
1114 473 1182 540 Deo
1206 475 1397 558 principium
1417 474 1538 554 definis,

90 561 210 648 ideoque
234 562 302 646 ejus
314 561 459 627 oblivisci
474 585 538 626 non
550 562 701 627 debemus
715 561 874 642 ἀρχόμενοι
885 565 907 629 b
918 560 1136 638 ἂποπαυόμενοι
1148 567 1196 643 (ut
1208 586 1279 628 cnm
1292 563 1391 628 Poeta
1403 563 1538 648 loquar):

89 655 196 735 quanto
208 651 315 735 magis
327 651 360 714 id
368 651 581 716 necessarium
590 655 647 730 est,
658 673 729 716 cum
742 652 925 716 immediate
936 675 993 736 per
1002 654 1164 718 solennem
1173 654 1294 716 cultum
1302 653 1343 716 ad
1351 651 1455 717 Deum
1464 653 1538 718 itur.

88 738 213 825 Antiqui
225 738 401 804 Christiani
415 741 554 823 corporis
566 739 771 804 refectionem
787 741 820 804 in
833 741 945 826 agapis
958 742 1024 806 suis
1037 764 1099 805 non
1109 741 1171 805 nisi
1183 740 1333 806 Precibus
1345 741 1540 806 inchoabant

86 827 105 892 t
121 827 347 906 terminabant,
367 832 449 893 teste
466 830 592 894 Terlutl.
605 829 641 892 in
652 831 778 914 Apolnq.
796 851 862 914 cap.
877 829 929 892 39.
944 829 1071 905 Quanto
1083 830 1187 914 magis
1199 829 1324 894 animae
1341 831 1540 914 spiritualem

87 914 687 1003 relectionemantecedent&sequentur
700 917 1540 998 PrecesllxhricPrecumneccssitateconstituta,duo
1606 919 1613 932 '

86 1006 242 1091 sequentia
254 1006 448 1070 consectaria
461 1005 664 1070 Problemata
672 1012 893 1092 emergunt-
906 1009 945 1071 Il.
957 1007 1063 1074 Protl.
1074 1008 1126 1072 An
1135 1009 1173 1070 ad
1182 1007 1395 1071 ministerium
1405 1008 1541 1074 idonei&

86 1094 265 1159 admittendi
277 1095 352 1172 sint,
368 1095 422 1180 qui
434 1095 561 1179 publice
573 1096 790 1182 privatimque¹
800 1097 911 1181 quavis
924 1096 1121 1163 occasione&
1134 1117 1190 1180 pro
1203 1097 1314 1179 quevis
1330 1097 1518 1180 necessitate
1531 1147 1539 1174 ,

87 1205 135 1265 pro
146 1184 387 1270 quibuscunque
403 1183 556 1267 personis,
573 1184 728 1268 collegiis,
741 1185 1023 1249 communitatibus
1036 1207 1098 1250 non
1111 1189 1229 1248 norunt
1241 1189 1356 1249 orare?
1375 1187 1464 1270 [terp.
1480 1187 1540 1251 Mi·

87 1273 161 1336 nime
183 1295 246 1337 non
268 1272 374 1357 magis
387 1294 481 1358 qnam
496 1272 556 1350 illi,
570 1273 700 1358 quinon
711 1278 831 1338 norunt
843 1273 1061 1338 cathechizare
1075 1276 1098 1340 tr
1110 1273 1298 1338 concionari.
1323 1272 1358 1337 si
1371 1274 1455 1338 enim
1469 1276 1540 1360 quis

87 1360 170 1438 dicat,
182 1383 236 1426 eos
248 1361 373 1426 novisse
386 1381 424 1425 ex
438 1360 520 1424 libro
533 1362 639 1446 legere
648 1363 855 1446 precationes,
869 1365 925 1426 aut
935 1363 1110 1427 oraticnem
1124 1363 1314 1426 dominicam
1326 1362 1462 1427 aliamve
1474 1363 1540 1427 for-

86 1450 196 1514 mulam
220 1451 405 1514 memoriter
431 1451 645 1534 pronuntiare:
670 1473 788 1535 repono
813 1452 897 1515 idem
922 1473 1013 1515 nosse
1036 1473 1100 1516 non
1127 1471 1245 1534 paucos
1266 1450 1406 1536 quinque
1417 1457 1474 1516 aut
1485 1475 1540 1516 sex
1653 1457 1655 1460 ’

86 1560 231 1604 annornm
248 1540 390 1623 puellcs;
410 1540 557 1623 idemque
577 1562 669 1623 posse
690 1541 843 1624 applicari
866 1541 1024 1620 omnibus,
1038 1541 1093 1625 qui
1106 1540 1197 1604 modo
1210 1543 1334 1603 textum
1346 1537 1540 1625 Scripturas,

85 1627 266 1708 catechesin‚
295 1628 396 1692 editas
414 1628 633 1712 postillisticas
657 1630 831 1708 concioneS,
856 1629 975 1693 aliasve
987 1629 1135 1693 homilias
1148 1629 1449 1712 legeredidicerunt3
1463 1631 1541 1716 quin

86 1715 206 1800 insuper
230 1716 433 1802 quaestiones
454 1718 577 1803 aliquot
595 1717 815 1798 catecheticas,
829 1723 885 1782 aut
897 1723 1020 1801 partem
1034 1717 1175 1802 aliquam
1191 1717 1342 1800 postillae
1355 1717 1541 1783 &homiliae

85 1807 248 1870 memoriae
276 1805 455 1870 madtrnnt.
481 1805 732 1871 Promoveantur
752 1829 828 1892 ergo
840 1807 920 1872 tales
937 1805 1012 1887 fuci,
1026 1807 1153 1870 nomine
1165 1804 1307 1870 Studiosi
1322 1805 1539 1891 theologiae&

87 1889 153 1957 lilii
175 1893 420 1978 Prophetarum,
444 1895 548 1978 reipsa
572 1894 687 1961 fratres
712 1896 975 1980 ignorantissimi,
997 1896 1052 1981 qui
1072 1899 1136 1958 una
1157 1899 1253 1978 atque
1272 1895 1374 1959 altera
1394 1896 1541 1961 concione
1573 1941 1580 1954 .

84 1981 121 2044 ah
142 1983 213 2048 aliis
237 1983 375 2047 forman
399 1985 421 2049 b
445 1985 616 2049 memoriae
639 1986 789 2049 mandata
813 1988 949 2049 aetatem
964 1985 1098 2048 miserae
1114 1982 1276 2048 Ecclesiae
1288 1984 1435 2064 illudant,
1448 2007 1540 2068 prae·

85 2070 174 2136 missa
194 2072 407 2156 praelectione
427 2073 562 2137 aliorum
575 2078 738 2152 textuum,
762 2096 840 2157 quos
860 2078 966 2137 tamen
988 2072 1132 2157 pauculis
1148 2073 1213 2136 illis
1233 2073 1434 2137 concionibus
1447 2074 1542 2138 toties

84 2160 234 2246 totiesque
259 2161 298 2224 de
321 2161 418 2226 verbo
445 2162 639 2226 adverbum
664 2163 809 2247 repetitis
832 2185 890 2226 nec
915 2161 1076 2246 explicant
1098 2183 1155 2225 nec
1179 2161 1356 2244 praesentis
1379 2161 1541 2228 Ecclesiae

84 2249 235 2329 praesenti
249 2249 348 2314 statui
362 2250 535 2334 applicant
548 2251 571 2316 b
583 2252 726 2330 subinde,
740 2274 797 2335 per
809 2273 971 2337 magnam,
980 2251 1008 2314 si
1017 2272 1082 2315 non
1094 2273 1150 2334 per
1159 2250 1311 2332 majorem
1321 2251 1396 2314 anni
1405 2256 1542 2335 partem,

84 2337 193 2418 partim
216 2341 350 2424 peregre
367 2339 605 2422 proficiscendo,
626 2340 744 2423 partim
762 2340 846 2404 vices
858 2340 1063 2404 concionandi
1080 2361 1152 2402 cum
1163 2337 1279 2402 Vicina
1294 2359 1356 2424 quo
1369 2340 1542 2405 Conciona-

82 2427 146 2490 tore
161 2426 342 2511 imperitiae
366 2429 390 2492 h
407 2429 556 2513 ignaviae
569 2429 711 2512 ipsorum
722 2429 863 2508 favente,
876 2433 933 2493 aut
945 2429 1060 2492 saltem
1073 2429 1140 2511 ejus
1154 2426 1294 2507 miserto,
1308 2431 1540 2494 commutanda.

83 2511 123 2576 llt
137 2514 170 2579 hi
187 2517 310 2581 scilicet
324 2513 455 2581 Scribas
469 2518 552 2582 docti
567 2518 608 2582 ad
631 2516 779 2604 Regnum
799 2517 976 2594 Ooelorum,
991 2516 1046 2601 qui
1061 2539 1098 2580 ex
1111 2516 1263 2580 thesauro
1277 2538 1334 2580 suo
1346 2518 1542 2601 depromturi

82 2609 170 2667 emat
193 2608 303 2669 vetera
321 2605 343 2670 h
368 2627 466 2683 nora;
484 2607 531 2670 uti
544 2605 604 2671 hoc
616 2607 751 2692 requirit
760 2606 909 2671 Servator
921 2607 1030 2672 Manli.
1046 2606 1097 2669 13.
1112 2627 1191 2670 ocra.
1206 2605 1258 2669 52.
1282 2603 1374 2680 Quod
1390 2608 1542 2692 nequead

82 2691 235 2778 colloquia
254 2716 328 2758 cum
343 2693 422 2772 Dee,
441 2716 478 2760 ac
500 2694 640 2781 alloquia
661 2697 700 2760 ad
725 2696 879 2780 populum
903 2695 1134 2759 extendendum
1158 2698 1216 2758 est.
1238 2692 1333 2757 'Pales
1356 2695 1424 2760 scil.
1437 2696 1542 2760 idonei

81 2785 170 2844 erunt
190 2783 231 2846 ad
248 2783 444 2848 adversarios
467 2787 531 2868 qua
551 2784 677 2868 publice
691 2789 755 2870 qua
767 2785 917 2870 privatim
931 2783 1150 2848 cominiandos
1168 2783 1225 2848 lle.
1240 2783 1267 2845 1.
1280 2803 1360 2847 ocra.
1371 2784 1402 2848 9.
1416 2785 1456 2848 ad
1467 2807 1541 2849 con-

81 2868 149 2933 silia
162 2871 343 2957 theologica
355 2873 420 2936 suis
433 2876 622 2958 quacunque
634 2874 796 2942 occasione
808 2873 1018 2957 suggerenda,
1032 2873 1071 2936 ad
1083 2871 1180 2936 dubia
1194 2871 1389 2955 &scrupulos
1401 2873 1543 2937 eximen-

80 2955 143 3038 dos,
162 2960 203 3025 ad
223 2958 431 3036 Quaestiones
460 2962 614 3045 practicus
627 2963 649 3027 b
663 2985 753 3027 casus
767 2964 858 3049 [pag.
872 2961 955 3047 497]
968 2960 1233 3038 determinandos,
1247 2960 1286 3023 ad
1298 2961 1401 3024 omnis
1416 2963 1542 3046 generis
1576 3033 1581 3042 ,

79 3049 317 3128 consolationes,
330 3049 578 3130 adhortationes,
591 3052 805 3135 correptiones
817 3049 1115 3125 subministrandum
1126 3049 1164 3112 ad
1184 3047 1396 3113 ecclesiastica
1413 3051 1542 3134 negotia

15 3187 16 3190 η
80 3135 223 3202 &causas
239 3139 273 3202 in
286 3136 458 3222 SynedriiS,
473 3137 646 3218 classibus,
660 3139 795 3224 Synodis
809 3139 1001 3203 tractandas.
1014 3137 1166 3202 Remedia
1178 3136 1253 3201 huic
1265 3138 1351 3202 malo
1363 3138 1542 3203 adhibenda

79 3230 150 3288 sunt
169 3228 248 3291 duo:
271 3249 406 3313 qnomm
418 3227 506 3312 prins
519 3232 578 3307 est,
591 3225 628 3292 nt
651 3233 725 3294 ante
747 3225 878 3303 ἀκριβῶς
893 3228 1098 3311 explorentur
1110 3227 1191 3291 dona
1204 3227 1226 3292 dr
1241 3225 1381 3302 δυνκμεῖς
1393 3228 1541 3293 candida-

15 3395 16 3400 *
80 3315 182 3379 terum
194 3319 264 3379 tum
277 3316 387 3380 orandi
398 3321 469 3381 tum
481 3317 697 3385 concionandi.
713 3315 749 3381 In
763 3339 859 3403 quem
872 3315 971 3380 linem
984 3317 1157 3380 absurdum
1171 3337 1233 3379 non
1247 3319 1329 3380 esset
1341 3316 1368 3380 si
1380 3316 1469 3381 horis
1482 3317 1545 3381 ali·

15 3417 16 3420 ’
78 3407 153 3486 quot
174 3403 330 3469 concessis
350 3406 373 3471 b
394 3405 502 3470 bibliis
520 3428 590 3470 curn
607 3405 691 3471 notis
712 3405 957 3491 marginalibus,
974 3403 1250 3482 &concordantiia
1268 3405 1307 3468 ad
1322 3427 1542 3492 quemcunque

77 3493 275 3576 propositum
287 3497 411 3558 textum
424 3494 605 3559 concionem
618 3517 715 3559 unam
732 3499 828 3581 atque
841 3495 976 3558 alteram
985 3498 1263 3578 extemporaneam
1273 3515 1377 3558 coram
1389 3493 1543 3579 Synedrio

76 3585 130 3644 aut
141 3579 254 3646 Classe
265 3581 384 3647 habere
397 3586 591 3647 tenerentur:
602 3588 699 3670 atque
708 3583 895 3648 unaPreces
905 3582 1138 3648 accommodate
1148 3582 1187 3646 ad
1196 3581 1342 3646 habitam
1350 3583 1541 3660 concionem3

76 3667 191 3736 additis
216 3671 420 3756 generalibus
436 3672 459 3737 h
475 3672 665 3755 specialibus
680 3695 737 3757 pro
749 3671 910 3756 praesenti
921 3694 1027 3736 rerum
1042 3670 1239 3736 &Ecclesiae
1252 3674 1350 3750 statu,
1363 3675 1433 3734 tum
1445 3671 1542 3736 doxo-

75 3755 170 3844 logiis
186 3764 257 3825 tum
277 3759 496 3844 petitionibus.
522 3759 656 3825 Memini
677 3785 728 3826 me
752 3761 868 3846 legisse
892 3761 928 3825 irc
953 3763 1052 3826 macr.
1076 3761 1162 3825 Petri
1183 3759 1309 3825 Molioni
1328 3760 1365 3824 de
1385 3759 1544 3825 Vocolionc

75 3846 261 3925 Pastorum,
273 3849 307 3912 in
325 3847 431 3913 Gallia
443 3847 626 3914 Candidatis
642 3854 765 3914 textum
777 3849 927 3935 praefigi,
940 3871 1035 3932 quem
1047 3848 1199 3932 postridie
1213 3848 1277 3926 (24.
1291 3848 1357 3912 scil.
1370 3848 1458 3912 horis
1470 3854 1543 3932 post

74 3935 318 4022 injunctionem)
337 3938 484 4002 concione
502 3938 692 4022 explicaturi
710 3943 794 4004 sunt.
829 3937 972 4003 Attamen
993 3942 1051 4018 est,
1074 3937 1162 4001 utin
1188 3935 1386 4001 Academicis
1399 3938 1542 4022 collegiis

15 4045 16 4048 ’
72 4027 322 4111 proponentium
346 4029 369 4094 b
392 4027 605 4110 repetentium
629 4027 794 4092 conciones
817 4025 958 4092 Studiosi
978 4027 1104 4091 mature
1126 4030 1332 4089 exerceantur
1344 4025 1378 4088 in
1390 4024 1542 4091 Precibus

15 4139 17 4144 ·
71 4116 277 4181 accomodate
297 4116 337 4180 ad
354 4115 529 4195 conciones,
543 4138 622 4199 quas
636 4115 787 4196 formant,
808 4119 864 4180 aut
886 4119 1045 4199 repetunt,
1059 4113 1313 4198 pronuntiandis,
1326 4115 1349 4180 a
1362 4114 1401 4178 ad
1414 4116 1542 4199 quasvis

15 4237 17 4280 3
71 4204 226 4270 materias
250 4203 447 4290 theologicas
471 4206 642 4271 secundum
662 4205 805 4270 ordinem
818 4204 1010 4270 catechesios
1023 4202 1206 4268 scribendis:
1221 4206 1379 4285 quaeunt
1391 4226 1462 4268 cum
1476 4205 1543 4269 for·

15 4285 17 4312 '
70 4293 169 4358 matis
183 4297 240 4357 ant
252 4293 399 4376 repetitis
410 4293 613 4359 concionibus
626 4294 764 4358 examini
776 4293 936 4358 Praesidis
949 4295 971 4360 b
984 4292 1120 4376 Collegii
1130 4289 1351 4374 subjiciantur.
1375 4291 1436 4357 His
1449 4315 1541 4357 exer-

15 4447 17 4480 ,
70 4382 154 4448 titiis
177 4381 247 4467 jam
271 4382 312 4446 ab
329 4403 413 4446 anno
428 4381 521 4445 1634.
537 4401 639 4467 usque
651 4383 685 4446 in
697 4384 781 4448 hunc
792 4383 875 4447 diem
887 4381 1080 4447 continuatis
1095 4379 1218 4465 experti
1232 4401 1341 4448 sumus
1354 4382 1472 4446 multos
1479 4401 1542 4533 Ber

1511 4492 1541 4534 er
