3752 4858
256 280 366 346 Taren.
391 281 433 348 Il.
458 280 617 350 SacalV.
640 283 1302 368 DeCoauiaDomurcsaAomursrmuroun.
1328 289 1398 354 (111.
1412 289 1451 354 V.
1486 303 1493 318 ·
1522 289 1588 356 265

120 473 238 536 Coenus
257 470 484 555 perceptionem
509 493 545 536 ne
570 475 719 557 roccionem
744 474 892 539 Ecclesiae
906 475 1150 562 aedificationem
1163 475 1306 558 faciens?
1320 477 1407 561 Hesp.
1435 478 1497 542 Nos
1515 479 1588 562 Nep.

116 559 208 642 juxta
231 581 432 626 communem
447 559 664 626 Ecclesiarum
677 561 891 647 Belgicarum‚
904 564 928 629 ir
939 564 1076 630 aliarum
1087 563 1347 628 Refouaatarum
1359 588 1546 630 consensum
1562 568 1585 630 ct

117 646 250 732 praxim:
275 645 328 714 Sic
350 649 435 714 enirn
455 647 600 734 Synodus
612 649 795 716 Nationalis
808 651 938 738 Belgica
949 653 983 717 iu
1000 651 1136 718 Statutis
1149 652 1214 717 suis
1227 657 1309 718 aurio
1323 655 1417 720 1578.
1432 655 1520 720 artic.
1535 656 1586 720 60.

9 773 10 828 3
118 737 383 824 Qenndoquidcrn
397 740 610 824 ndiuptcncm
622 761 782 807 censemus
795 741 827 806 in
841 763 902 808 susc
917 744 1034 808 Cocrmc
1048 755 1131 808 sture
1141 754 1197 807 out
1212 743 1315 807 scinne
1327 745 1588 830 &mandationem

115 826 292 911 excipimus
314 826 351 892 ot
374 829 626 912 superstitionem
651 829 682 895 a·
702 831 879 914 periculum
902 832 1098 896 odorudonis
1117 831 1235 916 ponis),
1252 843 1381 898 celentur
1396 835 1544 899 Ecclesiae
1555 856 1588 898 co

9 959 11 988 ;
116 916 210 981 inodo
223 916 279 1002 qni
289 917 400 1003 eoique
413 917 567 984 videtum
582 920 900 986 convenientissimus.
914 917 975 984 Sed
989 919 1285 985 determinationem
1301 922 1386 984 malo
1400 921 1501 986 Besae
1516 945 1587 986 ver·

117 1004 180 1084 bis,
193 1026 290 1088 quam
302 1004 382 1070 meis
395 1006 582 1090 exprimere,
598 1007 734 1092 Epistol.
746 1008 797 1072 12.
805 1009 991 1094 penimlntio
999 1010 1132 1096 deniqne
1140 1010 1218 1074 deoru
1228 1009 1369 1093 episstola
1377 1011 1586 1093 accipietium,

115 1093 249 1177 speciem
273 1094 399 1179 qnidam
423 1094 512 1161 natet
532 1097 605 1180 plue
627 1117 664 1161 cc
686 1097 874 1162 christianae
896 1099 1114 1177 uenerationis,
1127 1118 1163 1162 cc
1171 1098 1307 1182 proinde
1317 1099 1391 1166 olim
1401 1101 1503 1184 potnit
1515 1121 1587 1166 cirin

116 1184 227 1267 [suan
242 1184 413 1268 usurpari:
434 1197 539 1250 turino
562 1186 714 1271 qnoniam
733 1207 771 1250 en
783 1187 839 1252 tor
849 1190 935 1270 tonte
946 1199 1014 1252 ortu
1026 1199 1068 1252 est
1081 1186 1268 1262 ἀρτιλάτρεικ
1282 1189 1336 1254 illo
1347 1188 1543 1265 detestabilis,
1555 1190 1587 1256 n·

115 1271 224 1336 adduc
247 1272 281 1335 in
300 1275 472 1338 inultorum
483 1274 601 1338 unirreis
613 1275 754 1352 1111111111,
767 1277 878 1342 errerito
890 1275 1013 1342 ennea
1024 1297 1088 1341 esse
1103 1276 1232 1342 uidctnr.
1250 1273 1345 1340 Ratio
1355 1278 1464 1361 priona
1476 1281 1586 1354 contra

116 1359 1585 1448 geniculationemestista‚quinRitusquohominesexcellenterabusisuntadidololatriam

116 1471 214 1533 quem
226 1448 248 1514 J
249 1471 286 1514 us
299 1449 441 1514 divinum
455 1455 510 1516 aut
522 1453 668 1516 naturale
679 1474 742 1516 non
755 1451 831 1516 feeit
843 1453 1065 1528 necessarium,
1074 1475 1137 1518 non
1147 1453 1368 1518 esthabendus
1378 1477 1435 1538 pro
1443 1476 1477 1520 re
1486 1477 1585 1533 sacra,

117 1541 176 1602 aut
191 1559 249 1622 pro
265 1537 372 1622 aliquo
385 1539 423 1604 ad
435 1562 503 1605 rem
515 1562 637 1606 sacram
649 1541 827 1625 pertinente
840 1542 896 1606 sed
908 1545 926 1606 is
938 1542 1025 1606 cultu
1041 1542 1147 1606 divino
1161 1543 1369 1608 removendus
1386 1549 1444 1608 est.

160 1626 264 1712 Atqui
275 1626 356 1692 ritus
371 1629 616 1713 geniculationis
629 1633 678 1695 est
690 1629 774 1709 talis,
788 1653 849 1714 quo
861 1629 1006 1696 homines
1019 1631 1111 1695 abusi
1124 1636 1208 1708 sunt,
1221 1633 1272 1698 se.
1286 1633 1309 1697 lc
1325 1653 1420 1716 quem
1431 1631 1453 1696 J
1454 1656 1491 1697 us
1503 1633 1585 1698 divi-

115 1739 195 1782 num
207 1719 264 1781 aut
275 1717 421 1782 naturale
437 1740 500 1782 non
513 1717 589 1783 fecit
604 1719 827 1784 necessarium.
841 1719 939 1806 Erga,
953 1721 1002 1786 irc.

162 1806 266 1889 Major
289 1809 338 1870 est
362 1806 548 1886 certissima,
573 1818 641 1874 tnnc
664 1831 703 1872 ex
729 1808 949 1873 communibus
972 1807 1148 1873 rationibus
1169 1809 1207 1872 de
1224 1808 1428 1874 Peccatorum
1445 1811 1584 1878 causis&

114 1893 345 1975 occasionibus,
369 1897 468 1961 ludne
489 1917 518 1962 v.
542 1897 594 1960 23.
616 1896 717 1980 deque
741 1897 844 1981 specie
866 1897 944 1962 mali
960 1895 1112 1983 fugienda
1129 1899 1142 1960 1
1169 1897 1378 1964 Thessaliam.
1393 1900 1446 1962 22.
1462 1911 1583 1965 tecmex

115 1983 247 2048 larudato
262 1983 295 2046 iu
308 1981 481 2068 Scripturis
496 1987 511 2048 l
527 1987 600 2071 Rep.
619 1986 669 2050 18.
684 1987 828 2070 exemplo
840 1985 985 2065 Hiskiae
999 1986 1054 2071 qui
1065 1986 1163 2050 etiam
1176 1987 1301 2052 excelsa
1313 1987 1458 2068 tollebat,
1472 1989 1549 2072 quin
1562 1989 1598 2060 a,

113 2073 242 2137 illustre
254 2072 333 2136 illud
346 2073 547 2157 antiquitatis
559 2079 800 2139 mouumentum
814 2079 938 2140 exserto
950 2074 1011 2139 Dei
1023 2075 1172 2139 mandato
1185 2073 1316 2155 iactetur,
1328 2080 1507 2160 serpentem
1517 2077 1583 2141 soil.

117 2183 264 2240 aeneum,
277 2183 339 2245 quo
352 2160 497 2227 homines
510 2163 725 2228 abutebantur
736 2163 776 2227 nd
788 2163 1011 2228 idololatriam.

163 2251 298 2316 Minoris
320 2251 408 2335 prius
431 2252 609 2316 membrum
633 2252 797 2337 probatur,
821 2252 897 2336 quia
917 2250 1075 2317 Pontificii
1087 2253 1322 2338 geniculatione
1336 2255 1386 2319 usi
1399 2256 1489 2342 [pag.
1504 2255 1583 2340 814]

114 2344 192 2405 sunt
202 2338 226 2404 lt
238 2339 413 2404 etiamnum
427 2344 561 2406 utuntur
573 2342 612 2406 ad
624 2341 815 2405 horrendam
828 2341 1028 2406 artolatriam
1040 2363 1095 2405 seu
1109 2340 1232 2406 hostiae
1245 2344 1472 2409 adorationem.

161 2428 325 2495 Posterius
349 2429 526 2494 membrum
550 2430 639 2514 prob.
663 2431 749 2516 quin,
773 2430 898 2494 nullum
921 2433 969 2494 est
981 2430 1167 2495 mandatum
1180 2430 1241 2496 Dei
1253 2432 1292 2496 de
1304 2433 1539 2518 geniculatione
1551 2433 1583 2496 in

113 2517 230 2582 (toenia
244 2539 302 2582 nec
314 2517 380 2582 ulla
391 2519 474 2583 ratio
486 2522 542 2582 aut
554 2519 725 2587 necessitas
737 2518 892 2583 naturalis
905 2540 961 2583 uos
974 2518 1060 2584 ducit
1076 2523 1133 2584 aut
1145 2519 1248 2605 adigit
1256 2522 1295 2585 ad
1304 2521 1583 2606 geniculationem.

159 2605 250 2670 Haec
273 2606 458 2690 principalis
482 2605 563 2672 ratio
586 2613 696 2673 contra
720 2607 899 2692 excogitata
923 2608 1086 2692 quaelibet
1109 2609 1329 2692 exceptionum
1352 2613 1530 2674 commenta
1544 2635 1581 2674 ex

114 2695 333 2760 fundamentis
356 2693 539 2780 Scripturas
563 2696 751 2762 vindicanda
774 2700 833 2774 est,
856 2697 1050 2762 &vindicata
1062 2696 1125 2760 fuit
1137 2698 1177 2761 ab
1191 2698 1324 2776 Anneio,
1335 2711 1444 2764 uictore
1463 2700 1581 2764 Allaria

113 2785 316 2863 nammemi,
329 2785 353 2850 0
364 2785 451 2850 tini
463 2807 486 2849 c.
501 2787 689 2851 cernnonins
701 2787 850 2852 Ecclesiae
862 2786 995 2851 Scoticuc
1006 2785 1163 2850 obtrusas.

160 2873 300 2938 Accedat
322 2875 458 2940 secundo
476 2875 557 2940 cutio
580 2875 724 2939 desumta
751 2877 770 2938 is
796 2874 1057 2959 symbolizatione
1084 2877 1107 2940 81
1130 2875 1301 2940 collusione
1330 2897 1401 2940 cum
1415 2874 1583 2940 Pontificio

113 2962 208 3047 panis
224 2961 426 3027 eucharistici
438 2963 630 3040 adoratione;
647 2963 1344 3047 ltconsequenterabidololatriaeindirectas
1354 2964 1581 3047 implicatione.

114 3051 199 3126 Quid
224 3053 331 3126 autem
354 3050 397 3115 sit
421 3052 601 3116 idololatria
623 3051 777 3117 indirecta
800 3052 990 3136 &quomodo
1004 3057 1092 3116 actus
1109 3056 1165 3116 aut
1177 3052 1259 3116 ritus
1276 3057 1294 3117 a
1309 3053 1401 3116 nobis
1418 3052 1582 3126 adhibitus

112 3140 281 3223 implicare
304 3139 405 3223 possit
429 3140 642 3204 idololatriam
664 3141 852 3206 indirectam
876 3163 931 3204 seu
955 3139 1240 3225 interpretativam.
1257 3141 1327 3206 fuse
1340 3141 1536 3206 ostendimus
1549 3141 1580 3204 in

113 3231 144 3294 3.
165 3229 254 3294 Part.
278 3230 330 3294 sel.
355 3229 469 3313 Dispp.
491 3230 533 3294 tit.
550 3230 587 3294 dc
600 3230 781 3296 Idololatria
793 3230 953 3307 indirecta,
966 3229 1167 3312 potissimum
1180 3252 1219 3294 ex
1235 3230 1397 3316 prohibito
1409 3253 1467 3294 usu
1481 3229 1581 3294 idolo-

112 3317 281 3402 thytorum
297 3319 312 3381 1
329 3318 479 3384 Condit
498 3318 549 3382 10.

160 3404 211 3470 Sit
241 3407 330 3472 lertio
358 3407 456 3482 cutim
480 3407 668 3472 desumtair
699 3408 856 3486 scandalo,
888 3408 971 3491 quod
993 3405 1169 3472 Pontifieiis
1193 3407 1303 3484 datur3
1327 3408 1382 3492 qui
1405 3409 1465 3473 lroc
1497 3408 1582 3473 lecto

111 3494 367 3562 Protestantium
391 3495 471 3560 alias
493 3496 736 3560 abominandam
760 3496 884 3560 hostiae
908 3495 1124 3561 adorationem
1143 3497 1430 3574 condemnantium,
1447 3497 1480 3560 in
1493 3497 1581 3561 cultu

111 3583 313 3649 idololatrico
337 3584 574 3649 confirmantur.
599 3585 643 3650 Et
664 3585 744 3649 haee
766 3585 848 3649 ratio
868 3607 906 3650 ex
919 3584 1060 3650 doctrinis
1076 3585 1282 3670 scripturaria
1298 3587 1335 3650 de
1349 3587 1506 3664 scandala
1519 3585 1581 3650 im·

110 3673 228 3758 primis
240 3695 278 3736 ex
298 3673 312 3735 1
330 3673 468 3738 Corinth.
486 3673 515 3736 8.
530 3675 552 3740 lc
567 3674 618 3738 10.
636 3674 832 3739 defendenda
844 3678 902 3738 est.

159 3759 211 3826 Sit
232 3763 255 3827 lc
277 3773 393 3849 quartu
415 3763 505 3828 ratio.
530 3761 612 3838 Quia
641 3762 835 3848 geniculatio
865 3785 928 3827 non
961 3767 1009 3827 est
1039 3763 1119 3828 ritus
1147 3762 1335 3828 conveniens
1359 3759 1415 3828 aut
1442 3764 1581 3829 usitatus

111 3849 374 3916 convivantibus:
388 3852 442 3916 sed
454 3851 619 3916 orantibus
631 3853 654 3918 la
666 3851 929 3936 supplicantibus.
942 3851 990 3915 De
1003 3851 1186 3916 hominibus
1198 3851 1298 3916 habes
1308 3853 1415 3917 Manli.
1428 3852 1508 3917 18.u
1528 3853 1581 3917 26.

111 3941 163 4005 De
188 3937 257 4004 Deo
280 3941 353 4006 Luc.
377 3941 430 4004 22.
453 3962 481 4004 u.
507 3939 559 4004 41.
577 3940 688 4025 Epiros.
702 3943 733 4005 3.
745 3962 774 4005 u.
793 3941 844 4005 14.
861 3941 961 4018 ricton
988 3941 1039 4003 20.
1064 3962 1091 4004 u.
1117 3939 1171 4003 36.
1186 3942 1272 4006 Boni.
1301 3941 1350 4004 14.
1377 3962 1406 4005 υ.
1434 3942 1483 4005 ll.
1509 3964 1581 4006 cum

112 4029 258 4114 Philipp.
273 4029 302 4092 2.
316 4049 344 4093 o.
361 4029 411 4093 10.
424 4029 446 4094 J
447 4052 498 4094 am
510 4052 583 4094 vero
596 4029 701 4094 Coena
713 4033 761 4094 est
769 4029 974 4094 conviviuml
994 4029 1063 4094 Cor.
1079 4030 1128 4093 11.
1142 4050 1170 4094 υ.
1184 4028 1266 4094 2041
1276 4028 1422 4094 Christus
1432 4029 1580 4113 Discipu-

110 4118 154 4182 lis
167 4117 209 4182 ad
221 4140 364 4182 mensam
376 4119 634 4184 accsrmbentibus
647 4141 733 4184 more
750 4117 985 4182 convivantium
997 4117 1064 4182 illic
1076 4120 1211 4201 recepto,
1224 4139 1355 4182 menam
1375 4118 1546 4183 distribuit.

157 4205 1576 4290 Demomentohujuscontroversiaesimiliterfereutsupradelractionepauiairdereten-

110 4295 156 4362 tis
174 4295 340 4375 altaribus,
356 4296 496 4361 vestibus
510 4297 768 4372 sacerdotalibus,
786 4295 924 4362 accensis
941 4294 1050 4374 cereis,
1069 4295 1224 4375 crucibus,
1237 4295 1432 4382 imaginibus
1445 4296 1478 4361 in
1491 4296 1580 4362 cultu

110 4384 244 4471 publico
266 4384 471 4468 judicandum
484 4390 543 4454 est.
559 4383 702 4474 Ingenuo
715 4385 843 4472 quidem
855 4408 927 4452 cum
945 4386 1027 4455 neza
1039 4387 1093 4454 loc.
1106 4386 1155 4451 eu.
1168 4383 1307 4450 fatemur
1319 4407 1387 4450 esse
1399 4386 1506 4450 sordes
1527 4407 1587 4462 ca,

1382 4475 1580 4563 purgandus,
