3668 4856
312 305 377 370 316
611 308 691 372 Pras
714 306 773 373 Ill.
797 307 845 372 Da
869 307 1020 374 Racrmns
1044 309 1135 374 ltccn
1159 331 1189 373 ru
1212 329 1335 374 sarnus.
1359 307 1424 374 Lm.
1448 308 1474 376 Ι.

311 495 406 558 matis
428 496 675 574 canonicatibus
698 495 912 575 vicariatibus,
936 495 1252 573 archidiaconatibus,
1276 494 1481 572 scholastriis,
1502 495 1529 560 si
1550 515 1631 579 quae
1650 493 1765 558 alicubi

310 584 377 648 siue
401 607 495 668 opere
519 583 631 669 Papali
654 585 677 649 dc
701 583 873 650 reformato
896 585 936 648 ab
960 584 1069 649 otiosis
1093 608 1149 668 per
1157 585 1327 648 emtionem
1341 589 1397 649 aut
1409 587 1538 649 tomum
1552 583 1765 668 acquiruntur.

310 671 401 748 Quod
420 673 447 737 si
468 672 676 759 Magistratus
696 675 778 739 dicat
798 674 860 738 sibi
879 697 936 739 nec
959 677 1148 758 potestatem
1171 696 1227 738 nec
1238 673 1414 758 potentiam
1430 695 1498 738 esse
1513 673 1599 738 mala
1609 676 1678 737 tam
1689 672 1765 736 bene

311 763 415 847 posita
433 763 587 841 mutandi,
605 764 714 848 utique
729 764 882 828 hactenus
898 763 1159 848 acquiescendum,
1171 767 1233 827 est:
1248 761 1464 838 nihilominus,
1478 762 1621 826 doctrina
1633 760 1764 846 religio-

310 851 360 915 nis
376 850 566 917 reformatae
577 852 637 917 hdc
648 852 681 916 in
693 856 784 936 perte
796 851 921 916 illibata
933 853 1095 930 servanda,
1110 854 1331 937 &quacunque
1345 852 1417 916 dett
1433 853 1595 916 occasione
1605 851 1763 916 conscien-

311 940 366 1005 tiis
389 963 508 1020 eorum,
528 963 664 1026 quorum
675 940 818 1022 interest,
834 941 969 1006 fideliter
981 942 1193 1026 proponenda.
1219 941 1332 1025 Neque
1345 941 1430 1006 enim
1442 940 1483 1004 ad
1497 940 1665 1005 hominum
1681 938 1767 1004 defc-

311 1035 391 1108 ctus,
415 1052 587 1115 eorumque
608 1030 847 1116 permissionem
870 1031 1043 1114 politicam,
1063 1033 1116 1116 jus
1139 1031 1281 1096 divinum
1304 1030 1328 1095 b
1350 1029 1559 1096 eonscientiae
1578 1029 1680 1094 instar
1700 1028 1768 1092 nasi

312 1119 395 1185 cerei
411 1119 575 1184 flectenda.

355 1205 414 1273 Ill.
440 1210 563 1292 Qcccsl.
587 1210 639 1274 Aa
661 1229 773 1275 causac
795 1211 895 1288 misti,
919 1222 954 1276 ut
978 1211 1160 1296 loquuntur,
1185 1210 1249 1294 scri
1272 1209 1308 1274 in
1327 1208 1455 1296 synodis
1467 1208 1655 1275 tractanda?
1679 1209 1768 1292 Rcrp.

312 1296 386 1362 Non
405 1298 606 1383 agnoscimus
625 1320 737 1364 causas
755 1299 848 1363 mixti
867 1297 929 1362 fori
939 1331 945 1374 ;
969 1299 1080 1384 quales
1099 1299 1132 1362 in
1147 1298 1273 1383 Papatu
1289 1301 1372 1373 sunt,
1389 1298 1427 1362 de
1440 1297 1571 1362 crimine
1583 1295 1719 1382 magiae,
1732 1296 1770 1360 de

313 1387 477 1467 adulterio,
499 1389 522 1452 h
541 1387 686 1468 divortio,
707 1387 744 1451 de
764 1387 890 1452 dotibus
907 1388 1007 1472 deque
1024 1388 1169 1473 conjugio
1182 1409 1353 1464 servorum,
1366 1387 1574 1470 leprosorum,
1587 1387 1769 1451 &natorum

312 1498 351 1540 ex
367 1476 467 1540 libero
486 1480 612 1554 ventre3
632 1476 798 1551 locatione,
815 1477 985 1561 emptione,
1002 1477 1154 1560 deposito,
1170 1476 1327 1553 censibus,
1340 1475 1575 1552 exactionibus3
1588 1475 1626 1538 de
1641 1473 1770 1559 Treugs

312 1565 336 1630 b
354 1587 449 1649 pace3
473 1566 511 1630 de
534 1567 712 1650 sepultura;
730 1566 767 1630 de
780 1565 1080 1650 praescriptionibus
1097 1565 1231 1649 aliisque
1244 1563 1347 1630 titulis
1363 1587 1402 1630 ex
1410 1569 1483 1647 Jure
1495 1563 1582 1629 civili
1593 1563 1627 1627 in
1640 1563 1769 1628 canoni·

311 1677 383 1718 cum
405 1654 567 1719 infamiis:
591 1677 726 1739 quorum
750 1655 872 1740 aliquos
897 1655 957 1719 soli
969 1655 1117 1719 canonico
1130 1654 1300 1719 vindicant.
1325 1653 1374 1718 Ex
1389 1657 1499 1718 nostre.
1514 1651 1671 1718 sentencie
1684 1652 1768 1716 circa

311 1742 521 1808 materialiter
532 1766 632 1809 unum
642 1743 789 1827 idemque
803 1748 976 1828 peccatum,
990 1767 1016 1808 e.
1029 1765 1078 1829 gr.
1091 1743 1249 1822 adulterii,
1262 1743 1407 1821 furtibc.
1417 1745 1522 1827 potet
1530 1740 1650 1808 versari
1658 1739 1770 1822 Eccle-

313 1831 360 1896 sia
372 1833 395 1897 tr
407 1833 535 1917 politia:
549 1834 678 1898 sednon
691 1837 739 1897 est
752 1857 814 1897 una
827 1833 998 1918 eademque
1010 1856 1104 1898 causa
1117 1855 1198 1917 qnae
1207 1833 1255 1896 vel
1265 1855 1321 1917 per
1330 1831 1598 1916 praeventionem,
1606 1831 1655 1895 vel
1664 1830 1772 1914 aliqud

313 1921 377 1986 alid
395 1921 517 1986 ratione
538 1923 577 1986 ad
596 1921 657 1986 duo
677 1920 746 1986 fora
765 1923 932 2007 pertineat.
958 1921 1061 1987 Causa
1076 1922 1160 1987 enim
1173 1920 1408 2005 resipiscentiae
1420 1921 1443 1986 h
1455 1919 1685 1986 emendationis
1698 1941 1770 2004 per-

313 2011 441 2089 scnalis,
454 2015 490 2075 ut
502 2011 525 2076 b
537 2011 718 2076 removendi
730 2011 870 2076 scandali
886 2012 925 2075 ah
938 2011 1091 2090 Ecclesit,
1104 2011 1243 2095 pertinet
1254 2033 1311 2095 per
1323 2033 1356 2074 se
1369 2009 1518 2076 &directe
1528 2010 1568 2074 ad
1576 2008 1770 2074 Ecclesiam:

314 2121 377 2164 non
396 2101 436 2164 ad
459 2100 549 2187 [pag.
572 2099 664 2186 202]
691 2098 927 2186 Magistratum.
957 2099 1060 2165 Causa
1080 2103 1188 2164 autem
1207 2099 1324 2164 ordinis
1344 2099 1377 2162 in
1393 2097 1571 2184 Republica
1582 2097 1773 2178 servandi&

314 2211 432 2272 poenae
452 2189 650 2275 irrogandas,
664 2189 802 2273 pertinet
813 2189 931 2254 directe
944 2189 966 2256 dr
977 2193 1103 2254 tantum
1116 2189 1154 2253 ad
1167 2187 1410 2274 Magistratum:
1424 2189 1490 2253 sive
1503 2209 1531 2252 e.
1547 2208 1595 2273 gr.
1609 2192 1664 2252 aut
1675 2209 1771 2271 pecu·

313 2278 405 2355 lator,
426 2282 481 2343 aut
501 2277 650 2343 falsarius
669 2278 844 2363 resipiscat,
868 2278 933 2343 sive
953 2301 1015 2343 aon
1036 2278 1209 2362 resipiscat.
1235 2275 1316 2342 Sunt
1332 2278 1355 2342 tr
1371 2277 1588 2355 aliaecausae,
1606 2275 1772 2360 dequibus

314 2366 391 2450 quid
403 2367 510 2452 agitur
521 2368 555 2431 in
568 2365 749 2450 Scripturt:
763 2389 789 2431 e.
803 2389 851 2452 gr.
865 2367 1124 2432 matrimoniales
1137 2365 1176 2431 In
1187 2366 1302 2431 harum
1313 2367 1504 2431 tractatione
1516 2364 1649 2430 consilis
1660 2364 1770 2430 Eccle-

314 2455 441 2520 siastica
465 2457 488 2520 b
510 2456 689 2540 theologica
713 2454 894 2541 Scripturas
917 2457 1201 2540 interpretamenta
1221 2456 1354 2520 subinde
1374 2455 1440 2539 peti
1460 2455 1579 2519 solent:
1598 2455 1771 2519 sedtamen

315 2566 423 2609 earum
431 2545 608 2626 juridicalis
622 2545 804 2630 dijudicatio
817 2545 1035 2611 &terminatio
1052 2545 1090 2608 ad
1103 2545 1206 2609 solum
1218 2545 1444 2629 magistratum
1457 2543 1605 2628 pertinet.

300 2647 302 2652 ·
358 2631 415 2698 IV.
443 2636 565 2717 Quucst
589 2635 640 2700 An
658 2636 695 2700 de
709 2635 759 2712 iis,
776 2655 855 2721 quac
866 2635 908 2700 cd
923 2647 1004 2700 artes
1016 2655 1052 2699 cc
1067 2635 1208 2700 scientius
1221 2635 1388 2719 pertinent,
1400 2645 1456 2698 ord
1467 2634 1488 2696 d
1499 2633 1665 2698 ncrrnulhb
1677 2632 1772 2716 perti-

315 2744 387 2788 nere
403 2724 561 2802 dicuntur,
586 2725 620 2788 in
635 2725 763 2810 synodis
779 2726 886 2809 aliqua
902 2725 1022 2788 rarione
1034 2726 1234 2789 mactandum
1245 2725 1308 2788 cit?
1332 2725 1421 2806 desp.
1445 2721 1511 2787 Aff.
1524 2743 1596 2786 cum
1608 2720 1681 2787 dist.
1693 2741 1773 2806 qua·

314 2817 407 2877 tenus
427 2813 493 2877 scil.
513 2813 588 2878 illae
607 2813 794 2897 religionem
814 2815 837 2879 tr
856 2811 1067 2897 'theologiam
1079 2813 1253 2898 attingunt,
1267 2813 1333 2895 ejus
1345 2811 1503 2898 genuinae
1519 2810 1726 2895 explicationi
1737 2831 1772 2874 sc

314 2901 488 2966 defensioni
500 2901 699 2966 inserviendo
712 2908 767 2967 aut
778 2903 1054 2978 incomrnodand03
1068 2903 1151 2985 quod
1163 2901 1369 2985 sequentibus
1382 2900 1570 2985 explicatius
1583 2920 1769 2984 proponam.

362 2991 390 3054 l.
408 2992 517 3056 Conci.
542 2989 720 3075 'theologia
738 2995 794 3056 aut
814 2991 928 3076 religio
948 2990 1131 3055 Christiana
1144 3013 1201 3054 suo
1215 2991 1338 3054 ambitu
1355 3013 1419 3054 non
1433 2989 1656 3073 complectitur
1667 3010 1773 3053 omnes

315 3080 395 3144 alias
418 3080 584 3156 scientiam
609 3101 666 3144 nec
689 3081 795 3144 omnia
808 3101 916 3144 esrum
933 3083 1102 3164 praecepta
1115 3080 1214 3157 dccet,
1228 3083 1283 3143 aut
1299 3079 1470 3144 scientifice
1482 3081 1507 3146 t
1517 3078 1551 3142 in
1562 3082 1635 3143 actu
1648 3077 1773 3163 signato

313 3168 429 3232 tradit:
454 3191 511 3234 nec
534 3191 643 3234 omnes
667 3169 816 3233 scientiae
837 3168 1133 3233 eisuhalternantur
1145 3168 1416 3233 subalternatione
1429 3168 1486 3232 illa
1498 3167 1650 3251 primaria
1667 3165 1772 3251 &per-

313 3257 396 3322 fecte
417 3258 512 3336 dicta,
532 3258 621 3342 quali
639 3259 813 3324 Aristoteles
837 3258 913 3322 dicit
932 3254 1088 3322 Musicam
1110 3257 1340 3323 Arithmeticae
1358 3259 1381 3324 tr
1401 3255 1549 3342 Opticam
1576 3255 1772 3342 geometriae

315 3347 537 3411 subalternari.

361 3437 390 3499 2.
420 3434 521 3503 Concl.
547 3435 783 3521 consequenter
806 3434 963 3520 Theologi
979 3439 1043 3520 qut
1054 3436 1145 3510 tales,
1158 3435 1223 3500 sive
1236 3435 1367 3500 seorsim
1379 3435 1445 3500 sive
1457 3434 1490 3497 in
1503 3433 1642 3518 synodis
1656 3434 1772 3498 directe

316 3525 387 3588 aliis
407 3525 547 3590 scientiis
572 3547 743 3610 earumque
756 3524 919 3610 magistris
934 3529 1018 3584 οἰκεῖα
1032 3525 1145 3609 cuique
1161 3529 1328 3609 praecepta
1341 3547 1403 3588 non
1420 3523 1650 3606 praescribunt,
1664 3545 1721 3588 nec
1736 3543 1771 3586 ex

316 3615 347 3678 vi
370 3615 511 3679 muueris
535 3636 571 3678 ea
594 3615 722 3679 docent:
747 3637 810 3679 non
830 3613 933 3700 magis
953 3635 1048 3698 quem
1065 3617 1234 3699 praecepta
1256 3613 1394 3692 nautica,
1414 3611 1553 3691 fabrilia,
1576 3611 1771 3689 mercatoria,

317 3703 480 3780 militaria,
493 3703 543 3768 bc.

362 3793 393 3855 3.
418 3793 519 3858 Corrcl.
550 3792 610 3858 Est
637 3797 743 3857 tamen
764 3791 891 3857 &omni
908 3792 979 3875 jure
1000 3791 1061 3856 dici
1078 3794 1184 3875 potest
1205 3791 1377 3876 theologia,
1404 3790 1431 3854 si
1450 3812 1523 3855 cum
1539 3789 1611 3855 aliis
1635 3789 1772 3856 scientiis

316 3885 526 3965 comparetur,
547 3881 788 3962 ἀρχιτεκτονικὴε
808 3881 842 3945 in
861 3903 917 3945 suo
938 3880 1005 3944 scil.
1023 3902 1139 3963 genere
1160 3885 1303 3964 respectu
1322 3879 1482 3945 interioris
1498 3879 1636 3945 bominis
1649 3901 1718 3944 acc
1738 3901 1772 3942 n·

317 3969 476 4047 scientiae,
497 3971 521 4035 dt
540 3971 701 4035 actionum
719 3970 932 4034 humanarum
950 3969 983 4033 in
1003 3968 1113 4034 ordine
1133 3971 1173 4034 ad
1188 3969 1302 4048 Deum,
1316 3969 1409 4034 sicuti
1421 3968 1551 4053 politica
1563 3968 1604 4034 ab
1616 3967 1714 4034 Accu
1738 3968 1773 4033 cle

317 4059 432 4123 dicitur
455 4059 587 4124 scientia
610 4059 864 4138 architectonice,
891 4063 1034 4143 respectu
1058 4059 1200 4123 omnium
1220 4059 1381 4123 actionum
1401 4056 1565 4124 exterioris
1584 4057 1714 4122 hominia
1741 4057 1772 4120 in

317 4149 425 4212 ordine
445 4149 485 4212 ad
506 4147 666 4214 societatis
686 4148 788 4213 civilis
810 4169 974 4213 commune
988 4149 1116 4213 bonnm.
1141 4147 1256 4213 Omnia
1269 4145 1353 4212 enim
1365 4147 1444 4215 haec
1456 4147 1509 4231 agi
1521 4147 1637 4212 debent
1652 4147 1714 4231 adp
1739 4167 1772 4210 o·

316 4236 397 4302 riam
411 4236 473 4301 Dei
491 4237 506 4298 l
524 4238 593 4302 Gor.
609 4239 659 4300 10.
673 4236 818 4321 nihilque
830 4241 940 4302 contrs
953 4237 1149 4302 voluntatem
1161 4239 1228 4322 ejus
1242 4240 1409 4303 &naturae
1422 4239 1445 4302 h
1458 4234 1641 4320 Scripturse
1654 4236 1718 4300 lum
1738 4255 1771 4298 ne

316 4326 499 4390 revelatam.
524 4325 592 4390 Hoc
615 4348 690 4412 ergo
711 4331 854 4410 respectu
867 4330 1079 4390 antecessores
1091 4327 1124 4390 in
1137 4326 1299 4412 theologia
1311 4325 1486 4391 &Ecclesia
1494 4325 1560 4390 sive
1569 4325 1718 4390 seorsims
1738 4345 1772 4388 ve

317 4415 473 4480 collectim
486 4415 648 4480 attendere
660 4415 785 4496 debent,
797 4416 915 4499 nequid
927 4417 960 4478 in
971 4415 1110 4481 scientiis
1119 4418 1142 4482 b
1151 4416 1273 4480 artibus
1282 4413 1512 4493 dicaturtfiat,
1526 4415 1608 4498 quod
1618 4413 1722 4478 volunt
1738 4411 1771 4476 si

1738 4501 1771 4566 lei
