3712 4850
321 307 385 370 238
681 303 762 368 Pras
786 303 811 369 l.
834 303 883 368 Da
907 301 1041 368 Oarncvo
1066 303 1169 368 Ponn.
1193 303 1284 368 Ecca.
1307 302 1373 366 Lis.
1397 302 1422 367 l.

320 492 496 557 stantinnm
516 491 583 576 jani
606 491 639 555 in
657 513 734 574 pace
752 493 774 557 a
791 490 859 555 luce
873 491 986 574 posita,
999 491 1100 576 typho
1112 491 1229 556 saeculi
1243 491 1346 576 magis
1360 491 1528 575 magisque
1540 491 1754 576 ingrediente,
1766 495 1783 554 a

321 583 484 666 primaeva
492 578 656 658 ἁκρτβείᾳδι
666 578 786 658 straga
797 579 899 664 magis
908 579 941 643 in
950 579 1016 644 dies
1026 581 1238 666 degeneravit.
1250 579 1325 644 Post
1335 579 1515 644 inchoatam
1526 579 1784 646 reformationem

319 693 402 736 anno
429 667 523 734 1517.
547 669 650 752 prima
661 667 822 733 Ecclesiae
834 669 1013 734 amaritudo
1026 674 1094 733 erat
1106 670 1139 732 in
1151 669 1306 754 sanguine
1321 667 1508 752 Martyrum,
1523 669 1660 733 secunda
1673 669 1708 732 in
1720 669 1779 734 irn-

317 758 568 846 pugnationibus
592 756 844 837 Haereticorum,
867 758 964 822 tertia
987 758 1222 824 &amarissima
1235 758 1267 821 iu
1280 757 1422 822 moribus
1439 757 1699 836 domesticorum,
1717 761 1740 824 a
1755 759 1785 822 in

317 852 528 932 consequente
540 847 732 930 apostolicae
741 847 925 930 disciplinae
935 870 971 911 ac
980 847 1145 932 regIminis
1155 847 1369 913 Ecclesiastici
1378 846 1551 924 laxatione,
1561 847 1784 923 diminutione,

318 937 565 1003 adulteratione:
580 936 654 1000 dum
668 957 724 1020 per
736 936 933 1015 tolerantias,
947 935 1207 1010 συγκκταβὰσεις,
1223 939 1245 1002 a
1259 935 1565 1000 accommodationes
1578 938 1617 1001 ad
1633 958 1783 1020 praesens

319 1027 490 1106 saeculum,
515 1025 555 1089 ad
577 1026 688 1109 populi
716 1026 866 1110 cujusque
891 1025 1061 1110 imperium
1074 1025 1249 1109 politicum,
1262 1028 1284 1091 a
1297 1029 1485 1110 magnatum
1502 1025 1675 1090 arbitrium
1686 1026 1786 1092 multa

319 1117 534 1193 inflectuntur,
543 1118 718 1192 mutantur,
728 1117 934 1199 abrogentur,
943 1114 1149 1198 obrogantur.
1159 1111 1209 1178 Ita
1222 1115 1402 1199 experimur
1417 1115 1582 1179 veritatem
1592 1115 1671 1179 dicti
1684 1114 1787 1180 Hora·

320 1205 409 1270 tiani:
423 1205 512 1272 Actus
520 1205 858 1288 purearcmpejoraois
867 1204 937 1268 truta
946 1203 1001 1270 aa.
1011 1205 1100 1287 Ilcsp.
1116 1205 1134 1265 2
1148 1202 1238 1278 Quod
1250 1204 1291 1267 ad
1301 1203 1529 1286 quaestionem,
1545 1203 1596 1268 Aa
1606 1205 1788 1268 oecumeni-

319 1317 428 1360 corum
440 1298 496 1359 aut
508 1294 706 1378 generalium
719 1293 932 1357 Conciliorum
944 1291 1081 1356 Decreta
1093 1314 1218 1377 semper
1230 1293 1437 1376 praeterendo
1452 1292 1596 1357 Decretis
1613 1294 1788 1377 particula-

320 1385 414 1462 rium,
424 1384 461 1450 dc
471 1387 507 1448 ea
516 1381 593 1446 alibi
600 1405 657 1447 suo
666 1382 734 1446 loco
743 1383 911 1467 agendum.
920 1381 1050 1446 Danaus
1059 1381 1114 1446 lib.
1125 1381 1178 1445 cit.
1187 1404 1255 1465 cap.
1270 1382 1318 1446 13.
1328 1383 1400 1446 dicit
1411 1381 1491 1446 nibil
1500 1383 1789 1448 Interesscarnnllis

320 1474 460 1540 IIcclcsiis
472 1493 515 1536 un
527 1472 565 1536 ut
574 1473 641 1538 una
654 1472 810 1536 drcnlucol
822 1473 877 1536 Iuli
886 1471 1060 1556 conditque
1068 1470 1197 1555 Incriru,
1207 1471 1291 1556 quod
1299 1471 1341 1535 ad
1349 1473 1506 1536 cautiones
1514 1484 1638 1537 nost-rus
1645 1475 1788 1556 pertinet.

322 1562 392 1647 Ego
414 1562 459 1626 sic
472 1561 583 1639 sentio,
597 1560 722 1645 qnando
735 1560 867 1624 concilia
879 1560 1041 1645 generalia
1053 1559 1086 1623 in
1099 1559 1164 1624 suis
1176 1559 1322 1624 Decretis
1334 1563 1450 1638 errant,
1464 1562 1620 1625 &errores
1633 1561 1684 1625 illi
1694 1561 1790 1626 corri-

320 1655 439 1736 guntur
453 1654 471 1715 a
485 1650 746 1734 particularibus3
760 1649 903 1732 sequitur
915 1649 1029 1712 horum
1043 1647 1179 1713 Decreta
1191 1648 1416 1732 praeferenda:
1431 1650 1689 1733 quandoquidem
1699 1652 1791 1734 juxta

319 1741 487 1826 vulgatum
499 1739 579 1802 illud
596 1737 827 1815 Pcrmrmdoni,
842 1738 897 1802 uni
909 1736 1003 1802 Issico
1017 1761 1126 1802 verum
1138 1738 1255 1802 dicenti
1267 1761 1339 1802 cum
1351 1737 1530 1820 Euangelio
1542 1739 1650 1822 potius
1663 1740 1790 1804 creden·

321 1831 396 1894 dum
405 1834 453 1894 est
462 1851 559 1912 quam
568 1827 627 1891 toti
637 1827 777 1892 Concilio
786 1826 903 1892 falsum
912 1827 1028 1890 dicenti
1037 1832 1146 1891 contra
1155 1827 1380 1912 Euangelium.
1392 1827 1523 1892 Errasse
1533 1833 1642 1892 autem
1650 1829 1791 1893 Consilia

319 1918 483 2004 generalia
495 1917 564 1981 vide
577 1917 700 1981 abunde
712 1917 882 2000 probatum
896 1920 914 1980 a
934 1917 1100 1982 Willotcro
1113 1916 1146 1979 in
1158 1917 1360 1982 Procleclion.
1375 1915 1413 1980 de
1429 1914 1575 1981 Cancellis
1589 1931 1711 2002 quaest.
1724 1918 1755 1982 a.

364 2010 391 2092 ξ.
417 2007 448 2073 8.
480 2004 559 2070 VIII.
589 2005 712 2084 Quocsl.
739 2006 790 2070 An
813 2005 955 2070 Oenones
967 2006 1053 2088 paris
1067 2005 1248 2070 autoritatis
1261 2006 1294 2069 in
1308 2005 1460 2069 Ecclesiis
1472 2028 1542 2070 esse
1554 2007 1707 2088 debeant,
1721 2029 1790 2071 cum

320 2095 456 2181 publicis
485 2094 755 2172 confessionibus,
779 2117 835 2159 sen
859 2094 1005 2158 formulis
1018 2117 1205 2170 consensus;
1222 2097 1487 2180 &consequenter
1503 2118 1544 2158 aa
1561 2096 1792 2180 subscriptio&

322 2184 502 2250 observatio
526 2183 701 2256 (lenonum,
713 2185 901 2266 praesertim
913 2183 1194 2268 hypotheticorum
1208 2187 1263 2248 aut
1275 2183 1596 2248 circumstantialium
1609 2191 1667 2249 ant
1680 2208 1792 2250 consu-

321 2275 466 2352 lentium,
491 2275 590 2356 aequa
614 2272 716 2357 rigida
737 2273 778 2336 sit
791 2273 947 2357 exigenda
959 2273 1017 2337 sub
1030 2277 1132 2356 poena
1145 2273 1427 2337 non-admissionis
1443 2272 1482 2336 ad
1495 2274 1723 2353 ministerium,
1739 2279 1792 2338 ant

323 2362 553 2447 depositionis?
578 2362 667 2445 Resp.
693 2361 784 2436 Quod
803 2363 843 2425 ad
855 2361 1132 2445 subscriptionem,
1145 2361 1270 2426 videtur
1283 2362 1347 2426 tale
1360 2362 1437 2448 quid
1449 2361 1552 2448 rigide
1569 2365 1748 2446 praescribi
1762 2364 1793 2427 in

326 2451 504 2520 Canonitns
528 2450 778 2516 Iorcdaccnsr'ans
789 2471 875 2514 caereo
890 2451 985 2514 1603.
1002 2451 1077 2515 Cara
1092 2451 1144 2514 36.
1170 2449 1231 2515 Sed
1243 2474 1299 2536 per
1312 2451 1465 2535 pietatem
1478 2455 1500 2518 a
1512 2453 1720 2536 prudentiam
1734 2475 1791 2516 va-

323 2543 443 2606 riorum
463 2540 691 2624 Episcoporum
705 2545 760 2603 aut
772 2563 829 2624 per
844 2540 1080 2604 conniventiam
1096 2538 1292 2605 Officialium
1304 2540 1475 2604 divortium
1492 2563 1586 2625 saepe
1602 2540 1730 2607 factum
1743 2565 1793 2606 ar-

323 2632 427 2696 bitror
439 2630 633 2694 executionis
647 2633 665 2692 a
676 2628 755 2693 Jnre
767 2632 789 2694 a
803 2638 926 2692 modum
937 2633 955 2692 a
967 2628 1067 2714 Lege:
1082 2630 1201 2712 absque
1214 2629 1274 2694 lroc
1287 2629 1382 2693 multi
1395 2630 1521 2706 eruditi,
1534 2631 1591 2714 pii,
1605 2630 1792 2696 &laboriosi

324 2719 466 2786 Ministri
489 2719 675 2783 ceremoniis
698 2719 721 2782 a
736 2718 829 2783 modo
842 2717 1008 2802 regiminis
1021 2717 1152 2781 minima
1164 2718 1307 2782 faventes
1321 2721 1388 2784 tam
1405 2719 1457 2782 diu
1471 2719 1543 2784 istic
1558 2719 1716 2785 Ecclesiis
1733 2743 1794 2784 non

324 2809 551 2874 inserviissent.
576 2807 614 2871 ln
637 2806 779 2871 Ecclesia
803 2807 893 2892 [pag.
907 2808 987 2893 287]
1009 2808 1175 2890 antiqua&
1191 2807 1223 2870 in
1236 2808 1368 2891 reliquis
1380 2807 1531 2872 Ecclesiis
1544 2808 1742 2888 reformatis,
1759 2813 1792 2872 ut

325 2921 383 2983 par
395 2897 549 2962 autoritas
565 2919 729 2979 arvaquam
741 2896 863 2960 tributa
876 2895 1037 2980 Symbolis
1050 2900 1106 2960 aut
1117 2895 1386 2974 Confessionibus,
1399 2898 1422 2962 a
1439 2897 1610 2972 Δικτκγαῖς
1623 2921 1680 2962 seu
1692 2899 1794 2963 Canc-

324 2988 428 3066 nibus,
442 2986 488 3050 sic
499 2990 623 3050 exserta
636 2985 825 3068 approbatio
840 2988 862 3051 a
880 2990 1033 3069 perpetua
1045 2985 1224 3050 observatio
1237 2986 1357 3069 pariter
1369 3009 1431 3050 non
1445 2985 1604 3069 imposita.
1622 2986 1661 3051 In
1678 2987 1793 3072 Belgio

324 3082 433 3141 nostro
447 3097 510 3139 non
524 3078 650 3138 tantum
664 3073 813 3153 Ministri,
827 3075 881 3138 sed
896 3075 919 3138 a
933 3074 1099 3138 Candidati
1111 3075 1292 3154 ministerii,
1305 3077 1328 3140 a
1342 3073 1488 3139 Seniores
1500 3074 1648 3141 formulis
1661 3099 1794 3141 consen-

326 3188 379 3230 sus
402 3165 435 3228 in
448 3165 589 3228 doctrina
602 3163 799 3226 subscrIbere
810 3167 975 3227 tenentur:
1001 3163 1055 3227 sed
1071 3187 1131 3227 non
1150 3164 1271 3247 pariter
1283 3163 1477 3230 canonibus.
1500 3162 1537 3228 ln
1550 3164 1611 3228 hac
1624 3163 1794 3230 Provincia

326 3259 345 3320 a
358 3252 514 3318 Ministris
526 3253 560 3316 in
572 3252 762 3316 admissione
777 3253 815 3315 ad
827 3253 973 3316 classicos
987 3252 1169 3316 Conventus
1182 3253 1373 3337 subscriptio
1385 3253 1551 3318 Canonunr
1565 3253 1726 3340 exigitur:
1743 3254 1795 3319 sed

327 3343 360 3406 in
384 3342 455 3406 aliis
479 3341 664 3420 Provinciis,
691 3341 744 3405 ubi
763 3363 826 3404 non
838 3342 943 3405 minus
956 3364 1053 3424 quam
1068 3340 1121 3406 hic
1133 3341 1293 3406 Ecclesiae
1306 3343 1450 3427 regimen
1463 3343 1636 3407 secundum
1649 3343 1795 3410 (Iunones

326 3433 399 3496 illos
423 3431 674 3507 administratur,
703 3430 799 3493 etiam
825 3431 878 3494 ubi
903 3429 1037 3495 Politica
1064 3430 1248 3495 autoritate
1271 3431 1450 3496 confirmati
1463 3435 1547 3511 sunt,
1562 3432 1627 3496 tale
1639 3433 1720 3516 quid
1734 3455 1794 3496 non

327 3521 522 3584 observatur.
547 3519 654 3582 Missis
677 3519 771 3583 factis
799 3521 821 3585 a
852 3519 1002 3595 moribus,
1028 3520 1208 3584 adferamus
1229 3520 1377 3585 rationes.
1405 3523 1433 3584 l.
1459 3523 1529 3587 aar.
1554 3521 1637 3596 Quia
1649 3521 1795 3587 Oenones

328 3610 471 3693 plerique
495 3613 569 3673 sunt
585 3607 771 3682 mutabilem
796 3608 1007 3673 &conditores
1021 3631 1128 3672 eorum
1147 3631 1271 3693 semper
1284 3609 1346 3672 sibi
1362 3615 1526 3674 reservant
1538 3611 1724 3676 libertatem
1740 3611 1795 3675 ad-

328 3698 429 3762 dendo
456 3702 512 3761 aut
530 3697 682 3760 demendo
699 3697 823 3760 eosdem
836 3697 990 3775 mutandi,
1003 3698 1254 3781 quotiescunque
1266 3696 1482 3764 Ecclesiarum
1495 3703 1598 3764 status
1610 3702 1633 3766 a
1645 3701 1795 3765 aedifica·

329 3788 374 3850 tio
397 3786 456 3852 hoc
480 3785 698 3870 postulaverit.
725 3785 805 3849 Vide
827 3786 912 3849 inter
934 3788 1224 3871 CononesBclpicos
1239 3789 1315 3852 Can.
1330 3788 1382 3850 86.
1395 3810 1450 3852 seu
1467 3789 1627 3855 ultimum.
1651 3787 1745 3865 Quod
1759 3790 1795 3852 de

330 3875 477 3939 omnibus
504 3874 684 3938 (Iunonibus
700 3873 954 3959 intelligendum,
967 3875 1106 3959 exceptis
1122 3875 1178 3959 qui
1190 3876 1353 3941 continent
1365 3877 1591 3942 substantialia
1604 3881 1628 3944 a
1640 3901 1733 3964 perp(
1758 3899 1797 3942 rra

330 3964 494 4048 regiminis
518 3963 732 4027 Ecclesiastici
755 3965 851 4028 verbo
879 3963 939 4027 Dei
964 3965 1104 4042 definita,
1117 3967 1139 4030 a
1151 3963 1230 4030 Jure
1243 3965 1349 4029 divino
1362 3967 1499 4050 positivo
1511 3967 1630 4032 directa
1646 3967 1726 4034 aim
1757 3990 1796 4031 re-

330 4053 415 4116 diata
439 4053 478 4116 ad
491 4052 738 4134 receptionem&
754 4052 1005 4116 observationem
1021 4075 1078 4116 nos
1091 4054 1286 4138 obligantia;
1300 4055 1410 4139 qualia
1427 4055 1524 4120 etiam
1535 4056 1569 4119 in
1583 4057 1652 4140 ipsa
1666 4059 1725 4123 Con
1757 4077 1795 4121 es·

329 4143 415 4205 sione
429 4141 560 4224 Belgica,
576 4141 669 4205 drlic.
683 4142 734 4202 30.
753 4142 805 4204 31.
823 4143 886 4219 32,
900 4165 938 4205 er
951 4146 1041 4225 parte
1054 4141 1151 4206 etiam
1163 4143 1196 4205 in
1214 4145 1365 4209 Cratcclaesi
1376 4145 1500 4226 eruesl.
1515 4147 1567 4210 83.
1586 4147 1637 4209 sl.
1652 4146 1706 4210 85.
1723 4151 1729 4208 3
1757 4147 1796 4208 n.

331 4229 538 4313 explicantur.
553 4227 614 4292 Sed
623 4231 655 4293 in
664 4229 822 4294 Formulis
835 4252 1016 4308 cousensus,
1029 4231 1288 4296 Confessionibus
1302 4233 1368 4297 scil.
1383 4237 1405 4299 a
1418 4233 1656 4314 catechesibus,
1668 4235 1736 4299 arti·
1756 4234 1795 4298 uli

331 4322 548 4401 proponantur
574 4321 726 4400 tanquam
749 4319 845 4382 verbo
868 4319 929 4382 Dei
947 4320 1069 4383 definiti
1083 4323 1104 4386 a
1113 4321 1258 4403 judicati,
1272 4324 1294 4387 a
1308 4323 1348 4386 ab
1361 4323 1504 4387 Ecclesia
1514 4324 1656 4402 indicati,
1674 4327 1732 4390 &o
1756 4327 1797 4387 rta

331 4411 426 4490 atque
442 4406 598 4470 invariata
612 4407 672 4468 fide
689 4412 840 4490 perpetua
853 4408 980 4470 tenendi
991 4433 998 4484 3
1008 4409 1101 4492 juxta
1117 4409 1209 4474 IIetr.
1225 4411 1275 4477 10.
1288 4431 1368 4476 ocra.
1381 4412 1434 4475 23.
1447 4413 1546 4478 Indae
1555 4435 1631 4479 aava.
1643 4415 1699 4478 al
1719 4415 1732 4478 l
1758 4435 1797 4476 na

1675 4503 1728 4567 1.·
1756 4521 1796 4568 rs.
