3736 4860
307 301 370 365 118
707 298 869 367 Pourrrcrn
884 298 1130 364 Eccnnsrrsrrcra
1143 295 1224 361 Pras
1236 295 1262 362 Ι.
1274 295 1339 360 Ins.
1355 293 1395 362 ll.

355 488 426 568 ,55.
447 488 509 564 Qui
521 510 646 572 semper
658 489 709 553 vel
722 488 858 553 nimium
871 487 998 563 clamat,
1011 485 1163 549 molestus
1176 487 1233 559 est,
1246 483 1270 549 dt
1283 482 1347 546 vim
1362 481 1545 566 tempestivi
1557 481 1702 546 clamoris
1713 481 1763 546 cb-

311 578 445 656 ,tundit
469 575 529 642 Est
550 577 606 660 qui
629 578 721 662 quasi
744 577 872 662 fugiens
895 574 989 640 celeri
1013 573 1263 650 festinatcursu,
1284 570 1503 639 &auditorem
1526 575 1564 634 ut
1581 575 1765 654 assequatur

311 688 447 750 „magno
461 666 570 730 labore
582 665 703 732 frustra
714 665 844 750 fatigat.
858 664 918 728 Est
929 663 984 747 qui
995 661 1148 747 guttatim
1161 661 1252 744 quasi
1264 682 1378 724 aurum
1390 659 1543 742 potabile,
1556 659 1654 722 verba
1664 659 1765 736 stillat,

312 777 366 834 ,ac
378 755 483 820 taedio
496 758 615 820 enecat:
630 753 723 819 Alius
736 754 855 838 passim
868 775 976 816 vocem
988 751 1108 815 attollit
1117 773 1153 816 ac
1161 749 1320 833 deprimit,
1329 747 1525 827 fluctuantis,
1535 747 1766 833 instarnavigii,

309 844 548 922 „amandandus
560 844 600 907 ad
611 865 699 908 mare
712 846 770 921 est,
782 842 839 906 ubi
850 842 931 906 bene
943 863 980 904 ac
991 839 1116 904 naviter
1127 839 1268 903 fluctuet.
1294 838 1385 923 [pag.
1398 837 1480 922 628]

357 932 427 1010 ,56.
453 931 515 1007 Qui
542 931 659 996 nimius
676 931 709 995 in
725 935 819 1016 gestu
831 934 889 1010 est,
905 929 960 1012 qui
972 928 1157 992 deambulat
1167 949 1223 1011 per
1234 930 1433 1011 suggestum,
1447 925 1503 1008 qui
1515 925 1659 989 crebrius
1671 925 1767 1008 pulpi-

313 1025 400 1099 ,tum
412 1024 468 1085 aut
479 1021 603 1104 palmas
615 1020 763 1104 percutit,
775 1019 830 1103 qui
843 1017 950 1082 omnia
962 1016 1105 1081 membra
1116 1015 1230 1080 leviter
1241 1015 1355 1100 agitat,
1367 1013 1395 1078 is
1407 1036 1555 1078 scaenam
1567 1035 1642 1078 cum
1649 1013 1769 1078 histric-

313 1111 581 1195 ,nibus-quaerat,
595 1107 778 1174 Christiana
790 1111 894 1172 rostra
906 1105 1017 1170 schola
1029 1109 1104 1169 sunt
1119 1104 1297 1190 gravitatis.
1311 1170 1314 1176 ,

742 1245 858 1314 Contra
881 1244 1092 1312 Prudentem
1115 1243 1197 1308 tuac
1218 1242 1348 1326 sonant.

358 1382 458 1463 ,Oum
481 1383 619 1450 maximia
641 1383 676 1447 in
691 1381 896 1448 concionandi
906 1373 1121 1446 munere'acre
1133 1377 1332 1463 iudicium&
1348 1375 1551 1460 prudentiam
1563 1376 1768 1460 requirantur,

314 1474 365 1552 ,in
381 1473 497 1558 quibus
513 1474 592 1538 haec
607 1471 834 1558 desiderantur,
850 1491 988 1552 aequum
1004 1472 1063 1547 est,
1079 1491 1137 1534 nec
1152 1468 1237 1550 ipsos
1250 1469 1439 1552 suggestum
1452 1465 1568 1529 debere
1581 1464 1710 1544 ambire,
1723 1466 1770 1529 &i

315 1562 531 1645 ,Praepositis
544 1561 584 1625 ad
600 1561 665 1625 alia
677 1559 784 1625 omnia
797 1557 962 1624 reservari.

360 1651 430 1728 ,57.
446 1649 490 1714 m
502 1650 616 1713 meritb
628 1648 860 1733 imprudentiae
872 1646 976 1711 notari
989 1648 1104 1729 potest,
1116 1643 1172 1729 qui
1185 1643 1346 1718 Ecclesiae
1362 1664 1507 1722 canones,
1521 1662 1768 1726 summorumque

316 1739 524 1817 ,Pontificum
546 1739 672 1802 decreta
684 1737 768 1801 adid
780 1758 895 1800 munus
907 1735 1095 1818 spectantia,
1106 1755 1165 1798 nec
1176 1732 1265 1818 legit,
1278 1754 1335 1796 nec
1348 1731 1449 1808 novit,
1462 1753 1558 1815 quern
1575 1733 1692 1795 temert
1703 1751 1770 1794 eun·

315 1832 408 1905 ,tem,
421 1849 548 1891 necesse
560 1830 609 1890 est
620 1848 677 1890 nec
688 1825 815 1890 laudem
827 1823 940 1888 mereri
954 1830 981 1888 ri
993 1845 1056 1886 non
1068 1824 1206 1900 aberrat,
1219 1842 1277 1885 nec
1288 1819 1414 1885 veniam
1427 1819 1454 1883 si
1467 1819 1606 1884 aberrat.

362 1915 432 1994 ,58.
457 1914 645 1998 Imprudens
665 1917 724 1993 est,
736 1913 792 1997 qui
808 1935 881 1976 suas
894 1912 927 1976 in
940 1911 1087 1977 concione
1099 1911 1193 1989 vires,
1206 1932 1242 1974 ac
1257 1913 1390 1973 naturae
1406 1909 1495 1972 dotes
1511 1912 1580 1972 tum
1592 1907 1698 1984 animi,
1710 1910 1772 1970 tum

317 2003 484 2087 ,corporia
501 2006 681 2086 perspectas
704 2001 890 2079 nonhabet,
903 2001 1036 2083 ideoque
1048 2021 1111 2063 non
1124 2021 1158 2064 se
1169 1998 1312 2072 metitur,
1324 2001 1361 2061 ut
1374 1997 1489 2081 rideat,
1503 1997 1581 2082 quid
1593 1998 1617 2062 d
1629 1999 1773 2080 quantum

317 2093 446 2176 ,possit
462 2114 501 2155 ne
518 2113 614 2175 supra
629 2092 712 2155 vires
725 2089 846 2173 aliquid
857 2089 982 2174 audeat.
996 2088 1023 2153 Ο
1035 2110 1131 2172 quarn
1144 2087 1303 2151 diversum
1315 2089 1374 2165 est,
1387 2085 1482 2150 facile
1494 2086 1518 2149 dr
1529 2085 1633 2150 multa
1644 2083 1728 2169 loqui
1739 2083 1773 2146 ab
1849 2163 1850 2166 Ἴ

324 2180 546 2346 ,eqkquotttt
560 2179 1103 2352 pttqqqqtnrtthqttqptfflun
1117 2267 1289 2350 antequam
1302 2262 1342 2326 ad
1354 2266 1543 2348 suggestum
1559 2262 1696 2339 accedat,
1712 2263 1776 2326 &ea

319 2356 479 2441 ,loquitur
502 2355 763 2434 inconsideratus,
786 2376 868 2438 quae
892 2357 1004 2437 postea
1015 2376 1088 2418 eum
1104 2352 1219 2416 dixisse
1232 2351 1404 2435 poeniteat.
1418 2349 1482 2415 Ter
1494 2351 1625 2415 veniant
1636 2349 1731 2415 verba
1742 2347 1776 2412 ad

320 2443 459 2523 ,limam
473 2445 659 2528 priusquam
671 2442 858 2527 perveniant
870 2443 968 2506 semel
980 2441 1021 2506 ad
1031 2442 1185 2526 linguam.

364 2533 434 2610 ,60.
459 2529 533 2596 Non
557 2532 650 2595 modo
674 2535 722 2596 est
734 2530 955 2614 imprudentis,
972 2531 1026 2594 sed
1038 2530 1062 2595 tr
1074 2529 1279 2612 impudentis,
1293 2529 1332 2592 de
1344 2528 1405 2593 Dei
1417 2529 1586 2612 majestate
1599 2550 1712 2611 parum
1723 2525 1776 2590 cir·

297 2679 300 2685 .
320 2622 517 2704 ,cunrspecte
533 2620 666 2684 verbum
678 2619 806 2702 aliquod
818 2619 985 2703 indignum
1002 2618 1154 2701 proferre,
1171 2621 1227 2680 aut
1239 2617 1277 2681 de
1293 2616 1412 2681 sanctis
1427 2639 1491 2680 non
1503 2616 1676 2681 honorificis
1687 2612 1778 2699 loqui,

320 2714 393 2787 ,aut
404 2709 442 2773 de
454 2709 591 2792 peccatis
603 2709 700 2773 etiarn
713 2708 876 2771 obscaenis
888 2729 950 2770 non
964 2707 1042 2771 satis
1054 2707 1187 2770 honeste
1199 2705 1297 2769 verba
1308 2705 1422 2785 facere,
1436 2709 1493 2770 aut
1504 2726 1607 2790 nugas
1620 2702 1779 2770 &ridicula

320 2797 563 2876 „intermiscere
577 2796 764 2880 praesertim
777 2797 817 2859 ad
829 2795 978 2859 mulieres
995 2793 1205 2859 convertendo
1218 2815 1407 2858 sermonem.
1509 2847 1513 2858 .

364 2886 434 2964 „m
448 2885 565 2950 Contra
578 2885 778 2969 prudentiam
795 2887 843 2948 est
855 2883 1005 2968 ambigua
1021 2883 1069 2948 ita
1084 2881 1182 2966 loqui,
1195 2886 1232 2947 ut
1243 2882 1368 2965 possint
1383 2883 1417 2946 in
1429 2882 1561 2957 malum,
1575 2881 1625 2945 vel
1639 2881 1778 2945 inutilem

321 2997 466 3052 ,sensum
490 2973 586 3038 rerba
610 2973 707 3038 trahi.
731 2971 877 3036 Doctoris
894 2972 1025 3057 egregia
1040 2973 1111 3036 laus
1127 2974 1176 3035 est
1191 2970 1412 3054 perspicuitas.
1428 2969 1480 3034 Sic
1493 2971 1624 3053 loquere
1635 2973 1781 3054 tanquam

321 3062 458 3147 ,singuli
474 3061 575 3145 quiin
587 3061 735 3126 concione
747 3061 872 3139 adsunt,
886 3060 1016 3124 sedeant
1025 3060 1157 3144 judices,
1171 3059 1255 3143 quod
1268 3060 1418 3143 perplexe
1430 3059 1551 3124 dictum
1563 3057 1707 3124 fueritin
1719 3079 1782 3142 pes·

326 3153 752 3323 'Sljbtittrrirbttliqirirltfetlti
765 3236 881 3301 dixisse
897 3259 931 3301 se
943 3236 1090 3315 advertit,
1103 3235 1131 3300 ai
1143 3249 1281 3300 errorem
1293 3257 1357 3300 non
1373 3236 1483 3301 statim
1499 3235 1634 3321 corrigit
1645 3259 1709 3301 non
1723 3257 1783 3299 mo-

322 3327 378 3405 ,d0
395 3325 588 3410 imprudens,
602 3327 657 3391 sed
669 3326 834 3409 superbus,
851 3327 1043 3410 &arrogans
1059 3326 1130 3404 erit,
1147 3325 1170 3392 to
1186 3325 1329 3410 graviter
1345 3324 1505 3408 peccabit:
1523 3324 1626 3389 satius
1642 3329 1692 3391 est
1707 3346 1784 3390 erra·

323 3420 409 3493 ,tum
422 3415 536 3490 delere,
551 3436 647 3500 quam
658 3413 832 3497 duplicare.

367 3503 439 3580 ,aa
451 3499 541 3566 Sicut
551 3505 717 3585 practerea
729 3502 832 3566 audax
845 3501 994 3566 dicendus
1007 3505 1100 3581 esset,
1114 3524 1150 3566 ac
1161 3501 1360 3581 temerarius,
1374 3503 1431 3587 qui
1443 3506 1619 3586 suspectas,
1633 3525 1671 3568 ac
1682 3501 1785 3568 dubias

323 3590 504 3674 „opiniones
527 3591 686 3673 proponit,
711 3590 745 3654 in
768 3590 884 3677 quibus
907 3590 948 3654 ob
972 3613 1079 3654 rerum
1104 3590 1327 3655 difficultatem
1343 3590 1437 3655 facile
1454 3591 1497 3656 sit
1508 3591 1667 3675 populum
1680 3612 1785 3656 errare.

323 3677 429 3757 ,Quae
444 3699 522 3763 rogo
538 3678 698 3742 dementia
710 3682 768 3752 est,
782 3679 857 3762 dum
869 3679 966 3761 plana
977 3682 1088 3762 patent
1100 3679 1215 3762 spatia,
1231 3701 1288 3762 per
1304 3679 1442 3763 abrupta
1458 3679 1616 3746 incedere.

368 3766 439 3844 ,o4.
465 3765 653 3842 Ostentati0,
679 3769 702 3832 to
726 3767 888 3850 quaelibet
906 3767 1080 3850 jactantiae
1096 3767 1299 3851 significatiO,
1316 3767 1518 3832 concionanti
1534 3768 1620 3851 apud
1633 3768 1785 3833 auditores

325 3855 515 3938 ,plurimum
539 3854 689 3918 detrahit.
713 3853 844 3919 Nemini
866 3855 981 3938 placet,
995 3855 1050 3938 qui
1062 3855 1125 3919 sibi
1140 3855 1235 3921 nimis
1250 3856 1367 3939 placet,
1379 3859 1403 3922 ta
1415 3878 1571 3942 magnum
1583 3879 1666 3922 onus
1677 3860 1725 3922 est
1736 3877 1786 3919 au·

326 3942 469 4018 ,dientia
482 3943 639 4007 dicentem
651 3965 725 4008 suas
737 3943 846 4008 laudes
858 3965 931 4006 cum
943 3943 1070 4008 silentio
1085 3943 1179 4008 ferre.
1197 3945 1287 4032 [pag.
1306 3945 1388 4030 629]

287 4043 292 4052 ·
370 4029 440 4104 ,65.
453 4029 676 4105 Querimoniae
692 4031 780 4109 item,
793 4053 872 4116 quas
885 4032 925 4094 ad
941 4031 990 4095 sui
1003 4031 1218 4096 defensionem
1230 4033 1403 4118 aliquando
1415 4039 1524 4099 orator
1536 4035 1643 4115 affert,
1657 4033 1787 4120 saepdin

326 4117 461 4216 ,mtlam
479 4123 605 4216 partem
621 4119 661 4182 ab
675 4118 872 4183 auditoribus
881 4119 1094 4202 accipiuntur,
1108 4119 1131 4184 tt
1143 4121 1343 4186 stomachum
1355 4128 1541 4206 provocant.
1554 4123 1626 4190 Nec
1637 4147 1709 4190 raro
1720 4124 1787 4188 dum

298 4223 302 4230 ·
327 4205 566 4282 ,criminationi
581 4227 663 4288 quae
675 4207 806 4286 latebat,
820 4207 903 4271 inter
915 4229 1032 4291 paucos
1044 4208 1228 4274 satisfacere
1240 4210 1320 4289 vult,
1334 4211 1483 4294 publicus
1496 4217 1546 4276 est
1557 4236 1637 4279 suae
1650 4212 1787 4278 buccina·

328 4293 405 4441 ,trem
419 4290 468 4440 te]
480 4290 629 4442 tepulae,
641 4295 692 4358 vel
705 4293 866 4360 infamiae.
881 4293 915 4362 Si
926 4300 959 4362 te
971 4296 1079 4362 concio
1094 4297 1289 4362 laudabilem
1301 4300 1437 4380 noverit,
1450 4300 1523 4385 ipsa
1534 4305 1567 4367 te
1579 4303 1680 4368 etiam
1691 4305 1787 4366 tanen

327 4424 339 4453 ,
378 4399 411 4441 m
441 4400 480 4442 ue
503 4401 577 4443 rur.

1725 4474 1787 4555 ‚aa
