3766 4866
276 302 340 366 358
660 297 820 362 Poenicae
832 293 1179 360 Ecoaasusrrcna'Pans
1195 293 1221 360 Ι.
1237 295 1303 361 Iun.
1316 294 1358 360 Π.

275 487 446 555 ministerii
463 483 666 551 ecclesiastici
687 483 727 548 ab
744 482 888 548 Ecclesia
901 481 1020 546 auferri
1032 503 1096 546 non
1108 482 1219 547 debet:
1237 503 1314 568 ergo
1325 505 1384 547 nec
1395 505 1470 546 cura
1483 482 1745 566 eleemosynaria.

276 577 359 656 Quia
370 581 514 661 tcmpora
526 573 643 639 mutari
656 575 796 657 possent,
809 573 833 638 b
844 569 1008 655 Principes
1021 593 1092 634 cum
1105 575 1192 636 statu
1204 570 1345 655 politiae,
1360 571 1392 635 in
1406 571 1456 636 iis.
1479 569 1623 635 Ecclesia
1637 575 1746 634 autem

276 689 348 732 cum
362 666 427 731 suis
440 663 572 750 agendis
588 664 611 729 b
623 661 819 739 ministeriis,
837 660 877 724 ad
892 660 1145 746 qualemcunque
1159 659 1377 726 mutationem.
1391 660 1423 724 in
1438 659 1617 724 summarei
1626 659 1746 724 mutari

200 778 204 784 ’
276 777 340 820 non
363 754 473 819 debet:
498 751 644 836 quamvis
669 771 731 814 non
755 749 951 814 diffiteamur
970 748 1092 814 variare
1104 749 1250 813 nonnihil
1262 771 1358 814 onera
1371 751 1394 815 b
1406 769 1516 813 curam
1529 747 1745 812 Ecclesiamm

141 857 142 860 ’
277 845 424 929 respectu
446 841 642 928 politiarum,
665 839 699 902 in
716 838 831 922 quibua
843 837 1057 922 hospitantur.
1082 837 1149 902 Aut
1162 837 1247 902 enim
1264 837 1366 902 latent
1377 837 1433 915 ibi,
1448 841 1504 901 aut
1520 837 1652 920 insuper
1662 836 1745 901 tole-

277 937 400 1012 rantur,
416 934 473 995 ant
493 929 608 1015 religio
621 949 730 993 earum
743 927 913 1011 adoptatur
928 930 1081 1010 tanquam
1093 926 1207 1011 religio
1219 926 1349 1010 publica
1361 927 1384 992 b
1396 929 1510 1004 status,
1524 928 1580 989 aut
1593 927 1661 990 sola
1672 925 1747 989 istic

277 1020 402 1088 obtinet
413 1019 533 1104 absque
545 1018 613 1082 ulla
628 1015 794 1082 Sectarum
807 1015 956 1080 libertate
969 1016 992 1080 b
1004 1013 1187 1090 tolerantia,¹
1197 1019 1254 1079 aut
1269 1016 1314 1080 sic
1329 1016 1397 1080 sola
1409 1015 1534 1080 obtinet
1545 1017 1583 1078 nt
1597 1015 1680 1078 nulli
1693 1013 1747 1078 Ci-

277 1133 331 1176 ves
351 1107 572 1186 admittantur,
586 1105 663 1190 quin
675 1104 770 1170 simul
783 1104 874 1170 (lives
887 1107 962 1168 sunt
973 1103 1143 1169 Ecclesiae.
1168 1103 1205 1169 In
1219 1105 1418 1188 primocasu,
1432 1107 1559 1188 praetor
1570 1124 1680 1168 omnes
1697 1103 1746 1167 di-

277 1197 483 1264 stributiones
504 1195 716 1280 quotidianas,
736 1195 866 1278 propria
889 1193 1080 1270 nosocomia,
1101 1192 1358 1280 gerontodochia,
1370 1191 1675 1277 orphano-trophea,
1687 1191 1748 1256 ho·

277 1287 417 1372 spitalia,
441 1285 519 1371 quin
544 1284 641 1349 etiam
665 1283 790 1348 scholae
812 1285 882 1347 tum
904 1281 1041 1346 minores
1060 1287 1127 1347 tum
1141 1282 1286 1367 majores,
1304 1281 1344 1346 ab
1361 1281 1513 1346 Ecclesiis
1525 1283 1749 1367 (quopossunt

277 1375 384 1458 modo)
409 1375 481 1439 istic
505 1377 561 1438 aut
585 1372 664 1436 alibi
688 1371 720 1436 in
744 1372 811 1436 loco
823 1375 904 1450 tuto,
918 1371 1032 1436 saltam
1045 1372 1194 1450 neutrali,
1211 1371 1349 1436 curanda
1362 1375 1446 1436 aunt.
1472 1369 1659 1436 Insecundo
1671 1390 1749 1436 (aaa

278 1466 387 1530 eodem
399 1463 466 1528 fere
478 1463 571 1527 modo
584 1461 637 1546 agi
648 1483 775 1526 necesse
788 1464 849 1526 est:
863 1459 1063 1543 nequeenim
1076 1460 1109 1524 in
1121 1461 1201 1545 pias,
1215 1482 1295 1544 quas
1308 1465 1431 1538 vocant,
1440 1458 1548 1524 domos
1558 1457 1748 1538 Gentilium,

279 1551 631 1629 Muhammedistarum,
643 1548 894 1627 Pontificiorum,
912 1548 963 1613 bc.
978 1553 1105 1614 nostrae
1121 1549 1194 1614 fidei
1212 1551 1370 1614 consortes
1384 1548 1613 1632 reciperentur,
1627 1546 1748 1631 absque

278 1641 419 1727 periculo
429 1638 616 1725 pollutionis
628 1638 828 1714 idolatricae;
843 1637 1034 1703 &ablatione
1043 1641 1100 1702 aut
1108 1637 1328 1702 imminutione
1337 1637 1496 1701 libertatis
1505 1641 1576 1700 tum
1584 1636 1748 1700 conscien-

277 1730 343 1795 tiae
365 1734 436 1794 tum
461 1726 614 1793 exercitii.
640 1728 678 1793 In
689 1727 791 1792 ‘tertio
814 1728 965 1812 &quarto
983 1747 1057 1790 casu
1069 1726 1169 1791 relate
1182 1726 1223 1791 ad
1239 1725 1366 1810 quosvis
1379 1724 1523 1790 subditos
1538 1725 1750 1790 subventione

279 1819 469 1904 indigentes,
493 1816 520 1881 si
544 1816 689 1881 Ecclesia
713 1815 802 1900 [pag.
816 1815 898 1902 931]
912 1836 981 1879 cam
994 1836 1103 1879 curam
1116 1815 1269 1899 suscipiat
1282 1814 1342 1901 (uti
1355 1814 1440 1898 quod
1456 1815 1495 1878 ad
1506 1813 1750 1878 distributiones

279 1906 493 1993 quotidianas,
518 1907 541 1971 b
564 1906 648 1989 quod
673 1904 712 1968 ad
735 1903 886 1968 alituram
902 1903 1116 1987 orphanorum
1136 1903 1334 1968 non-civium
1347 1902 1407 1966 hoc
1420 1903 1490 1966 fieri
1502 1903 1584 1967 solet
1596 1903 1630 1966 in
1644 1901 1752 1987 Belgii

279 1995 381 2062 nostri
406 1993 651 2078 quamplurimis
667 1991 767 2070 Vicis,
781 1989 925 2076 Oppidis,
939 1993 1036 2057 eliam
1050 1993 1172 2076 aliquot
1184 1992 1358 2076 majoribus
1375 1991 1581 2074 Civitatibus)
1592 1991 1749 2055 hactenus

280 2084 400 2150 sufficit
423 2083 503 2148 haec
525 2082 654 2168 publica
676 2081 906 2166 Eleemosyna:
931 2081 978 2145 sin
1004 2081 1119 2160 minus,
1144 2081 1322 2146 devolvitur
1333 2080 1436 2144 omnis
1448 2101 1524 2144 cura
1535 2079 1751 2164 Pauperuma

279 2173 435 2260 religione
451 2171 474 2237 b
490 2171 633 2236 Ecclesia
647 2173 754 2234 nostra
767 2170 942 2235 alienorum
955 2171 988 2233 in
1001 2167 1228 2255 Magistratum
1241 2171 1264 2235 b
1278 2168 1453 2253 peculiares
1470 2167 1654 2234 Praefectos
1666 2167 1750 2232 elee-

282 2261 479 2348 mosynarios
492 2260 577 2324 adid
592 2259 791 2324 constitutos.
815 2256 866 2322 Ita
877 2261 1067 2344 perpetuum
1080 2257 1293 2324 Diaconornm
1305 2257 1591 2322 ecclesiasticorum
1603 2256 1751 2321 ministe-

279 2351 374 2428 rium,
394 2353 566 2434 occupatur
577 2347 610 2412 in
627 2348 773 2412 curandis
785 2347 985 2432 Pauperibus
998 2369 1074 2412 suae
1086 2347 1258 2424 Ecclesiae,
1271 2369 1444 2430 eorumque
1460 2344 1608 2423 Senibus,
1624 2344 1751 2424 Viduis,

280 2437 442 2525 Aegrotis,
466 2435 636 2522 Orphanis,
662 2435 830 2500 Fratribus
853 2435 1030 2521 peregrinis
1054 2438 1110 2500 aut
1133 2435 1346 2500 exulantibus.
1371 2435 1499 2499 Illustre
1520 2435 1704 2518 exemplum
1716 2434 1751 2497 in

281 2527 403 2593 alendis
427 2526 643 2591 membrorum
666 2525 838 2604 Ecclesiae,
861 2523 1071 2604 non-civium,
1093 2524 1256 2608 orphanis,
1280 2525 1313 2587 in
1326 2523 1532 2589 celeberrima
1544 2523 1650 2608 Belgii
1662 2521 1752 2587 Urbe

280 2638 383 2770 aaa
392 2618 550 2769 scant
573 2597 1753 2788 sitandanssinsinabrincatenses

280 2815 337 2879 per
349 2791 508 2858 Diaconos
522 2813 594 2856 suos
607 2724 844 2876 Elieemosynis;
856 2791 950 2855 sicuti
966 2790 1006 2854 ab
1021 2790 1114 2855 initio
1130 2789 1313 2874 &deinceps
1327 2793 1566 2870 consueverant,
1577 2793 1752 2873 aulaqnam

281 2880 413 2968 politiae
425 2881 507 2945 istae
519 2879 663 2945 totaliter
679 2882 698 2944 a
714 2879 941 2944 reformatione
953 2882 1195 2963 occuparentur.

321 2969 370 3035 Dc
381 2969 524 3036 secundo.
1018 2989 1025 3001 ·

326 3056 351 3122 Ι.
378 3059 502 3141 Quuest
525 3057 551 3122 A
576 3056 689 3144 quibus
711 3055 741 3122 d·
759 3077 816 3142 prr
835 3077 913 3142 quos
926 3057 1341 3142 Enemospaaeeelesiaaiea
1353 3056 1604 3122 euraridebcol?
1628 3057 1753 3141 Respa

281 3146 431 3212 Diaconis
452 3145 663 3211 ecclesiastice
676 3146 715 3209 ad
731 3145 762 3208 id
774 3145 904 3209 vocatis.
928 3143 977 3209 De
990 3167 1125 3229 quornm
1137 3145 1270 3230 origine,
1288 3168 1428 3224 munere,
1443 3143 1642 3229 adjutoribus
1659 3145 1753 3210 &ad-

278 3235 449 3319 jutricibns
471 3237 558 3300 Pars.
576 3235 605 3297 2.
628 3256 667 3298 ex
678 3232 758 3298 Jure
771 3233 876 3297 divino
889 3235 912 3299 b
923 3233 1064 3298 humano
1077 3234 1291 3317 quaerendum
1304 3236 1373 3299 erit.
1398 3232 1533 3298 Diaroni
1549 3233 1599 3297 illi
1611 3233 1752 3298 rationes

283 3324 403 3407 accepti
419 3324 442 3388 b
456 3323 585 3407 expensi
598 3322 733 3386 reddunt
744 3344 849 3386 coram
865 3321 1008 3386 Ecclesia
1022 3322 1087 3386 sive
1102 3326 1171 3387 tota
1182 3323 1248 3386 sive
1260 3322 1549 3407 repraesentatin
1566 3325 1661 3405 aqua
1676 3345 1751 3387 cern-

283 3411 389 3476 stitnti
402 3416 486 3490 sunt,
499 3413 522 3478 dr
534 3434 573 3476 ex
589 3415 652 3495 qud
668 3409 896 3496 Eleemosynae
908 3410 1114 3496 collegerunt.
1141 3410 1178 3475 ln
1191 3411 1333 3476 Ecclesia
1345 3411 1520 3495 apostolica
1531 3410 1751 3476 collectionem

283 3501 306 3566 lt
322 3498 885 3585 dispensationem.Eleemosynarum
896 3521 993 3584 penes
1009 3497 1168 3564 Diaconos
1181 3501 1277 3582 luisse
1290 3501 1471 3585 colligimus
1481 3499 1632 3564 exActor.
1641 3501 1750 3564 doum

283 3591 371 3655 Rom.
402 3589 452 3652 12.
477 3587 550 3652 Non
573 3592 681 3651 tamen
706 3610 799 3652 curae
822 3587 1013 3672 Pauperum,
1036 3588 1261 3673 &inspectioni
1272 3589 1367 3673 hujus
1379 3588 1551 3652 ministerii
1565 3587 1751 3653 Pastores&

283 3675 430 3742 Seniores
450 3677 521 3740 idcb
532 3677 629 3760 plane
640 3677 823 3740 renuntiare
836 3677 968 3741 debent:
982 3676 1066 3760 quod
1077 3675 1292 3742 Diaconornm
1305 3677 1459 3742 auxiliare
1472 3676 1700 3756 ministerium,
1713 3676 1753 3740 ad

283 3765 425 3850 ipsorum
449 3765 593 3830 levamen
615 3765 795 3849 ingressum
819 3765 870 3829 sit.
895 3765 933 3828 In
959 3766 1090 3850 antiqua
1113 3765 1256 3830 Ecclesia
1273 3787 1397 3830 samma
1409 3787 1485 3830 cura
1502 3787 1538 3830 ac
1549 3765 1754 3849 praefectura

284 3853 499 3934 collectarum,
512 3855 535 3919 b
547 3853 831 3937 Eleemosynarum
844 3857 880 3918 ut
891 3856 914 3920 b
926 3853 1068 3918 omnium
1080 3854 1240 3918 redituum
1254 3876 1413 3919 sacrorum
1428 3858 1497 3918 erat
1508 3876 1607 3938 penes
1619 3853 1753 3938 Episco-

284 3962 358 4025 pos;
383 3942 416 4005 in
440 3965 518 4026 quos
542 3941 725 4007 omniafere
741 3945 882 4026 potestas
897 3947 974 4006 tunc
985 3947 1147 4007 contracta
1160 3947 1238 4006 erat.
1263 3941 1311 4007 De
1328 3966 1390 4028 quo
1406 3943 1471 4009 lib.
1489 3944 1521 4008 4.
1537 3943 1593 4008 ubi
1605 3944 1642 4008 de
1654 3943 1755 4008 Boaris

284 4031 500 4096 ecclesiasticis.
524 4029 613 4096 Idem
636 4032 812 4096 etiamnum
835 4031 928 4095 hodie
953 4032 984 4095 in
1001 4029 1124 4115 Papatu
1138 4031 1271 4110 obtinet,
1284 4054 1346 4096 non
1359 4036 1468 4096 tamen
1480 4032 1549 4096 sine
1562 4030 1750 4116 quibusdam

285 4118 523 4200 exceptionibus
545 4121 567 4184 b
587 4119 829 4184 exemtionibus.
853 4118 936 4184 Vide
952 4120 1043 4185 duris
1055 4121 1197 4184 caaorcici
1207 4120 1273 4184 tit.
1287 4121 1427 4186 wetul-
1442 4121 1485 4186 ar.
1503 4121 1534 4183 3.
1547 4122 1586 4185 dc
1600 4119 1753 4204 religiosis

284 4205 429 4272 ombus
452 4209 476 4272 b
499 4208 634 4274 Piasecii
656 4209 777 4275 Prasia
803 4209 1006 4293 episcopalem
1016 4220 1100 4294 part.
1114 4209 1145 4272 2.
1158 4229 1226 4293 cup.
1243 4210 1272 4272 3.
1285 4210 1372 4274 artic.
1387 4209 1418 4273 5.
1443 4209 1494 4273 Ad
1510 4208 1752 4273 distributiones

285 4294 487 4379 quotidianas
499 4296 697 4360 constituunt
708 4295 1069 4381 illicEleemosynarios,
1078 4296 1175 4381 vulgo
1185 4297 1285 4362 dictos
1294 4297 1613 4363 Prooirorcsmcnaac
1621 4298 1754 4381 spir-itur

286 4383 387 4448 sancti
398 4382 536 4470 (belgice
547 4381 664 4470 lapitas
676 4383 924 4476 brabantiam:
939 4407 1020 4469 quae
1031 4385 1205 4469 appellatio
1216 4385 1318 4449 latina
1330 4385 1505 4472 &Belgica
1514 4386 1594 4487 satis
1603 4383 1751 4485 insolens,

1577 4493 1750 4560 lmpmpna
