3668 4856
315 243 379 316 354
611 241 689 322 Paua
712 254 770 319 ΙΙΙ.
795 253 844 318 Da
868 253 1019 318 ltasrruns
1044 253 1133 318 Eser..
1160 277 1188 316 ru
1213 275 1334 318 annana.
1361 253 1426 317 Ina.
1451 251 1475 318 I.

1820 385 1822 412 l

314 461 427 525 regum
447 440 601 518 adhibita,
616 440 677 504 hoc
693 445 750 518 est,
763 439 894 504 armatis
907 439 1103 523 sclopetariis
1116 439 1259 524 (Belgica
1275 437 1490 525 fflusqutllrts)
1502 437 1535 501 in
1552 439 1704 522 templum
1717 439 1756 504 iu·

315 529 478 608 traductis,
498 551 555 594 nos
567 529 805 613 compulsurum
821 531 843 594 dr
860 529 1115 592 exturbaturum.
1139 527 1207 602 Quo
1220 527 1350 604 factum,
1368 533 1404 591 ut
1416 531 1481 592 tres
1493 529 1637 592 veterani
1648 529 1755 592 concio·

314 621 440 682 natores
462 621 480 682 a
499 619 597 684 classe
611 618 755 702 deputati
767 618 806 682 ad
818 616 1029 682 conciliandos
1038 619 1060 684 tr
1070 617 1223 681 sedandos
1235 617 1357 681 animos
1370 621 1552 680 senatorum
1566 617 1755 702 quorundam,

315 707 370 792 qni
390 707 542 772 hactenus
559 705 711 772 instinctu
728 707 751 771 b
771 707 910 790 impulsu
923 704 972 770 Ill.
988 706 1139 791 praefecti
1157 705 1305 769 militaris
1319 709 1408 769 extra
1422 727 1608 769 consensum
1625 708 1755 790 drappm·
1820 711 1822 756 ῖ

314 795 476 860 bationem
494 796 667 861 vocationis
682 818 771 860 meae
784 818 818 859 se
830 795 1068 870 continuerant;
1082 794 1276 859 consternati
1288 794 1466 858 minacibus
1481 792 1533 858 Ill.
1549 795 1610 858 viri
1625 795 1756 880 fulgetris

314 907 353 949 ex
374 885 502 950 civitate
523 885 713 950 excesserint
724 909 730 960 ;
743 907 782 948 ne
795 884 862 948 scil.
879 885 1031 948 terribilis
1044 884 1188 948 lanienae
1201 887 1224 950 dr
1236 883 1400 947 effusionis
1412 883 1579 968 sanguinis
1596 883 1755 967 spectaculo
1820 881 1822 962 g

314 973 466 1038 interesse
486 979 691 1060 cogerentur3
712 973 805 1038 sicuti
828 995 910 1036 unus
931 995 968 1037 ex
988 973 1053 1037 illis
1078 995 1128 1036 me
1145 972 1380 1056 praemonebat,
1397 971 1558 1036 civitatem
1575 973 1607 1036 in
1624 973 1757 1036 balneum
1820 1005 1822 1040 r

314 1062 478 1148 sanguinis
494 1063 762 1127 constituendam:
783 1062 834 1126 cui
850 1063 1079 1145 respondebam
1091 1062 1172 1124 nihil
1185 1061 1318 1144 periculi
1331 1061 1408 1125 fore.
1426 1059 1508 1124 Mihi
1521 1063 1607 1125 enim
1619 1061 1755 1126 constitu·
1820 1053 1821 1126 Ϊ

313 1155 383 1215 tum
410 1155 489 1231 erat,
510 1175 567 1236 per
582 1153 755 1216 violentam
768 1151 994 1215 detractionem
1007 1151 1030 1214 dt
1043 1151 1296 1215 deturbationom
1308 1151 1346 1214 de
1360 1149 1518 1226 cathedra,
1532 1154 1628 1236 atque
1645 1149 1755 1234 ejectio-

312 1261 385 1304 nem
409 1263 446 1306 ex
459 1241 579 1325 templo
590 1241 636 1305 ire
649 1263 712 1327 qua
725 1244 868 1324 poteram
878 1263 884 1314 3
896 1241 987 1322 juxta
1000 1239 1184 1304 methodum
1197 1239 1354 1304 Ambrosii
1366 1261 1463 1324 quam
1475 1239 1614 1303 delineat
1627 1240 1659 1303 in
1672 1239 1755 1302 orati·

313 1351 372 1394 one
392 1330 431 1395 ad
443 1329 639 1395 Auxentium
652 1330 771 1394 inserta
783 1329 833 1394 lib.
849 1331 879 1392 5.
892 1329 1099 1412 epistolarum
1111 1329 1195 1392 inter
1208 1329 1300 1411 epist.
1315 1329 1366 1391 32.
1381 1330 1403 1393 dr
1418 1328 1470 1391 33.
1504 1325 1605 1405 ,Sane
1618 1328 1645 1392 si
1660 1351 1705 1392 me
1718 1327 1755 1391 ris
1821 1327 1822 1334 '

317 1419 443 1505 ,aliqua
455 1419 624 1483 abduceret
636 1419 675 1483 ab
687 1417 840 1495 Ecclesia,
857 1440 984 1482 carnem
996 1440 1100 1482 meam
1112 1417 1275 1482 exturbari
1284 1439 1375 1500 posse
1383 1439 1446 1480 non
1455 1421 1604 1482 mentem.
1619 1417 1756 1482 Paratum

318 1530 385 1586 ,me
398 1530 465 1572 esse
481 1512 518 1572 ut
528 1507 557 1572 si
568 1507 623 1572 ille
638 1507 757 1572 faceret
769 1508 852 1592 quod
865 1506 946 1570 solet
958 1529 1025 1570 esse
1036 1507 1144 1591 regiae
1157 1505 1333 1590 potestatis
1346 1526 1406 1590 ego
1418 1506 1560 1570 subirem
1573 1507 1655 1592 qnod
1667 1527 1756 1570 sacer·
1820 1571 1821 1576 ,

317 1597 416 1674 ,dotis
429 1619 497 1662 esee
509 1597 680 1661 consuevit.
706 1596 788 1672 Quid
804 1617 880 1680 ergo
892 1596 1091 1660 turbamini?
1107 1594 1227 1660 Volens
1242 1595 1405 1681 nunquam
1414 1595 1466 1678 jus
1479 1595 1632 1670 deseram,
1646 1599 1756 1660 coactus
1820 1617 1822 1664 ζ

316 1708 511 1772 ,repugnare
535 1708 597 1749 non
621 1685 703 1751 novi.
727 1684 842 1750 Dolere
865 1689 986 1768 potero,
1007 1688 1115 1769 potero
1129 1683 1214 1762 flere,
1228 1687 1337 1767 potero
1350 1705 1495 1768 gemere:
1509 1685 1658 1749 adversus
1671 1706 1755 1760 anna,

317 1775 462 1854 ,milites
478 1773 613 1839 Gotthos
627 1796 762 1860 quoque,
777 1773 958 1858 lachrymae
970 1795 1059 1838 meae
1070 1796 1159 1837 arma
1175 1778 1258 1837 sunt.
1283 1771 1375 1836 Talia
1391 1772 1475 1837 enim
1487 1774 1685 1838 munimenta
1695 1776 1758 1837 sunt

316 1864 514 1940 ,sacerdotis
539 1863 645 1928 Aliter
667 1885 725 1928 nec
747 1862 846 1927 debeo
868 1885 926 1927 nec
950 1885 1078 1947 possum
1102 1862 1258 1927 resistere.
1282 1860 1407 1946 Fugere
1430 1865 1538 1926 autem
1558 1862 1757 1948 &relinquere

316 1951 510 2030 „Ecclesiam
525 1975 589 2016 non
600 1953 696 2031 sole0,
710 1952 832 2038 nequis
846 1952 1000 2036 gravioris
1013 1973 1131 2036 poenae
1143 1955 1231 2016 metu
1246 1950 1368 2015 factum
1379 1951 1617 2034 interpretetur.
1643 1950 1757 2016 Scitne

316 2062 388 2119 ,ros
413 2042 486 2125 ipsi,
512 2042 595 2127 quod
618 2041 863 2125 imperatoribus
887 2042 1006 2106 soleam
1029 2041 1161 2121 deferre,
1185 2063 1247 2105 non
1261 2040 1379 2117 cedere,
1392 2039 1557 2124 suppliciis
1572 2063 1624 2104 me
1637 2040 1758 2104 libenter
1821 2099 1822 2116 2

317 2130 456 2209 ,offerre,
469 2153 527 2194 nec
539 2134 679 2194 metuere
692 2151 774 2215 quae
785 2133 969 2214 parantur.”
1152 2183 1158 2204 ,
1821 2211 1822 2214 Ἴ

354 2217 398 2284 Et
417 2219 512 2304 paulo
531 2223 619 2303 post:
645 2218 845 2298 „circumfusi
856 2219 984 2297 milites,
1002 2241 1162 2284 armorum
1175 2219 1324 2302 crepitus,
1338 2218 1454 2303 quibus
1465 2218 1586 2282 vallata
1599 2223 1647 2283 est
1659 2217 1757 2282 Eccle-

315 2307 390 2388 ,sia‚
409 2308 505 2372 fidem
525 2331 587 2372 non
606 2311 727 2372 terrent
739 2330 854 2384 meam,
866 2309 920 2371 sed
934 2313 1071 2371 mentem
1084 2309 1258 2394 exagitant,
1272 2331 1310 2372 ne
1327 2307 1401 2370 dnm
1414 2329 1464 2371 me
1474 2307 1602 2385 tenetis,
1615 2306 1755 2392 pernitio—

316 2419 404 2474 ,auru
422 2397 542 2484 aliquid
562 2401 686 2461 vestrae
706 2397 871 2461 oboriatur
886 2394 997 2461 saluti:
1022 2397 1092 2481 Ego
1114 2398 1199 2462 enim
1206 2398 1275 2481 jam
1288 2396 1382 2460 didici
1393 2419 1457 2460 non
1469 2395 1593 2473 timere,
1610 2397 1665 2460 sed
1677 2394 1755 2459 robis

315 2486 444 2564 ,timere
456 2487 528 2570 plus
541 2487 639 2570 coepi.
664 2484 765 2550 Sinite
778 2507 851 2550 vero
865 2490 1004 2549 vestrum
1016 2488 1210 2552 sacerdotem
1221 2485 1759 2570 congredi,habemusadxersurium

314 2575 388 2662 ,qui
399 2575 534 2640 lacessit
559 2575 768 2639 Adversarius
781 2574 866 2638 enirn
877 2579 983 2639 noster
995 2573 1150 2639 Diabolus
1162 2576 1244 2640 sicut
1257 2575 1306 2638 leo
1318 2575 1448 2659 rugiens
1461 2574 1573 2638 circuit
1586 2575 1657 2640 &02³

353 2663 375 2728 J
376 2686 429 2728 am
447 2669 520 2728 ante
531 2668 655 2728 nostros
668 2686 862 2742 monueram,
874 2687 914 2728 ne
931 2664 1007 2749 quid
1019 2668 1182 2728 moverent
1194 2668 1250 2729 aut
1262 2667 1404 2747 agerent,
1419 2663 1475 2728 scd
1486 2663 1681 2728 solummodo
1696 2684 1760 2746 spe-

309 2755 455 2832 ctatores,
471 2753 629 2818 auditores
642 2755 665 2818 dr
676 2757 774 2817 testes
787 2757 905 2816 essent:
919 2753 1064 2838 quamvis
1078 2754 1161 2818 enim
1175 2757 1315 2837 potestas
1327 2751 1482 2816 Nobiliss.
1496 2752 1536 2817 D.
1549 2752 1761 2837 satraparum

309 2841 442 2921 deesset,
463 2843 702 2928 quibuscunque
721 2842 925 2906 turbantibus
945 2843 1126 2907 concionem
1148 2843 1302 2908 satellites
1323 2864 1395 2905 suos
1416 2843 1439 2905 b
1457 2841 1541 2906 cives
1553 2847 1700 2918 armatos,
1712 2862 1761 2906 ne-

309 2931 456 2995 cessitate
475 2931 521 2995 ita
545 2931 736 3014 postulante,
756 2953 928 3015 opponere:
946 2933 1035 2996 nulla
1055 2936 1162 2996 tamen
1176 2936 1244 2996 erat
1257 2931 1398 3014 potentia
1410 2930 1580 2994 resistendi
1594 2931 1762 3014 impetuoso

308 3019 358 3083 illi
369 3024 528 3103 praefecto
541 3042 655 3084 cuneos
667 3019 808 3084 militum
820 3024 1015 3087 armatorum
1027 3019 1060 3084 in
1072 3021 1209 3086 inermes
1222 3020 1380 3086 auditores
1390 3023 1514 3103 partem
1526 3020 1667 3105 aliquam
1676 3019 1762 3095 viros,

307 3109 459 3192 majorem
472 3130 545 3172 vero
557 3112 682 3191 partem
693 3109 852 3181 mulieres,
866 3109 1057 3174 immissum.
1080 3110 1254 3196 Hucusque
1267 3109 1463 3193 periculosae
1477 3108 1526 3171 illi
1539 3109 1629 3174 aleae
1642 3129 1762 3173 causam

308 3201 449 3261 nostram
473 3201 528 3261 aut
550 3197 619 3280 pios
643 3219 679 3261 ac
698 3197 828 3262 dilectos
850 3201 973 3263 nostros
993 3200 1153 3264 auditores
1166 3222 1228 3263 non
1242 3198 1412 3262 fuissemus
1427 3197 1615 3280 exposituri.
1640 3197 1699 3262 Sed
1712 3217 1762 3280 per

308 3283 369 3350 Dei
386 3290 553 3370 paternam
569 3285 799 3370 providentiam
819 3286 852 3348 in
866 3288 1083 3353 executionem
1094 3311 1158 3351 non
1171 3289 1354 3362 deducebat,
1369 3309 1451 3371 quae
1464 3291 1532 3350 tam
1544 3289 1652 3352 serere
1666 3285 1761 3350 mina·

307 3378 359 3438 tus
378 3379 463 3452 erat;
476 3374 557 3439 forte
576 3378 699 3440 tantum
711 3381 747 3438 ut
758 3376 847 3439 nost
861 3376 1030 3441 ministerii
1042 3378 1142 3440 nostri
1156 3377 1246 3462 [pag.
1261 3377 1355 3459 258]
1369 3375 1554 3439 executione
1567 3375 1761 3440 absterreret.

307 3461 462 3528 Concione
475 3463 609 3548 aliisque
621 3463 753 3548 agendis
764 3464 861 3528 sacris
873 3465 982 3542 finitis,
996 3466 1205 3549 subjiciebam
1218 3464 1395 3550 alloquium
1409 3464 1449 3527 ad
1461 3464 1633 3542 auditores,
1646 3486 1705 3550 quo
1714 3485 1761 3526 eos

308 3550 459 3616 hortabar
471 3555 495 3618 b
506 3552 620 3616 obnixe
633 3552 786 3637 rogabam
799 3552 880 3616 utin
893 3553 963 3617 istis
976 3556 1111 3639 aliisque
1128 3553 1360 3638 agitationibus
1376 3551 1760 3636 &perturbationibusipsi

309 3641 506 3725 quiescerent
519 3641 660 3727 (Belgica
673 3643 739 3726 burt
753 3641 830 3708 stills
843 3641 975 3729 hairtin),
996 3644 1049 3707 sed
1061 3642 1129 3707 Deo
1142 3665 1269 3707 cansam
1278 3664 1369 3706 suam
1378 3641 1624 3720 committerent,
1637 3643 1760 3728 quiearn

306 3734 514 3813 exequeretur
531 3751 588 3812 per
599 3728 826 3814 Magistratum
838 3730 861 3794 tr
873 3732 1063 3814 synedrium.
1089 3731 1179 3807 Quod
1191 3731 1379 3815 tempestive
1393 3735 1468 3796 tnnc
1480 3732 1638 3796 monitum
1651 3749 1760 3814 magno

306 3837 417 3882 causae
440 3822 565 3883 nostrae
589 3821 661 3882 usui
683 3818 755 3896 fuit,
779 3824 888 3883 contra
911 3824 1032 3884 atroces
1056 3821 1231 3885 calumnias
1253 3821 1292 3884 ab
1316 3820 1504 3884 advorsariis
1527 3821 1657 3903 passim,
1671 3820 1760 3884 et³·m

305 3901 559 3991 flagae-comitis
581 3929 716 3990 sparsas.
741 3906 819 3972 Crem
838 3908 991 3974 Nobiliss.
1005 3908 1044 3973 D.
1058 3910 1193 3994 Sutrupu
1205 3932 1274 3974 cum
1288 3909 1486 3974 senatoribus
1502 3909 1558 3992 qui
1572 3909 1687 3974 vocatio
1735 3927 1759 3969 m

306 3995 530 4079 approbarant,
552 3997 574 4062 tr
593 3995 739 4061 universo
756 3997 912 4080 synedrio,
925 3998 1200 4076 animadverteret,
1218 3997 1269 4063 lll.
1282 3997 1456 4062 Dominum
1469 3999 1683 4082 praefectum:
1735 3993 1758 4057 i-

307 4085 409 4147 tarem
429 4105 527 4148 unum
547 4088 642 4167 atque
659 4085 795 4149 alterum
815 4107 854 4149 ex
866 4085 1020 4151 ministris
1033 4089 1098 4152 suis
1113 4087 1381 4173 Hagam-comitis
1394 4087 1597 4171 praemisisse
1610 4090 1632 4154 dr
1644 4087 1684 4152 ali
1735 4107 1757 4148 rs

307 4191 346 4234 ex
365 4171 603 4236 adversantibus
619 4174 817 4238 senatoribus
833 4176 896 4257 jam
910 4198 943 4238 se
956 4177 995 4239 ad
1006 4176 1067 4241 iter
1079 4179 1253 4262 accingere,
1271 4200 1309 4241 ex
1322 4177 1438 4260 quibus
1451 4197 1514 4240 non
1527 4179 1609 4240 vane
1621 4181 1683 4240 met
1735 4194 1757 4234 r·

307 4259 382 4324 dum
408 4265 485 4339 erat,
506 4283 546 4324 nc
561 4261 611 4324 illi
626 4261 763 4326 sinistris
780 4263 987 4328 relationibus
1001 4266 1122 4330 animos
1136 4265 1186 4330 Ill.
1200 4265 1271 4330 DD.
1289 4265 1384 4329 Ordd.
1400 4264 1601 4344 Hollandiae,
1616 4266 1687 4348 maji
1735 4283 1757 4324 ul

305 4350 430 4430 partem
442 4349 733 4414 Ramonstranticae
745 4372 858 4416 causae
870 4353 1056 4432 faventium,
1069 4355 1329 4439 praeoccupaturi
1341 4358 1460 4419 essent:
1475 4356 1654 4420 consultum
1667 4354 1687 4417 d
1735 4373 1756 4413 r·

1735 4441 1757 4514 t,
