3752 4858
298 287 303 298 ’
345 293 455 368 Tmen
470 291 529 369 ΙΙΙ.
553 295 601 368 Da
614 292 1246 368 herulusOnniuaausPanare-mamers.
1271 298 1342 367 Gur.
1356 298 1383 368 I.
1523 302 1586 370 287

119 489 189 556 sive
211 512 250 554 er
273 488 573 569 Contubernalibus,
597 489 637 554 ad
657 489 718 554 hoc
740 487 879 555 maxime
897 487 1039 552 idoneus.
1056 485 1218 570 Imprimis
1231 491 1338 552 autom
1350 489 1410 554 hoc
1425 493 1591 559 conveniet

118 575 269 644 Studiose
282 577 465 664 theologiae
478 581 535 642 aut
550 577 724 644 Candidato
736 576 916 656 ministerii,
929 577 956 641 si
969 576 1040 660 quis
1053 575 1096 640 sit
1108 577 1141 640 in
1153 575 1210 640 illo
1221 577 1438 645 contubernio.
1451 578 1489 644 In
1501 581 1589 648 seto-

118 668 247 747 lasticis,
271 667 472 733 literatarum
496 667 520 732 b
538 666 740 732 idioticarum
753 665 934 732 scholarum
950 663 1099 751 Magistri
1111 668 1168 731 aut
1182 662 1369 750 Magistrae.
1384 667 1545 736 Laudatus
1557 671 1591 736 in

117 755 181 823 hac
202 755 291 823 Urbe
302 777 371 821 mos
387 759 447 836 est,
459 758 496 820 ut
508 753 579 820 Viri
591 755 713 840 pariter
724 777 761 820 ac
772 754 944 821 Foeminae
962 753 1148 818 facultatem
1159 754 1323 838 aperiendi
1338 754 1487 823 Scholam
1500 761 1519 823 t
1531 757 1589 825 Se-

117 851 198 912 natu
222 848 367 930 petentes
391 842 546 928 Synedrio
569 844 658 928 prius
682 844 845 920 sistantur,
866 844 974 928 ibique
987 846 1058 927 post
1071 842 1214 908 debitum
1226 864 1360 910 examen
1371 847 1591 913 testimonium

116 933 291 1013 doctrinae,
303 933 399 1014 vitae,
412 933 436 999 81
448 932 636 1017 aptitudinis
649 933 690 999 cd
702 955 818 1000 munus
830 933 922 1012 illud,
934 930 1093 1016 imprimis
1116 932 1156 996 ad
1169 930 1346 998 Puerorum
1369 936 1590 1003 catechizatio·
1694 1013 1699 1024 .

116 1045 204 1103 nem,
217 1023 394 1088 obtineant.
408 1020 470 1088 Hic
482 1043 559 1108 ergo
572 1022 747 1106 quaeritur.

162 1109 206 1178 ll.
232 1113 356 1196 Quaeri.
382 1111 433 1177 Aa
462 1111 698 1178 Coneimoree
709 1111 748 1176 ab
764 1111 823 1177 tede
838 1111 934 1197 opere
945 1131 977 1176 se
987 1111 1120 1178 eeimere
1128 1110 1276 1195 possim?
1291 1113 1382 1198 Reap.
1399 1111 1473 1179 Non
1486 1115 1591 1201 magis

82 1279 89 1292 ι
114 1223 215 1286 quam
228 1204 247 1266 “a
258 1200 471 1278 concionibus,
483 1201 672 1284 praesertim
684 1200 896 1266 catecheticis.
910 1198 1075 1283 Siquidem
1087 1199 1233 1283 exemplo
1243 1201 1337 1266 Pauli
1349 1201 1487 1286 publice,
1499 1202 1522 1267 81
1532 1226 1591 1288 per

88 1329 91 1334 ·
115 1291 228 1356 domos
251 1311 345 1355 omne
367 1289 536 1354 consilium
558 1289 620 1354 Dei
644 1289 755 1355 docere
777 1292 928 1354 tenentur
950 1289 1052 1354 Actor.
1077 1289 1130 1352 20.
1146 1309 1176 1353 υ.
1189 1289 1242 1355 20.
1266 1289 1352 1356 Hinc
1367 1291 1590 1358 convenienter

115 1377 292 1464 Scripturis
318 1377 414 1446 Hebe.
427 1377 457 1443 5.
469 1399 498 1443 v.
514 1379 568 1442 12.
580 1378 604 1444 b
617 1378 647 1442 6.
660 1399 690 1444 υ.
705 1378 735 1444 1.
758 1379 895 1444 Decretis
909 1377 1027 1465 Synodi
1049 1376 1280 1459 hordeaceum,
1303 1379 1502 1464 charumque
1521 1401 1591 1466 pro-

116 1467 303 1534 vincialium
326 1466 360 1530 in
375 1465 500 1552 Belgin,
524 1468 548 1534 81
570 1467 732 1533 doctrinae
752 1466 989 1553 'theologorum
1012 1488 1109 1551 supra
1131 1466 1185 1532 cit.
1209 1468 1247 1533 de
1259 1467 1490 1534 catechizandis
1501 1470 1590 1536 rudi·

115 1559 188 1637 bus,
211 1555 374 1622 Ecclesiae
397 1559 560 1626 nostrates
582 1555 703 1642 passim
727 1555 948 1622 instrumentis
971 1554 1145 1620 vocationis
1166 1555 1206 1620 ad
1229 1557 1442 1624 ministerium
1462 1563 1590 1643 praetor
1680 1573 1684 1580 ·

114 1645 282 1714 conciones
303 1643 457 1728 publicas,
476 1644 618 1729 privatas
638 1645 847 1725 visitationes,
867 1647 890 1712 ta
909 1643 1150 1720 consolationes
1172 1649 1481 1714 sacramentorum&
1497 1648 1591 1712 disci·
1682 1707 1686 1714 .

21 1775 24 1782 ·
113 1735 226 1822 plicae
241 1732 550 1800 administrationem
562 1733 653 1820 [pag.
671 1733 752 1821 841]
765 1734 962 1818 stipulantur
973 1731 1246 1799 catechizationes.
1259 1733 1401 1816 Accedit,
1414 1736 1498 1820 quod
1510 1737 1587 1802 dum

114 1823 259 1890 Einistri
282 1820 444 1887 Ecclesiae
467 1843 544 1887 auae
567 1823 798 1888 incrementum
819 1821 853 1886 in
877 1843 1020 1902 numero,
1044 1821 1235 1908 cognitione,
1260 1825 1310 1890 tc.
1336 1822 1439 1890 bDeo
1462 1825 1589 1891 assidub

114 1915 245 1999 petunt,
267 1931 331 1976 non
353 1913 488 1995 possunt
509 1933 574 1976 non
594 1910 726 1985 consilio
737 1910 799 1976 Dei
815 1911 963 1976 omnibus
975 1910 1077 1975 modis
1090 1909 1142 1975 bic
1157 1909 1322 1977 inservire.
1338 1912 1440 1996 Atqui
1451 1913 1514 1980 hoc
1526 1937 1590 1979 non

115 2003 155 2079 fit
180 2002 249 2066 sine
273 1999 531 2066 catechizatione.
555 1998 702 2084 Denique
722 2020 794 2065 cum
817 1999 1080 2086 hudimagistros,
1105 1998 1253 2066 &Patres
1265 2001 1405 2066 familias
1418 2001 1590 2068 hortantur

115 2093 139 2158 81
161 2089 370 2174 obstringunt
392 2089 432 2154 ad
454 2087 729 2169 catechizationes,
754 2092 904 2155 tenentur
915 2088 1061 2174 exemplo
1073 2110 1131 2154 suo
1142 2088 1284 2173 praeire:
1304 2113 1344 2156 ne
1356 2090 1488 2157 audiant
1499 2091 1589 2174 illud,

115 2180 232 2248 Mediee
245 2197 323 2245 eura
336 2189 363 2244 te
374 2177 490 2264 iprum.
516 2177 558 2242 Et
569 2177 651 2242 illud
666 2181 790 2262 poetae,

384 2269 430 2334 Er
449 2268 601 2353 osunpar
613 2268 674 2333 viee
684 2268 769 2347 cotie,
781 2278 909 2334 malum

340 2357 383 2423 fle
460 2377 567 2443 equae
578 2357 702 2441 terrum
714 2355 1141 2440 valeteceorsipaaceeandi.

115 2446 209 2524 Quod
221 2445 249 2511 si
260 2447 391 2530 propter
398 2445 672 2532 ingravescentem
681 2449 829 2524 aetatem,
842 2445 1009 2511 antatium
1022 2467 1117 2531 quem
1130 2445 1229 2511 animi
1242 2446 1420 2531 corporisve
1430 2447 1588 2515 defectum

114 2537 149 2601 in
172 2539 278 2600 totum
301 2533 352 2600 vel
376 2533 412 2598 in
423 2537 550 2599 tantum
562 2536 581 2599 ὲ
593 2533 701 2600 labore
713 2533 773 2599 boc
784 2533 915 2600 liberari
928 2534 1053 2614 debent,
1064 2534 1219 2618 judicium
1231 2533 1379 2620 Synedrii
1394 2536 1588 2604 intervenire

114 2645 245 2692 necesse
268 2625 327 2688 est.
352 2620 399 2688 Ut
422 2624 508 2688 enim
532 2623 652 2707 absque
677 2644 713 2688 eo
732 2644 826 2689 nemo
839 2623 980 2708 seipsum
994 2624 1090 2708 plane
1102 2624 1281 2705 emeritum,
1293 2628 1349 2689 aut
1361 2625 1402 2690 ab
1417 2625 1477 2691 hac
1489 2626 1586 2692 illave

114 2712 277 2794 concione,
290 2714 346 2778 aut
360 2710 543 2778 visitatione
554 2710 730 2776 immunem
746 2715 908 2797 praestare
920 2715 1040 2797 potest:
1054 2713 1099 2778 sia
1111 2735 1170 2778 nec
1183 2716 1202 2778 'a
1213 2712 1471 2778 catechizatione.

159 2801 258 2868 Forte
280 2801 352 2886 quis
376 2800 524 2885 excipiat,
549 2801 580 2869 1.
595 2802 720 2886 Eccept.
737 2800 879 2867 essehoc
891 2801 986 2866 nimis
998 2805 1094 2868 tenue
1106 2805 1163 2866 aut
1176 2801 1239 2868 vile
1255 2801 1483 2867 ministerium:
1500 2805 1587 2888 quod

114 2891 223 2977 magis
245 2888 413 2956 conveniat
435 2888 682 2974 Ludimagistris
704 2889 728 2955 d
748 2889 957 2976 Paedagogis,
974 2911 1070 2974 quam
1085 2889 1238 2976 dignitati
1252 2888 1483 2956 Ministrorum.
1496 2893 1588 2978 Resp.

113 2980 198 3046 (lum
212 2978 332 3045 Paulus
344 2978 522 3063 baptizaret
535 2977 685 3058 familias,
700 2979 717 3042 1
732 2977 803 3046 Cor.
817 2979 847 3044 1.
855 3000 884 3044 v.
904 2978 954 3042 14.
970 2979 1023 3044 16.
1035 2979 1059 3045 d
1070 2979 1139 3038 κατ’
1150 2971 1225 3039 οἷκον
1236 2982 1303 3044 toto
1315 2979 1452 3044 triennio
1465 2979 1588 3064 Ephesi

114 3071 245 3135 doceret
265 3068 366 3134 Actor.
391 3068 445 3131 20.
468 3068 492 3134 81
514 3065 697 3134 Corinthios
720 3067 801 3134 lacte
827 3067 984 3152 potaretl
1001 3070 1071 3135 Cor.
1084 3069 1114 3134 3.
1128 3087 1156 3134 υ.
1174 3068 1194 3132 2
1210 3069 1234 3135 ta
1249 3067 1283 3132 in
1298 3068 1430 3153 antiquit
1442 3067 1586 3135 Ecclesia

115 3157 263 3225 Gentiles
270 3155 512 3240 adbaptismum
520 3156 969 3242 praepararentnonputohoc
977 3156 1097 3223 factum
1107 3156 1207 3222 fuisse
1218 3156 1287 3222 sine
1296 3154 1461 3223 Catechesi
1469 3180 1587 3243 parvu-

114 3249 222 3313 lorum
244 3245 311 3311 sive
333 3247 450 3325 aetate
466 3245 532 3311 sira
544 3245 737 3330 cognitione,
751 3245 817 3311 sive
834 3249 978 3331 utrtque.
990 3245 1094 3312 Nemo
1106 3250 1214 3311 tamen
1230 3267 1340 3312 eorum
1352 3247 1523 3314 ministerii
1536 3248 1586 3312 sui

113 3335 308 3422 dignitatem
331 3333 507 3418 prostituit.
530 3335 569 3400 In
587 3335 653 3402 viru
668 3335 735 3400 lot.
758 3336 878 3402 Gerana
889 3335 1087 3400 celeberrimi
1099 3334 1185 3400 inter
1197 3356 1271 3400 suos
1282 3334 1441 3422 'theologi
1453 3337 1477 3403 81
1489 3335 1586 3401 Pari-

113 3423 230 3492 siensis
254 3423 445 3488 Academiae
468 3421 657 3490 cancellarii
680 3423 829 3502 refertur,
854 3424 938 3508 quod
951 3424 1140 3489 inextrema
1154 3427 1317 3489 senectute
1329 3425 1436 3508 pueris
1448 3424 1587 3491 catechi·
1668 3465 1673 3474 ·

112 3513 224 3580 zandis
247 3533 378 3597 operam
400 3533 491 3578 suam
515 3512 711 3597 inpenderit:
736 3513 820 3599 quod
845 3511 966 3579 factum
989 3533 1083 3578 suum
1098 3513 1133 3578 in
1147 3516 1241 3579 tract
1259 3511 1367 3596 aliquo
1379 3511 1464 3578 infra
1476 3513 1509 3578 in
1521 3514 1585 3579 fine

113 3602 213 3688 hujus
225 3601 434 3686 concitando
449 3600 600 3667 defendit.
1541 3656 1544 3663 .

161 3692 192 3756 2.
216 3692 340 3776 Except.
363 3689 519 3755 Homines
542 3711 600 3774 per
622 3691 748 3756 crebras
772 3690 1017 3757 &accuratiores
1029 3689 1291 3756 catechizationes
1302 3689 1398 3754 nimis
1414 3690 1584 3775 sapientes,

114 3780 195 3846 elati
221 3781 244 3847 tr
266 3777 370 3844 inflati
394 3779 549 3844 evadunt:
575 3782 612 3843 ut
634 3799 698 3844 non
719 3777 1415 3859 dicamusdealiisincommodisbabsurdis,
1432 3780 1586 3864 quaeali-

114 3869 243 3954 quando
267 3889 321 3934 aas
343 3867 490 3934 comitari
513 3871 570 3932 aut
589 3867 680 3951 sequi
703 3872 843 3952 possent.
865 3869 956 3954 Resp.
978 3867 1100 3936 nauem
1123 3867 1252 3933 fallacie
1264 3868 1435 3933 accidentis
1451 3869 1586 3954 diligens

113 3955 301 4042 Scripturae
313 3957 419 4036 lectis,
432 3959 456 4025 81
467 3955 652 4022 concionum
662 3955 877 4041 frequentatio
886 3979 922 4022 ac
931 3956 1080 4041 repetitio
1088 3957 1269 4044 oppugnari
1275 3961 1415 4040 possent
1424 3955 1586 4040 Fabellae‚

113 4067 198 4132 qaae
209 4046 385 4132 finguntur,
409 4048 433 4113 tc
456 4044 695 4132 sycophantiae,
720 4045 836 4130 qnibus
857 4046 973 4131 aliquis
986 4045 1584 4128 Cateobumannsauttlatecbista,aut

114 4157 199 4202 unus
208 4134 324 4219 aliquis
335 4133 592 4200 catechizationis
605 4137 693 4200 actus
706 4136 726 4198 a
740 4134 883 4218 profanis
891 4134 1085 4215 hominibus,
1099 4135 1288 4222 autignavis
1298 4133 1379 4200 fucis
1388 4135 1585 4221 denigratur,

113 4247 179 4291 non
194 4224 299 4309 magis
310 4245 436 4290 movere
447 4245 506 4289 nos
518 4222 635 4288 debent
646 4245 742 4307 quam
755 4221 896 4301 Cochlei,
907 4221 1003 4302 Surii,
1016 4222 1152 4304 Bolseci,
1165 4222 1298 4304 (laeteri,
1310 4223 1510 4291 &similium

160 4315 193 4380 3.
216 4315 340 4397 Except.
363 4311 519 4378 Homines
543 4333 652 4377 omnes
674 4333 737 4377 non
761 4312 839 4377 fient
855 4311 1115 4378 concionatores:
1133 4333 1195 4378 non
1211 4311 1357 4398 indigent
1368 4312 1477 4398 itaque
1492 4318 1584 4379 tantt

113 4403 258 4470 scientie.
272 4403 364 4490 Hesp.
377 4400 560 4488 Apostolus·
576 4401 714 4488 Philipp.
730 4402 760 4469 1.
771 4423 800 4467 υ.
814 4403 845 4470 9.
860 4403 910 4468 10.
923 4406 1072 4486 precatur
1085 4407 1120 4467 ut
1128 4401 1290 4470 abundent
1299 4401 1385 4468 omni
1393 4403 1585 4489 cognitione,

1429 4495 1452 4558 81
1464 4490 1587 4576 possint
