3712 4850
300 257 361 354 192
528 325 532 336 ·
657 287 737 352 Pana
761 285 787 351 l.
811 285 859 350 Da
883 283 1016 348 (laracni
1041 283 1144 348 Peme.
1169 282 1259 348 Ecca.
1285 280 1349 345 Lm.
1377 279 1403 347 I.

299 487 373 544 suad
396 477 563 541 corislduli.
588 472 687 538 Nulla
707 478 755 536 est
768 495 844 556 ergo
858 471 1150 546 ἁλλστμεεπισκεπῆ,
1166 493 1222 534 nec
1239 473 1370 533 crurunt
1383 469 1430 532 illi
1443 467 1584 532 Ministri
1597 471 1771 550 antequam

298 566 388 630 missi
410 571 493 629 saint.
514 605 551 612 *-
568 571 597 628 l.
617 561 718 629 Concl.
732 563 874 627 Ecclesia
891 559 1048 623 Ministris
1066 559 1185 636 vicinis,
1198 559 1408 642 onmibusque
1421 558 1585 622 auxiliis&
1602 557 1773 640 praesidiis

299 654 594 739 correspomlentiae
617 653 787 737 synodicae
807 650 960 715 destituta
974 663 1059 736 lcum
1072 649 1138 712 scil.
1152 650 1241 712 nulla
1254 653 1301 712 est
1314 645 1469 730 Sprcdus,
1483 646 1589 710 nullae
1606 645 1772 709 Ecclesiae

298 746 437 820 vicinae,
452 749 507 807 aut
520 744 546 805 si
559 744 633 820 sint,
647 744 760 806 nolunt
772 741 915 804 debitum
928 740 1083 806 cruxilium
1096 743 1273 820 praestare:
1288 743 1344 800 ant
1356 736 1452 800 etiam
1464 735 1595 800 brachio
1604 736 1773 810 saeculari,

299 839 355 898 arrt
377 833 613 897 calamitatibus
637 835 659 898 dt
684 831 916 896 vastationibus
941 827 1070 892 Bellicis
1087 828 1258 910 impeditae
1275 849 1337 890 nou
1351 828 1508 910 possunt),
1522 830 1596 909 aget
1613 830 1772 907 quantum

299 927 414 1006 potest,
427 922 621 986 utemlounon
633 925 758 992 tantum
772 919 932 983 ordinaria
944 921 1163 1001 &quocunque
1172 917 1205 980 in
1214 940 1287 980 caso
1298 919 1497 998 competente
1505 915 1667 978 Potestatc
1678 913 1774 977 liber·

299 1013 387 1091 tatis,
409 1011 572 1075 sedetiam
586 1011 693 1094 aliqud
706 1009 868 1073 potestate
882 1007 1081 1072 autoritatis:
1095 1028 1157 1070 non
1171 1005 1300 1089 quidem
1311 1005 1372 1068 sibi
1387 1005 1539 1068 sumendo
1552 1007 1574 1070 tt
1590 1003 1774 1086 rmirrpa-ndo

298 1124 425 1166 enarrem
449 1101 653 1164 autoritatem
684 1097 841 1162 Ministris
866 1100 888 1162 tt
903 1096 1107 1179 Presbyterio
1122 1095 1294 1178 propriam,
1312 1094 1367 1158 sed
1381 1094 1545 1178 arralogice
1558 1093 1596 1156 iis
1609 1093 1739 1156 actibus
1752 1097 1773 1157 d

300 1191 443 1274 partibus
467 1185 583 1253 ritendo
607 1189 723 1272 quibus
736 1191 852 1272 potest,
866 1187 964 1249 donec
977 1184 1114 1248 defectui
1130 1185 1231 1268 ipsius
1250 1187 1452 1268 prospectum
1467 1183 1518 1246 sit.
1535 1183 1682 1264 erircrcs,
1697 1183 1772 1264 qoi-

299 1303 372 1344 nam
398 1279 446 1342 illi
474 1283 572 1356 actus,
590 1282 706 1361 &qliae
719 1277 868 1341 exercitia
884 1274 1054 1338 Potestatis
1067 1273 1308 1337 Ecclesiasticae
1320 1271 1411 1356 quasi
1425 1272 1604 1349 directivae,
1623 1293 1678 1334 seu
1695 1295 1775 1334 aria-

299 1369 401 1454 logice
425 1369 469 1432 sic
493 1368 620 1432 dictae?
647 1366 834 1450 despondeo,
859 1364 1041 1428 convocatio
1066 1362 1238 1438 Ecclesiae,
1263 1367 1319 1425 aad
1346 1361 1544 1425 clamdestine
1556 1360 1774 1424 circumitio&

300 1458 502 1542 compellatio
528 1457 746 1542 singularunm
769 1452 955 1518 deliberatio
983 1455 1005 1518 d
1030 1452 1231 1529 consultatio,
1256 1451 1411 1515 derebus
1440 1445 1774 1534 siris;deputntioseu

300 1546 458 1633 delegatio
472 1547 670 1630 quounrdam
683 1569 720 1608 ex
738 1566 866 1628 corporo
883 1565 949 1618 suo,
963 1541 1018 1626 qui
1030 1541 1207 1604 necessaria
1220 1541 1375 1624 quaedam
1388 1541 1537 1604 mandata
1550 1545 1660 1604 curent
1669 1541 1693 1604 d*-
1702 1561 1775 1601 exe-

300 1643 439 1723 (piantur
450 1661 466 1710 ς·
478 1636 597 1718 judicia
621 1635 644 1698 tr
667 1635 792 1698 decreta
816 1633 853 1696 de
878 1631 1054 1696 necessarie
1080 1633 1101 1696 a
1122 1653 1179 1713 pro
1193 1629 1248 1693 illo
1263 1634 1406 1714 tempore
1419 1629 1611 1706 ordinandis,
1627 1629 1775 1712 agendis,

301 1726 506 1810 exequendis;
532 1725 639 1808 aliqua
668 1724 756 1788 verbi
780 1723 878 1786 diuini
902 1719 1084 1804 praelectio,
1106 1720 1203 1783 etiarn
1228 1718 1407 1802 explicatio,
1434 1721 1456 1784 c
1480 1717 1676 1801 praedicatio
1701 1741 1775 1780 cunr

300 1815 477 1899 subjiurctis
490 1814 636 1898 precibus
650 1836 705 1897 per
718 1813 858 1895 aliquem
871 1812 910 1874 ad
925 1810 985 1874 lroc
1002 1809 1259 1893 provisionaliter
1272 1811 1294 1874 a
1307 1831 1363 1892 pro
1378 1807 1432 1871 illo
1450 1812 1592 1891 tempore
1608 1807 1773 1870 eorrstitn-

300 1911 369 1968 tum
398 1903 567 1968 nrinisterii
590 1903 800 1966 Candidatum
818 1906 874 1964 aut
887 1905 1091 1983 aegrotorum
1104 1896 1353 1975 Consolatorem,
1372 1900 1427 1960 aut
1440 1919 1660 1980 quemcunque
1673 1896 1775 1959 alium

301 2017 347 2058 ex.
356 1993 520 2070 fratrilms,
539 1993 566 2055 si
583 1993 637 2075 qui
650 1992 789 2056 maxime.
801 1990 933 2053 irloncus
945 1989 1107 2064 videatur·;
1121 1987 1250 2051 adhaec
1263 1986 1434 2070 separatio,
1451 1986 1506 2049 ubi
1523 1985 1616 2049 aliter
1629 1984 1697 2047 lieri
1712 2007 1775 2048 nou

301 2088 415 2165 potest,
437 2083 476 2146 ab
491 2082 545 2145 illo
559 2081 778 2164 Presbyteri03
792 2079 938 2162 denique,
952 2077 1108 2160 sicpridem
1122 2081 1211 2140 tanta
1222 2076 1266 2145 sit
1283 2075 1443 2158 corruptio
1456 2073 1595 2158 corporis
1608 2073 1775 2137 Ecclesia-

301 2171 384 2247 stici,
409 2194 489 2235 nova
514 2170 657 2234 collectio
678 2169 871 2243 &formatiq
886 2171 941 2230 aut
954 2166 1152 2230 instauratio.
1167 2163 1256 2229 Haec
1268 2169 1324 2228 aut
1338 2164 1456 2228 similia
1470 2169 1488 2226 a
1501 2164 1562 2247 piis
1575 2164 1636 2227 rite
1648 2167 1778 2226 tentata

303 2265 377 2324 suut
399 2265 542 2344 tempore
566 2258 799 2336 Waldensium,
823 2257 978 2340 &primae
992 2255 1226 2320 reformationis
1239 2255 1307 2336 jam
1323 2255 1396 2317 iude
1409 2253 1449 2316 ab
1462 2276 1545 2316 auno
1560 2251 1654 2316 1517.
1671 2261 1779 2336 [praes

303 2350 413 2414 sertin}
427 2350 460 2412 in
474 2348 578 2413 Gallia
594 2351 616 2414 s
628 2348 768 2432 'Belgiot
781 2351 816 2410 ut
829 2349 851 2412 a
868 2351 1009 2429 tempore
1027 2342 1274 2429 perturbationis
1288 2341 1584 2408 Remonstranticae
1599 2341 1632 2404 iu
1646 2339 1776 2426 Belgio;

301 2440 377 2522 qum
395 2440 571 2504 etiamrmm
585 2438 677 2501 lrodie
690 2441 856 2501 tentantur
869 2439 887 2498 e
899 2434 1043 2517 reliquiis
1056 2433 1281 2511 Ecclesiarum,
1299 2455 1381 2515 quae
1394 2432 1452 2496 sub
1466 2454 1556 2496 cruce
1570 2435 1722 2516 gemunt3
1738 2437 1776 2494 nt

302 2532 324 2594 tt
348 2550 450 2612 nuper
473 2527 581 2610 aliqua
610 2549 648 2591 ex
675 2527 714 2589 iis
741 2529 865 2589 tentata
890 2525 1008 2606 passim
1021 2524 1061 2586 ab
1074 2522 1225 2587 Ecclesiis
1238 2521 1409 2600 nonnullis
1423 2543 1505 2604 clarere
1521 2521 1552 2584 iu
1570 2519 1689 2605 Anglia
1703 2519 1779 2582 fidis

303 2624 397 2702 atque
423 2617 605 2682 orthodoxis
632 2615 789 2680 Ministris
817 2613 988 2677 destitutae
1012 2633 1113 2688 erana,
1142 2612 1321 2695 quibusque
1334 2609 1475 2674 Ministri
1489 2610 1665 2692 corrupti&
1682 2609 1779 2693 [pag.

304 2707 384 2792 230]
399 2707 522 2766 aeaeae
534 2706 795 2769 obtrudebantur.
809 2703 897 2778 Qriae
910 2709 945 2766 ut
957 2703 1013 2765 illo
1024 2703 1058 2765 in
1071 2724 1146 2766 casu
1159 2700 1368 2769 necessitatis,
1382 2703 1405 2765 a
1417 2704 1503 2763 statu
1516 2698 1702 2783 perturbato
1716 2721 1779 2782 po-

302 2796 400 2860 tuisse
425 2795 494 2858 fieri
518 2794 731 2872 defendemus,
749 2792 954 2857 conformiter
967 2792 1016 2869 iis,
1035 2813 1115 2874 quae
1129 2794 1238 2854 contra
1251 2789 1435 2854 Pontificius
1447 2787 1656 2852 Formalistas
1672 2787 1779 2850 disse·

303 2885 425 2949 ruinnrs
452 2885 484 2947 iu
511 2884 635 2967 Dcapcr.
655 2883 757 2950 Curtaei
772 2884 931 2966 Pupulus:
947 2881 991 2944 sic
1004 2881 1261 2963 consequentiam
1275 2878 1347 2942 indo
1360 2877 1471 2942 deduci
1484 2877 1622 2942 nolimus
1635 2877 1673 2942 ad
1689 2877 1781 2940 ordi·

304 2974 428 3046 narium
446 2979 501 3037 aut
513 2977 701 3057 perpetuum
714 2972 868 3056 regimen,
882 2973 904 3036 a
920 2969 1130 3052 tranquillum
1144 2968 1305 3032 Ecclesiae
1319 2971 1450 3040 statum.
1466 3007 1504 3013 —
1525 2965 1598 3033 XXI
1605 2967 1634 3030 l'.
1649 2967 1781 3048 Qnacat.

305 3063 355 3127 An
380 3063 522 3128 Ecclesia
539 3057 695 3126 Ministris
709 3066 764 3124 aut
776 3060 979 3143 Presbyterio
992 3059 1144 3122 destituta
1161 3059 1303 3142 aliquam
1317 3057 1435 3120 lrabeat
1448 3055 1668 3121 Potestatem?
1683 3055 1779 3139 llcsp.

305 3153 342 3214 de
366 3151 509 3215 Ecclesia
521 3153 661 3215 nondum
673 3151 797 3235 integre
811 3150 833 3213 d
849 3150 997 3234 organice
1011 3149 1193 3225 constituta,
1207 3170 1288 3230 quae
1300 3168 1466 3231 nunquam
1477 3145 1593 3209 habuit
1605 3144 1781 3228 Presbyte-

305 3241 399 3318 rimn,
414 3263 558 3326 quaeque
572 3241 602 3304 in
617 3241 686 3304 fieri
700 3242 721 3306 a
734 3241 766 3303 in
780 3240 883 3322 prima
896 3242 953 3302 sua
966 3237 1150 3302 collectione
1163 3237 1336 3301 etiamnum
1350 3241 1506 3312 versatur,
1520 3237 1583 3322 All.
1600 3234 1783 3319 analogice.

305 3329 352 3394 De
372 3330 514 3394 Ecclesia
537 3329 721 3407 constitute,
746 3351 891 3414 (piaeque
916 3326 1050 3391 antehac
1068 3325 1233 3390 Ministros
1247 3331 1302 3389 aut
1315 3323 1554 3408 Presbyterium
1569 3323 1691 3400 habirit,
1710 3324 1779 3410 ΑῙῙ.

305 3420 442 3503 proprie,
456 3420 601 3505 qnamvis
615 3441 675 3482 non
690 3419 854 3501 complete.
869 3417 969 3480 Adest
982 3415 1068 3479 euim
1080 3416 1127 3478 illi
1141 3415 1267 3498 proprie
1277 3414 1453 3478 comnmnis
1462 3414 1518 3477 illa
1526 3413 1670 3478 Potestas
1680 3411 1781 3476 liber·
1822 3483 1830 3494 ι

306 3509 398 3582 caiis,
428 3531 488 3572 nou
516 3508 658 3572 Potestas
678 3507 869 3584 autoritatis,
884 3506 1079 3582 ditinctiva,
1093 3506 1154 3568 nisi
1167 3505 1374 3588 improprie&
1387 3504 1563 3588 analogice,
1576 3503 1636 3566 hoc
1648 3506 1697 3566 est
1710 3503 1782 3566 sal-

306 3603 369 3661 tem
390 3598 474 3683 quod
487 3598 527 3662 ad
540 3598 725 3662 exercitium
738 3601 760 3662 tc
774 3602 862 3660 actus
876 3595 1040 3680 quosdam,
1058 3595 1090 3656 in
1104 3617 1178 3658 casu
1191 3593 1401 3668 necessitatis,
1418 3593 1466 3656 uti
1479 3594 1571 3658 modo
1584 3592 1782 3656 detcrmina-

305 3687 418 3751 rimus.
435 3686 586 3750 Rationes
599 3687 694 3769 tirius
707 3685 890 3750 assertionis
908 3689 991 3749 saint.
1020 3685 1047 3746 1.
1063 3684 1145 3765 Qiriu
1158 3684 1232 3747 talis
1246 3685 1352 3746 coetus
1365 3670 1617 3759 Ecclesiasticirs,
1630 3682 1783 3766 quamvis

307 3799 388 3840 nunc
412 3775 569 3840 Ministris
586 3775 822 3858 &Preslcpterio
840 3775 1020 3850 destitutus,
1035 3773 1247 3837 essentialiter
1260 3777 1308 3837 est
1321 3775 1343 3838 d
1358 3774 1429 3835 rere
1443 3771 1558 3836 dicitnr
1571 3770 1714 3835 Ecclesia
1729 3771 1782 3833 ri-

306 3865 409 3928 sibilis
434 3865 590 3929 instituta.
617 3867 645 3928 2.
662 3866 742 3947 (licia
756 3864 788 3928 in
802 3863 974 3946 Scripturis
987 3862 1103 3926 dieitur
1115 3885 1230 3946 sponsa
1242 3861 1373 3938 Christi,
1387 3861 1498 3924 donrus
1511 3859 1582 3938 Dei,
1595 3857 1732 3924 clerus[
1767 3897 1782 3908 -

307 3954 402 4017 ruini:
417 3955 464 4018 uti
481 3977 576 4038 supra
589 3955 792 4018 ostendimus.
812 3959 841 4015 3.
858 3954 937 4026 (lirici
952 3951 1100 4016 evincunt
1113 3951 1172 4015 hoc
1185 3951 1416 4035 disputationes
1430 3954 1611 4014 nostrorum
1627 3949 1740 4012 advers
1767 3975 1784 4018 s

307 4041 489 4106 Pontificius
524 4067 570 4106 iro
590 4045 661 4126 jure
675 4046 697 4108 dr
710 4043 858 4106 libertate
875 4043 985 4125 populi
997 4039 1173 4105 Christiani
1190 4045 1300 4104 contra
1313 4040 1536 4122 usurpationes
1550 4043 1572 4106 d
1584 4037 1743 4122 oligarchi
1766 4063 1785 4104 s

308 4131 478 4196 clericales.
504 4067 588 4196 l'ide
613 4132 697 4196 infra
727 4135 814 4197 Pura
844 4132 872 4194 2.
896 4131 933 4194 dc
954 4131 1110 4195 locedium
1124 4129 1740 4208 ,llim'snnrrnrq&delrcrcl’un'onulus
1764 4131 1784 4194 s

307 4221 374 4284 tio.
397 4227 424 4286 2.
439 4224 568 4305 Hesper.
586 4226 705 4288 Ceresue
718 4221 832 4306 Papae.
848 4244 872 4282 c.
887 4221 938 4283 21.
953 4221 1107 4284 culleum
1123 4219 1187 4284 lib.
1202 4221 1232 4282 3.
1245 4231 1312 4282 scel.
1330 4221 1357 4284 l.
1371 4241 1394 4282 e.
1410 4219 1439 4282 a.
1454 4217 1604 4284 Confer&
1619 4218 1742 4282 Paluau
1764 4241 1783 4280 n

309 4309 360 4373 lib.
376 4311 405 4376 l.
418 4312 581 4396 Sparsaque.
595 4333 651 4394 cup
680 4313 732 4374 11.
748 4311 798 4376 12.
817 4311 867 4372 13.
882 4309 966 4373 Hinc
979 4309 1140 4374 educimus
1152 4308 1214 4372 ista
1227 4307 1410 4391 porismata.
1427 4309 1454 4370 l.
1468 4305 1554 4371 Male
1571 4309 1623 4372 eo's
1636 4305 1744 4390 accipe
1765 4331 1785 4372 e

309 4401 331 4466 da
345 4399 548 4484 interpretari
562 4404 685 4464 nostros
699 4399 840 4461 Capones
858 4397 1107 4478 Ecclesiasticus,
1122 4397 1176 4483 qui
1189 4397 1350 4478 Ecclesiis,
1365 4400 1530 4480 grassante
1544 4401 1632 4480 peste
1645 4397 1701 4458 aut
1714 4395 1752 4459 al
1764 4419 1786 4464 ο

1704 4507 1752 4550 tar
1765 4511 1785 4552 u
