3668 4856
316 307 379 369 346
444 259 448 274 Ι
617 305 696 370 Peras
720 303 779 371 Ill.
803 307 851 372 De
877 305 1029 370 Rhamma
1052 306 1143 411 Ecca,
1170 329 1198 370 ru
1222 243 1345 375 crissi„
1371 305 1436 369 Lm.
1461 305 1486 371 Ι.

316 491 393 578 quid
416 492 625 576 scripsissent,
649 491 760 578 utique
777 497 847 558 astu
861 494 968 578 aliquo
981 493 1164 558 riderentur
1175 494 1224 558 usi
1241 488 1357 568 fuisse;
1371 492 1454 578 quod
1468 513 1571 577 neque
1584 491 1666 556 facta
1678 514 1769 578 neque

315 603 430 646 nomen
454 582 584 658 Hei-arii,
601 585 657 646 aut
671 580 859 647 Academiae
874 582 1046 662 Leidensis,
1059 586 1115 646 aut
1127 582 1239 666 synodi
1251 580 1472 646 Dordracenae
1485 587 1540 646 aut
1553 579 1768 646 Remonstran·

317 671 399 735 tium
420 671 555 736 antehac
576 670 658 735 forte
679 671 750 736 istic
774 673 882 736 audita
906 676 1020 736 essent.
1045 671 1096 734 An
1114 671 1286 736 verisimile
1306 673 1364 748 est,
1388 668 1439 734 Ill.
1456 669 1480 734 da
1496 669 1697 735 honorabiles
1708 667 1771 738 DD.

317 763 484 843 deputatos
508 765 574 824 tam
597 759 794 844 flagitiosum
815 761 977 825 hominem
1005 763 1027 826 dr
1051 760 1088 824 ad
1111 783 1225 825 munus
1236 759 1398 824 secretarii
1410 763 1476 823 tam
1489 759 1634 843 ineptum
1648 759 1770 824 voluisse

320 851 479 934 seligere?
501 848 544 912 m
568 847 618 911 lll.
642 871 678 913 ac
701 852 846 932 potentes
868 849 1059 914 Hollandiae
1084 849 1228 926 Ordines,
1252 847 1581 932 cumIll.bampliss.
1592 847 1770 913 Academiae
1812 858 1817 870 '

320 937 531 1016 curatoribus,
556 938 692 1002 voluisse
709 940 841 1004 eundem
855 938 961 1004 fovere
974 942 1126 1024 tanquam
1140 938 1349 1021 professorem
1362 937 1536 1022 publicum,
1554 937 1578 1002 b
1594 937 1771 1001 Academiae

320 1027 536 1104 secretarium,
562 1049 598 1090 oc
619 1026 922 1092 bibliothecarium?
947 1026 1009 1103 Qui
1032 1027 1209 1092 studiorum
1233 1031 1327 1091 causa
1350 1026 1442 1091 annis
1464 1027 1588 1112 aliquot
1599 1025 1772 1092 Leidensem

322 1115 527 1181 Academiam
550 1115 794 1201 frequentarunt
818 1139 952 1202 quorum
964 1139 1028 1180 non
1040 1116 1132 1199 pauci
1145 1117 1320 1181 etiamnum
1336 1115 1523 1199 superstites
1537 1119 1621 1192 sunt,
1635 1116 1657 1180 da
1669 1115 1773 1199 quibus

321 1210 415 1270 notus
442 1205 505 1269 fuit
528 1205 686 1282 flotarius,
714 1206 812 1269 talem
828 1206 977 1270 vitiorum
989 1205 1012 1270 fa
1024 1207 1177 1270 scelerum
1194 1205 1330 1270 formam
1343 1228 1399 1269 seu
1412 1204 1597 1272 Pandoram
1611 1205 1643 1268 iu
1656 1203 1709 1268 illo
1719 1225 1773 1268 non

322 1294 607 1379 deprehenderunt,
630 1316 687 1358 nec
710 1295 789 1358 scire
816 1297 1004 1378 potuerunt:
1022 1317 1083 1360 non
1097 1295 1200 1379 magis
1215 1315 1312 1379 quam
1325 1316 1395 1378 ege,
1407 1295 1463 1379 qui
1480 1295 1607 1378 integro
1623 1293 1773 1378 septennio

323 1386 356 1448 in
381 1383 553 1448 Academia
579 1383 636 1446 illa
663 1383 803 1462 substiti,
826 1385 848 1448 dr
865 1389 913 1448 tot
929 1383 1159 1448 eruditissimas
1172 1385 1292 1448 Heiacii
1304 1383 1455 1448 lectiones
1468 1405 1564 1468 super
1578 1381 1775 1467 Xerroptuntir

323 1472 500 1556 Republica
523 1471 833 1551 lacedemoniorum,
854 1473 1073 1557 Aristophanis
1089 1471 1214 1538 Nebulr'a
1227 1473 1250 1538 dr
1263 1471 1368 1550 Plut0,
1384 1471 1522 1539 Pindari
1536 1471 1707 1556 Oli-rapiat,
1718 1471 1774 1534 fre-

324 1561 486 1648 quentari,
510 1563 532 1626 dr
560 1560 634 1624 data
659 1561 820 1626 occasione
844 1567 919 1626 tunc
942 1561 1104 1646 temporis,
1122 1566 1158 1625 ut
1170 1563 1193 1627 dr
1206 1567 1276 1645 post
1288 1561 1460 1625 discessum
1473 1561 1512 1625 ab
1530 1560 1772 1626 Academitcum

324 1652 434 1716 eodem
456 1649 659 1714 familiariter
685 1650 809 1714 locutus
837 1675 918 1728 sum,
932 1651 1029 1715 etiam
1041 1673 1112 1716 cunr
1125 1651 1200 1728 illis,
1214 1651 1269 1735 qui
1280 1650 1410 1734 propius
1423 1673 1494 1714 eum
1508 1653 1631 1728 norant,
1645 1650 1736 1714 immo
1747 1648 1775 1711 in

325 1741 464 1825 ejusdem
481 1739 687 1804 coutubernio
704 1739 859 1804 vixerant.
872 1739 964 1804 Certe
979 1741 1143 1824 improbus
1156 1741 1301 1806 Bolsccas
1313 1761 1376 1804 uon
1389 1743 1455 1803 tam
1468 1740 1614 1822 stupidus
1628 1737 1775 1804 mendaci·

325 1852 415 1894 orum
432 1829 623 1894 architectus
637 1827 715 1904 fuit,
728 1829 783 1914 qui
795 1828 944 1893 decennio
957 1833 1029 1912 post
1041 1829 1163 1893 obitum
1178 1830 1300 1894 Callani
1312 1827 1439 1912 publico
1451 1828 1570 1912 scripto
1582 1826 1732 1892 horrenda
1743 1826 1776 1889 de

325 1919 434 1983 eodem
448 1917 611 1982 mendacia
623 1917 821 1982 buccinabat.
835 1916 898 1981 Sed
909 1917 1009 1982 nostri
1022 1917 1215 1982 famosorum
1228 1917 1409 1982 libellorum
1422 1917 1592 2001 scriptores
1605 1918 1637 1980 in
1650 1914 1777 1981 tenebris

325 2007 517 2090 praesidium
531 2028 623 2070 suum
636 2012 819 2089 posuerunt,
832 2007 960 2071 nomine
972 2008 1150 2072 concelato:
1168 2009 1190 2074 b
1203 2006 1261 2070 hoc
1273 2007 1408 2072 latibulo
1420 2006 1454 2070 in
1471 2005 1521 2070 Ill.
1535 2005 1631 2070 Ordd.
1649 2005 1777 2070 Genera·

326 2098 382 2172 les,
400 2096 431 2159 in
446 2094 579 2159 Ordines
592 2095 836 2178 provinciarum,
850 2115 1021 2181 eorumque
1035 2099 1105 2160 acta
1118 2097 1140 2160 lc
1154 2101 1255 2181 gesta,
1268 2096 1301 2159 in
1314 2095 1366 2162 lll.
1378 2095 1520 2160 nobiliss.
1537 2098 1561 2161 b
1577 2093 1779 2179 amplissimos

323 2183 396 2250 DD.
420 2185 566 2269 politicos
580 2185 620 2248 ad
635 2185 789 2268 synodum
802 2183 1037 2250 Dordracenam
1050 2185 1227 2269 deputatos,
1241 2188 1348 2249 secure
1361 2183 1614 2259 debacchantur;
1630 2181 1779 2268 synodali·

323 2275 383 2338 bus
406 2273 565 2356 theologis
588 2295 651 2337 non
675 2276 802 2338 tantum
826 2274 1030 2358 imperitiam,
1054 2274 1108 2338 sed
1129 2274 1568 2358 &improbitatemacbonae
1581 2271 1779 2337 conscientiae

324 2362 527 2428 securitatem
558 2362 722 2444 objiciam.
745 2362 842 2427 Tanti
869 2367 926 2441 est,
954 2386 1017 2427 uon
1033 2385 1100 2428 esse
1112 2361 1390 2428 Remonstrantem
1405 2366 1462 2427 aut
1474 2363 1637 2446 opiniones
1649 2362 1780 2445 ipsorum

324 2452 542 2536 repudiare-
561 2452 635 2536 Cap.
651 2451 681 2514 8.
694 2449 888 2516 Nullitatem
901 2451 1070 2535 septimam
1083 2453 1239 2537 colligunt
1256 2475 1294 2516 ex
1307 2475 1353 2528 eo,
1371 2452 1456 2538 quod
1469 2451 1601 2535 plurimi
1614 2449 1780 2534 synodales,

324 2541 449 2605 timoris
472 2538 543 2618 Dei,
567 2539 696 2624 pietatis
720 2543 742 2606 la
767 2541 869 2604 bonae
892 2541 1099 2606 conscientiae
1128 2541 1232 2606 studio
1255 2541 1401 2606 destituti
1424 2541 1515 2627 [pag.
1530 2539 1621 2622 ala]
1638 2536 1781 2604 fuerint&

325 2629 502 2694 actionibus
514 2629 578 2693 suis
591 2630 794 2712 synodalibus
806 2632 846 2694 ad
857 2631 984 2695 oculum
996 2631 1191 2695 ostenderint
1203 2654 1236 2695 se
1248 2631 1312 2695 vim
1325 2629 1535 2696 conscientiae
1548 2653 1623 2694 suae
1636 2628 1780 2704 intulisse,

327 2719 467 2803 maligne
479 2718 597 2802 perfide
610 2719 728 2782 directe
742 2724 852 2783 contra
863 2720 1086 2784 conscientiam
1099 2720 1272 2784 canonibus
1283 2719 1348 2783 illis
1356 2719 1592 2784 condemnando
1601 2717 1781 2782 sententiam

327 2805 635 2885 Remonstrantium3
664 2807 766 2894 iisque
789 2809 1024 2873 subscribendo.
1043 2808 1224 2882 Rationum,
1242 2808 1358 2894 quibus
1370 2808 1432 2873 hoc
1443 2809 1577 2892 probare
1590 2807 1781 2878 contendunt,

326 2895 436 2960 Prima
460 2900 518 2975 est,
543 2895 627 2981 quod
643 2897 806 2960 reformati
823 2901 891 2960 tum
908 2897 1032 2982 Belgici
1044 2902 1112 2964 tum
1125 2897 1226 2962 exteri
1238 2897 1429 2962 Lutheranis
1442 2898 1536 2962 toties
1550 2918 1661 2980 pacem
1677 2895 1781 2962 &tole-

327 2985 465 3050 rentiam
488 3007 583 3069 super
602 2985 651 3049 his
664 2986 799 3070 aliisque
813 2987 1032 3051 controversiis
1045 2987 1229 3066 obtulerint,
1242 2987 1275 3050 in
1287 2984 1347 3050 hac
1359 2986 1478 3070 syuodo
1491 2985 1663 3051 deciderint
1675 2985 1782 3049 articu-

328 3074 386 3152 los
410 3075 501 3138 aunis
526 3077 548 3139 da
573 3074 710 3158 amplius
734 3074 767 3138 in
790 3074 933 3139 Ecclesia
948 3076 1032 3138 1200
1046 3074 1228 3141 Christiana
1240 3080 1467 3153 controversas
1484 3097 1648 3160 nunquam
1664 3074 1781 3139 decisos.

328 3161 372 3227 Et
395 3164 477 3247 quod
501 3163 643 3246 theologi
657 3163 808 3227 Germani
818 3164 850 3228 in
864 3164 924 3228 hac
936 3164 1053 3248 synodo
1069 3164 1294 3249 Augustarum
1306 3165 1547 3240 confessionem,
1564 3165 1595 3228 in
1613 3186 1708 3250 quam
1720 3160 1781 3226 istic

325 3252 434 3335 jurare
458 3253 643 3329 debuerunt,
668 3253 751 3338 quod
765 3253 803 3315 ad
816 3258 1032 3317 controversus
1044 3253 1102 3318 hos
1115 3254 1265 3318 articulos
1278 3255 1543 3318 condemnarunt:
1557 3253 1713 3338 siquidem
1728 3249 1782 3314 Re·

329 3340 574 3404 monstrantium
594 3341 836 3405 sententiarum
850 3341 1039 3425 Augustani
1050 3342 1246 3407 confessione
1262 3365 1319 3424 per
1332 3343 1439 3406 omnia
1451 3343 1609 3408 convenit.
1622 3339 1684 3406 Sed
1695 3362 1783 3426 nega·

330 3452 400 3493 mus
423 3429 555 3494 eandem
579 3452 646 3492 esse
671 3430 826 3494 rationem
843 3432 1037 3516 eandemque
1050 3431 1239 3496 sententiam
1253 3430 1549 3496 Remonstrantium
1561 3433 1584 3497 b
1596 3430 1782 3496 Lutherano·

329 3539 401 3582 rum
424 3526 480 3582 aut
503 3518 712 3600 Augustanae
735 3519 949 3584 confessionis.
979 3519 1052 3584 Non
1077 3544 1145 3584 esse
1172 3522 1304 3584 eandem
1320 3521 1476 3585 rationem
1489 3519 1783 3592 [demonstrantium

331 3606 533 3689 Belgicorum
557 3609 580 3671 dr
603 3607 856 3671 Lutheranorum
880 3613 936 3672 aut
963 3607 1171 3693 Augustanos
1188 3609 1393 3674 confessionis
1410 3610 1442 3672 in
1458 3609 1593 3693 epistola
1607 3609 1738 3694 quadam
1751 3605 1783 3671 ad

331 3696 450 3760 clariss.
476 3696 517 3760 l).
545 3696 768 3780 Hcidepyerroa
791 3699 866 3760 tunc
890 3697 1099 3780 professorem
1124 3699 1155 3762 in
1180 3696 1231 3763 lll.
1246 3697 1607 3781 Gymnasiorlraoldiuo
1620 3695 1783 3782 Steiosurli,

332 3806 413 3847 nunc
438 3783 470 3846 in
500 3783 547 3847 [ll.
574 3785 681 3849 schola
694 3784 859 3869 Tigurinis,
874 3787 928 3871 qui
940 3788 1091 3852 tractatui
1105 3811 1162 3852 suo
1176 3787 1225 3851 tit.
1243 3788 1281 3851 de
1293 3789 1496 3862 Arrairrlonac
1510 3788 1711 3872 consessionis
1722 3805 1783 3851 aava

330 3873 391 3959 fida
417 3875 669 3955 Reformatorem
685 3896 836 3939 corauliset
853 3878 901 3940 tac.
917 3897 999 3939 anno
1016 3876 1110 3939 1664.
1123 3877 1155 3939 in
1173 3877 1203 3939 l.
1218 3881 1365 3960 excerpta
1382 3898 1420 3941 ex
1435 3876 1569 3961 epistolii
1582 3883 1653 3941 mea
1669 3875 1719 3940 sut
1737 3873 1784 3938 icil

331 3981 403 4044 pop.
431 3963 505 4027 lll.
522 3984 603 4046 quae
617 3964 795 4046 reponenda
808 3965 891 4026 duxi.
922 3963 990 4041 ,Ad
1002 3966 1230 4050 qrraestionem,
1248 3989 1344 4051 quam
1358 3967 1519 4031 occasione
1531 3967 1718 4030 verboruml
1734 3985 1782 4027 ess.

336 4051 407 4128 ,aa
421 4071 495 4134 pag.
508 4050 559 4113 89.
574 4049 727 4114 Actorum
741 4051 857 4135 Synodi
870 4052 1089 4118 Dordraceuae
1104 4056 1263 4138 proponis,
1277 4055 1322 4119 sic
1340 4055 1432 4119 habe.
1447 4056 1477 4120 l.
1489 4055 1565 4120 Non
1577 4054 1713 4139 intellig
1734 4050 1782 4116 illic

339 4136 592 4216 „Confessiouem
607 4139 838 4224 Augustanom,
855 4143 909 4205 sed
921 4142 1156 4208 Confessionem
1169 4146 1191 4209 dc
1204 4143 1434 4227 professionem
1446 4144 1670 4209 hodiernorum
1687 4146 1706 4209 l
1734 4142 1783 4208 lla·

340 4247 512 4304 ,canoram
534 4227 578 4291 sic
605 4227 769 4306 dictorum,
792 4253 869 4314 qnos
881 4231 915 4293 in
930 4231 1042 4314 Belgio
1057 4233 1328 4298 ibbo-Lattaranoa
1341 4235 1514 4318 appellant,
1529 4233 1583 4318 qui
1590 4235 1657 4318 jam
1670 4233 1718 4297 in³
1734 4259 1737 4290 r
1751 4227 1782 4293 ab

340 4315 540 4398 ,impositab
556 4321 683 4400 recepta
696 4317 867 4381 Concordia
880 4319 1034 4404 Bergensi
1047 4322 1198 4404 peculiari
1212 4323 1372 4386 doctrinae
1385 4322 1523 4388 formula
1536 4323 1560 4388 b
1579 4345 1700 4388 commu
1734 4337 1783 4384 one

340 4401 580 4482 ,Ecclesiastiea
607 4427 640 4468 se
653 4407 671 4469 a
683 4407 798 4470 nostris
811 4413 1007 4490 separarunt.
1021 4412 1051 4475 2.
1064 4409 1199 4475 Nostros
1211 4412 1244 4474 in
1257 4411 1439 4492 Germania,
1456 4411 1655 4487 Bremenses‚
1667 4409 1706 4476 Hi
1734 4407 1784 4473 sia·

1734 4517 1783 4568 0⁰&
