3732 4840
733 139 758 160 ..
874 165 879 178 ἱ
950 117 969 154 ο

252 295 409 362 Tener.
447 294 472 362 I.
509 296 567 360 Da
601 297 828 362 Eueni-:siu
867 296 1127 362 lassarunt.
1164 298 1257 364 Cur.
1293 298 1373 380 Vl„
1496 303 1539 365 93

83 487 199 576 exercqt
218 481 285 545 sola
294 481 353 545 illa
367 481 522 561 Ecclesia,
536 482 643 546 Classe
655 486 712 546 sut
728 486 783 546 aut
793 480 920 566 Synodo
931 504 994 546 non
1007 481 1160 547 consulta.
1185 481 1283 548 Aliud
1300 485 1384 548 enim
1401 488 1451 549 est
1464 507 1540 549 con-

82 571 210 634 siderare
234 569 410 635 Ecclesiam
434 571 467 634 in
487 571 590 654 prima
605 571 738 656 origine,
752 571 875 648 infieri,
890 570 1534 650 utinformem&nondumconstitntam3

16 713 17 716 ,
83 660 206 724 &aliud
228 659 427 724 considerare
450 683 520 724 eam
544 665 580 724 ut
598 661 665 743 jam
678 661 858 738 formatam,
872 660 995 742 integre
1010 660 1252 726 constitutam&
1268 662 1457 726 absolutam.
1483 661 1537 726 llli

84 749 173 812 tribui
195 753 301 832 posset
317 749 527 830 dependentia
543 749 650 832 aliqua
665 749 706 812 ab
718 747 822 812 Matre
835 771 891 812 seu
904 747 1055 825 Matrica3
1074 770 1155 831 quaa
1167 749 1222 812 isti
1233 749 1332 813 tribui
1348 772 1410 814 non
1423 750 1536 814 debet:

84 837 152 919 quia
163 837 305 900 Ecclesia
317 859 381 900 non
392 841 441 900 est
452 860 547 921 supra
559 838 744 904 Ecclesiam.
759 875 798 884 -
813 835 872 901 Ill.
893 837 1045 902 Dubium.
1069 837 1123 900 An
1135 838 1256 902 ratione
1269 839 1447 922 potestatis,
1461 839 1537 904 sub-

83 925 290 1002 ordinationis,
314 928 337 990 dr
360 926 588 1008 dependentiae
615 927 774 1010 politicae,
798 926 934 990 debeant
960 924 1122 990 Ecclesiae
1134 924 1260 990 Indicae
1273 927 1392 1009 privari
1408 929 1538 1011 propria

16 1035 18 1086 ζ
84 1014 281 1078 &intrinseca
291 1019 350 1078 sua
361 1018 529 1097 potestate,
543 1017 565 1080 a
578 1019 806 1098 consequenter
818 1014 1021 1078 autoritative
1034 1013 1207 1098 gubernari
1220 1037 1257 1078 ac
1269 1015 1364 1099 dirigi
1377 995 1417 1080 a'b
1429 1015 1540 1080 Eccle-

85 1103 128 1164 sia
138 1103 252 1186 aliqua,
277 1105 335 1166 aut
347 1102 499 1166 Ecclesiis
511 1103 660 1188 Belgicis.
678 1107 767 1187 Reap.
781 1105 854 1186 Nep.
874 1104 901 1167 l.
923 1101 1006 1182 Qctia
1019 1107 1088 1166 turn
1101 1103 1223 1166 coelum
1233 1104 1418 1168 misceretur
1426 1109 1540 1186 terrae,

84 1193 104 1256 t
125 1191 337 1275 spiritualium
358 1213 467 1255 rerum
485 1193 675 1276 gubernatio
696 1189 790 1276 pla‘ne
813 1191 1042 1255 accommodari
1058 1191 1188 1256 deberet
1202 1192 1296 1256 rebus
1313 1194 1539 1272 saecularibus,

85 1282 106 1344 t
130 1287 260 1364 regnum
280 1279 401 1344 Christi
416 1284 500 1344 esset
511 1281 548 1345 de
564 1282 623 1346 hoc
639 1282 774 1346 mundo:
789 1281 873 1364 quod
884 1280 1066 1344 absurdum.
1093 1281 1123 1342 2.
1150 1282 1232 1361 (licia
1248 1285 1434 1363 sequeretur
1447 1281 1540 1346 vicis-

85 1368 148 1446 sim,
159 1369 183 1432 si
197 1368 323 1432 incolae
335 1368 445 1433 Indiae
457 1367 630 1436 Orientalis
643 1376 699 1434 aut
711 1368 923 1434 Occidentalis
931 1369 997 1432 sive
1007 1368 1128 1453 Belgae
1141 1370 1206 1432 sive
1219 1368 1290 1433 lndi
1302 1369 1473 1453 aliquando
1483 1394 1540 1434 au-

83 1457 200 1522 toritate
214 1457 346 1540 politica
358 1461 484 1520 tantum
497 1464 697 1541 praestarent
709 1458 827 1523 nostris
839 1457 1024 1536 Provinciis,
1041 1462 1197 1540 quantum
1213 1461 1340 1522 nostrae
1353 1459 1538 1523 Provinciae
1658 1485 1667 1504 ·

86 1567 157 1609 nnnc
176 1550 345 1630 praestant
365 1546 492 1630 utrique
504 1545 624 1626 Indiae,
639 1548 752 1612 debere
771 1547 929 1612 Ecclesias
942 1543 1066 1610 Indicas
1079 1546 1335 1610 Ecclesiasticam
1348 1551 1539 1630 potestatem

83 1633 112 1696 in
127 1634 281 1698 Ecclesias
300 1634 445 1719 BelgIcas
459 1658 614 1714 exercere,
632 1639 654 1702 tt
672 1637 816 1721 Belgicus
832 1641 869 1700 ct
885 1636 980 1720 plane
995 1635 1143 1699 destItui:
1160 1636 1244 1719 quod
1258 1658 1354 1719 quam
1368 1637 1541 1700 absurdum

87 1723 134 1802 sit,
155 1745 248 1788 nemo
260 1745 324 1788 non
336 1723 432 1788 videt.
449 1726 480 1788 3.
499 1727 579 1797 Quia
592 1725 859 1809 praesupponitur
871 1745 980 1788 omnes
993 1723 1130 1806 Populos
1143 1727 1166 1789 tr
1184 1723 1364 1788 Provincias
1377 1725 1541 1808 utriusque

85 1809 192 1888 Indiae,
212 1811 406 1896 quibuscum
424 1813 535 1896 Belgis
552 1815 615 1898 juS,
633 1819 689 1878 aut
700 1814 820 1892 foedus,
834 1817 890 1878 aut
901 1813 1030 1877 licentia
1045 1813 1315 1891 commerciorum,
1329 1836 1398 1877 esse
1411 1814 1540 1898 politice

84 1901 184 1984 Belgio
201 1900 376 1980 foederato,
400 1904 423 1968 u
446 1901 598 1967 Societati
621 1902 748 1970 Indicae
767 1903 942 1986 subjectas:
962 1902 1047 1984 quod
1066 1902 1205 1964 nondum
1228 1902 1399 1985 probatum
1422 1906 1481 1967 est.
1505 1903 1536 1967 4.

87 1989 160 2070 (litio
179 1988 332 2054 Coloniae
353 1989 533 2076 anglorum
551 1993 583 2056 in
605 1992 697 2057 India
717 1989 912 2056 Occidentali
930 2012 986 2054 seu
999 1987 1091 2053 Nova
1104 1989 1224 2074 Anglia
1240 1991 1422 2069 docuerunt,
1449 2009 1542 2074 posse

84 2077 221 2142 Coloniae
234 2081 257 2144 tr
270 2077 430 2144 Ecclesiae
443 2082 571 2164 politice
584 2081 696 2164 subjici
707 2081 824 2164 populo
837 2084 893 2144 aut
901 2099 1000 2163 regno
1009 2079 1166 2161 Europen,
1176 2100 1257 2161 quae
1267 2083 1374 2143 tamen
1383 2079 1542 2144 Ecclesia·

84 2166 154 2230 stiae
168 2167 209 2230 ab
222 2166 375 2234 Ecclesiis
387 2169 479 2232 istius
492 2168 597 2254 Regni
608 2170 697 2234 nullo
709 2171 801 2234 modo
814 2170 1001 2253 dependent,
1013 2168 1111 2231 immo
1127 2190 1165 2230 ne
1181 2168 1309 2251 quidem
1323 2167 1505 2251 explicitam
1518 2171 1541 2234 tt

85 2253 241 2320 formalem
256 2256 407 2320 unionem
419 2280 457 2321 ac
469 2259 778 2342 correspondentiam
791 2259 975 2343 synodalem
990 2279 1062 2322 cum
1075 2257 1115 2321 iis
1127 2256 1244 2321 colunt.
1261 2293 1304 2306 -
1317 2255 1374 2320 IV.
1390 2257 1542 2322 Dubium.

85 2343 131 2406 An
149 2344 282 2408 istarum
295 2343 511 2410 Ecclesiarum
528 2347 738 2432 dependentia
754 2349 776 2413 lt
790 2347 944 2431 subjectio
956 2344 1180 2410 Ecclesiastico
1196 2346 1236 2408 ad
1249 2343 1543 2410 Amstelredamen-

13 2505 14 2521 ,
84 2453 154 2510 sem,
173 2439 230 2497 aut
250 2431 575 2520 Middelburgensem,
592 2441 648 2500 aut
664 2437 743 2500 alias
755 2459 970 2522 quascunque,
984 2439 1040 2498 aut
1055 2453 1163 2498 ornnes
1178 2434 1332 2518 Belgicus,
1345 2434 1459 2498 debeat
1472 2456 1540 2498 esse

13 2523 14 2575 l
85 2527 248 2605 perpetna;
273 2543 312 2586 ex
333 2543 370 2586 eo
387 2523 469 2607 quod
490 2523 682 2590 Mercatores
704 2527 727 2590 a
748 2525 838 2590 Cives
859 2526 979 2611 Belgae
999 2523 1064 2588 suis
1080 2523 1239 2588 sumtibus
1251 2523 1451 2605 procurarint
1462 2524 1540 2606 ipsis

85 2611 344 2690 praedicationem
372 2611 569 2697 Euangelii?
594 2616 682 2698 Hesp.
709 2615 782 2698 ll'cp.
805 2617 834 2680 1.
857 2618 940 2697 Quin
957 2617 1143 2696 sequeretur
1158 2633 1221 2675 non
1233 2611 1472 2675 Ecclesiasticus
1488 2616 1544 2676 aut

59 2765 67 2780 ,
85 2695 235 2764 Fccloeias
250 2703 316 2784 qna
328 2700 419 2778 tales,
432 2703 486 2765 sed
498 2706 624 2767 tanturn
636 2703 750 2767 divites
761 2705 889 2788 quosvis
902 2705 985 2769 cives
1001 2705 1065 2786 qua
1076 2702 1157 2764 tales
1169 2700 1347 2784 promiscue
1360 2700 1392 2762 in
1405 2703 1538 2764 societa-

84 2791 144 2852 lem
158 2788 241 2853 hanc
254 2789 502 2874 negotiatoriam
515 2795 664 2856 coeuntes
676 2791 883 2858 subordinare
895 2793 957 2858 sibi
969 2788 1190 2856 Ecclesiastico
1203 2789 1276 2852 illas
1289 2788 1458 2868 Ecclesias,
1474 2811 1543 2852 eas-

84 2897 139 2958 que
151 2877 308 2961 acqaisito
317 2877 449 2960 illojure
457 2879 686 2964 inperpetuum
695 2902 805 2966 regere
816 2904 869 2956 ;ne
879 2882 1015 2948 exclusis
1023 2879 1151 2964 quidem
1161 2877 1347 2956 Pontificiis,
1357 2881 1413 2940 aut
1421 2875 1543 2940 Haere-

85 2965 149 3029 ticis
168 2963 349 3030 Socinianis
369 2969 392 3032 tr
411 2966 643 3052 Anabaptistis,
661 2973 717 3033 aut
728 2969 750 3034 J
754 2971 871 3048 ndaeis,
884 2969 1067 3046 Libertinis,
1086 2967 1212 3046 Atheis,
1226 2966 1252 3030 si
1265 2967 1321 3049 qui
1336 2965 1385 3029 illi
1398 2965 1543 3030 societati

86 3050 293 3119 Mercatorum
305 3077 420 3120 nomen
428 3056 595 3132 dedissent
605 3059 690 3142 quod
698 3058 972 3127 absurdissimum.
992 3061 1021 3121 2.
1034 3058 1116 3140 Quin
1125 3054 1345 3120 stabilirentur
1353 3054 1413 3118 hac
1422 3054 1544 3118 ratione

86 3142 149 3223 plus
168 3166 267 3228 quam
286 3144 419 3229 regalia,
443 3143 524 3209 Jura
543 3145 745 3225 Patronatus,
766 3147 857 3233 [pag.
880 3147 959 3233 109]
973 3148 1011 3211 de
1023 3145 1139 3229 quibus
1151 3144 1354 3208 decantatum
1366 3143 1462 3207 illud:
1480 3145 1542 3208 Ρα-

86 3242 205 3298 tronum
222 3233 345 3317 [curcul
360 3233 426 3311 dos,
438 3233 622 3318 aedificatio,
635 3235 777 3319 frundun:
804 3236 859 3320 qui
873 3237 958 3300 enim
973 3234 1150 3300 Ecclesiam
1162 3233 1334 3310 dotassent,
1352 3235 1407 3295 ant
1420 3236 1543 3295 sumtus

87 3319 114 3382 in
125 3321 217 3386 initio
228 3321 438 3406 plantationis
450 3323 716 3406 suppeditassent,
729 3329 786 3389 ant
797 3325 830 3388 in
843 3322 1027 3389 libertatem
1036 3323 1257 3400 vindicassent,
1267 3325 1324 3384 aut
1332 3321 1543 3404 patrocinium

88 3409 108 3472 lt
125 3410 302 3493 hospitium
322 3411 351 3474 ei
370 3411 602 3494 praebuissent,
614 3417 805 3496 perpetuum
817 3414 988 3498 imperium
1000 3414 1033 3477 in
1049 3435 1102 3476 eas
1116 3411 1177 3475 sibi
1194 3411 1303 3474 eadem
1319 3410 1544 3493 consequentia

88 3498 268 3564 tribuerent.
286 3497 356 3574 Quo
367 3499 450 3567 nihil
466 3501 643 3567 absurdius.
661 3501 743 3567 Vide
759 3503 843 3567 infra
857 3503 946 3568 Part.
962 3505 991 3567 2.
1005 3505 1042 3568 dc
1052 3504 1127 3567 lure
1142 3501 1353 3566 Patronulns:
1365 3498 1420 3562 ubi
1428 3499 1544 3582 jugum
1580 3537 1586 3548 ·

88 3583 140 3650 hoc
159 3590 179 3650 a
199 3587 374 3672 majoribus
396 3590 514 3654 nostris
529 3595 672 3675 tempore
688 3590 933 3670 reformationis
946 3593 1043 3656 immo
1057 3612 1114 3654 nec
1128 3592 1201 3654 ante
1214 3588 1273 3652 sub
1290 3586 1425 3669 Papatn,
1439 3591 1475 3649 ut
1487 3608 1544 3650 nec

88 3672 174 3740 bodie
193 3676 316 3760 portari
336 3699 439 3760 posse,
460 3680 665 3744 ostendimus.
690 3678 792 3744 Dictis
809 3680 891 3743 nihil
916 3704 998 3745 nunc
1016 3680 1139 3756 addam,
1157 3677 1217 3741 nisi
1235 3675 1394 3740 (lunonem
1412 3674 1544 3738 Concilii

90 3760 236 3834 Panistici
256 3763 414 3830 Gallicani
435 3767 681 3852 Burdigalensis,
694 3790 788 3851 quem
801 3769 899 3832 habet
913 3769 1080 3832 Bochellus
1092 3767 1125 3830 in
1141 3765 1284 3830 Decretis
1297 3764 1417 3827 Eccles.
1432 3762 1545 3827 Gallio.

89 3850 103 3913 li
163 3857 194 3918 5.
216 3853 268 3918 tit.
290 3854 321 3918 8.
346 3877 372 3920 c.
397 3855 425 3919 7.
447 3879 479 3939 p.
505 3855 577 3920 772.
606 3859 643 3922 Ut
660 3857 694 3921 in
708 3869 868 3940 posterum
880 3858 1000 3941 felicitas
1012 3877 1108 3943 quiunt
1120 3868 1221 3929 auten,
1237 3853 1420 3936 praesertim
1433 3873 1470 3916 an
1484 3873 1546 3937 qno

90 3961 102 4002 s
150 3943 222 4008 'ulae
235 3943 365 4026 [inrum
380 3945 545 4022 electiones,
559 3947 700 4010 Ecclesiis
714 3946 948 4011 Cotterlrulitus
960 3947 992 4012 a·
1005 3945 1200 4011 llonusteriis
1209 3943 1422 4026 proculcatur,
1437 3943 1547 4026 Regem

94 4033 102 4096 t
154 4033 395 4114 irticgriasinuun
405 4053 463 4116 per
474 4036 590 4100 macera
600 4035 830 4100 arriserieordiue
844 4037 904 4102 Dei
911 4057 1010 4118 ucpcu
1023 4035 1137 4102 Clnisti
1145 4032 1332 4116 conpluriens
1341 4031 1546 4109 obsecramus,

91 4137 102 4181 u
150 4143 175 4186 re
193 4121 395 4195 mortomar,
415 4135 450 4186 ut
468 4145 527 4206 pro
544 4125 604 4188 sud
622 4125 657 4188 in
676 4125 779 4190 Murri
803 4126 961 4208 stupratori
982 4125 1103 4208 pictate,
1116 4123 1158 4188 ud
1171 4123 1272 4208 ipsius
1285 4121 1497 4204 captoriae,
1517 4116 1548 4183 u

91 4209 102 4271 l
146 4211 234 4276 lecim
248 4211 425 4290 utilitatem,
437 4231 492 4276 nea
505 4233 571 4278 riou
582 4213 625 4276 nd
636 4213 837 4278 exolvendum
850 4214 991 4278 rriuslrnrl
1005 4213 1160 4296 religione,
1173 4211 1367 4296 snnnnisque
1377 4208 1548 4293 angoribus

91 4297 101 4358 l
158 4299 282 4364 andum
294 4299 514 4380 cmuciuatiupn
532 4322 634 4380 suarii,
655 4303 835 4385 [multarent
858 4302 991 4386 elipendl
1003 4303 1128 4366 teloneos
1143 4299 1174 4364 ll·
1185 4302 1275 4366 utiles
1288 4300 1435 4366 Pltstores
1447 4297 1548 4361 Eccle-

90 4406 102 4448 t
169 4389 321 4459 restituat.
357 4389 388 4452 3.
414 4389 496 4471 Quia
518 4394 704 4474 sequeretur
723 4389 824 4456 solam
847 4391 1024 4456 Ecclesiam
1047 4389 1373 4474 Hierosolymitanam
1397 4385 1548 4536 habuilsse

1471 4494 1549 4536 orm
