3766 4866
292 282 356 348 318
659 285 818 352 Ponrrrcna
844 283 1093 351 Eccnssrssrrma
1119 281 1198 348 Pras
1220 283 1248 351 Ι.
1272 283 1337 350 Ina.
1362 283 1405 351 Π.

293 491 376 535 anno
390 470 484 536 1629.
502 469 637 536 Collatio
650 473 690 536 ab
706 472 829 556 aliquot
842 471 1060 536 exercentibus
1073 471 1183 536 diebus
1195 471 1361 538 dominicis
1377 477 1448 557 post
1460 472 1584 536 auditas
1596 471 1767 537 conciones

292 559 436 643 publicas
450 565 606 644 suscepta,
620 561 753 645 probata
765 559 839 638 fuit,
851 560 912 624 haic
924 560 1102 624 conditione
1115 564 1151 624 111
1163 560 1279 643 aliquis
1288 560 1510 626 Ministrorum
1519 563 1575 624 aut
1583 558 1766 638 Saniorum,

293 649 417 733 quoties
429 649 507 732 ipsis
520 649 565 714 ita
577 650 680 714 visum
693 653 785 727 esset,
800 649 902 714 eidem
914 649 1082 714 interesset
1096 649 1118 713 b
1132 654 1302 732 praeesset.
1317 650 1509 716 collationes
1521 649 1675 733 ejusmodi
1688 673 1765 733 pos-

293 741 368 800 sunt
380 759 447 802 esse
460 739 507 804 ccl
519 738 664 822 publicae
677 738 711 802 in
724 743 814 802 coetu
828 737 1050 817 ecclesiastice,
1063 737 1174 821 quales
1185 738 1219 802 in
1231 738 1394 818 Ecclesiis,
1403 737 1609 822 apostolicisl
1623 739 1764 804 Corinth.

295 826 346 891 14.
360 826 393 889 in
406 824 593 905 Genevensi,
610 829 632 892 11
648 827 679 890 in
693 826 844 892 Ecclesiis
856 826 1096 912 peregrinorum
1108 827 1141 890 in
1150 825 1284 912 anglie:
1294 830 1341 895 vet
1349 826 1646 912 privato-publicae,
1655 849 1766 892 coram

293 915 423 980 delectis
439 914 665 980 Auditoribus:
680 917 725 980 at
735 916 830 1000 plane
843 915 997 999 privatae,
1011 915 1130 999 absque
1144 915 1218 980 ullis
1231 915 1450 982 Auditoribus.
1465 915 1602 979 Rursum
1611 919 1766 1000 vclsuper

293 1002 386 1082 libro,
410 1007 465 1068 aut
480 1003 595 1088 capita,
608 1009 665 1069 aut
677 1004 815 1070 sectione
831 1001 1014 1088 Scripturas
1032 1003 1158 1088 publice
1172 1027 1229 1087 pro
1242 1006 1391 1070 concione
1404 1003 1586 1090 explicatis:
1602 1007 1650 1070 cael
1662 1005 1766 1069 libere

294 1115 387 1176 snper
408 1114 595 1178 quocunque
612 1093 693 1157 libro
713 1098 768 1157 aut
784 1093 898 1177 capite,
912 1096 968 1157 aut
979 1096 1068 1156 textu
1082 1089 1266 1176 Scripturae
1278 1117 1335 1178 pro
1348 1094 1481 1158 arbitrio
1496 1093 1519 1158 b
1527 1093 1647 1172 judicio
1659 1091 1765 1178 Sync-

293 1181 364 1262 drii,
381 1186 437 1246 aut
452 1180 594 1246 Ministri
606 1181 783 1267 seligendo:
797 1183 844 1246 oct
856 1203 951 1266 super
963 1181 1121 1266 dogmatis
1133 1181 1207 1246 fidei
1218 1183 1326 1247 ordine
1338 1182 1529 1248 tractandis:
1542 1183 1589 1246 ccl
1600 1205 1696 1266 super
1712 1207 1764 1248 se-

293 1270 375 1334 lecto
399 1269 505 1352 aliquo
530 1271 690 1355 dogmate,
703 1271 791 1354 cujus
804 1269 932 1334 uberior
944 1271 966 1336 81
982 1270 1157 1337 accuratior
1168 1272 1319 1356 cognitio,
1333 1295 1390 1356 pro
1403 1272 1524 1336 ratione
1540 1273 1562 1336 81
1575 1275 1660 1335 statu
1674 1272 1765 1335 illius

293 1357 465 1432 Ecclesiae,
487 1362 509 1425 81
530 1359 832 1424 circumsistentium
856 1362 878 1424 81
902 1358 1116 1444 grassantium
1138 1381 1280 1423 enorum
1299 1383 1376 1445 prae
1397 1360 1553 1426 allisistis
1568 1360 1764 1424 ventilando,

293 1444 487 1512 Posteriores
511 1448 584 1512 illas
610 1448 813 1527 Collationes,
838 1447 866 1511 si
889 1447 1039 1512 altiorum
1064 1448 1357 1513 Catachiraticnum
1374 1449 1502 1514 nornine
1514 1449 1585 1534 quis
1597 1448 1764 1532 appellare

293 1537 395 1616 malit,
416 1559 479 1600 non
503 1557 730 1621 repugnamus.
755 1533 920 1620 Siquidem
940 1536 1023 1600 circa
1043 1559 1156 1602 vocum
1178 1537 1286 1602 crisim
1300 1559 1362 1602 non
1376 1538 1584 1615 laborandum
1598 1542 1655 1614 cst,
1668 1539 1765 1602 modo

293 1625 339 1688 rei
360 1625 461 1710 ipsius
485 1625 649 1706 legitimus
669 1649 744 1690 usus
756 1625 924 1690 habeatur.
949 1623 1033 1700 Quin
1046 1627 1069 1692 b
1085 1649 1181 1710 super
1194 1627 1374 1711 praecipuis
1386 1649 1423 1691 ac
1435 1625 1640 1712 generalibus
1653 1629 1765 1710 (prac-

293 1713 397 1780 teritis
420 1714 613 1798 specialibus
631 1716 654 1780 81
676 1739 681 1788 r
697 1713 882 1796 cristaticis)
907 1713 1042 1778 Politice
1067 1715 1298 1780 ecclesiasticae
1311 1715 1470 1799 capitibus
1484 1715 1523 1778 ad
1537 1715 1664 1798 &juxta
1676 1715 1766 1780 edita

294 1825 330 1868 ac
346 1807 474 1886 recepta
493 1803 646 1886 cujusque
663 1801 825 1867 Ecclesiae
842 1801 972 1866 Statuta
987 1805 1009 1869 b
1023 1801 1197 1886 liturgias,
1210 1803 1368 1887 imprimis
1381 1804 1464 1868 inter
1481 1801 1629 1868 Seniores
1646 1804 1669 1868 81
1682 1803 1764 1868 Dia·

294 1913 398 1972 conos,
412 1891 554 1976 aliosque
566 1892 670 1976 magis
688 1891 886 1969 exercitatos,
899 1891 1023 1955 utiliter
1039 1890 1234 1957 collationes
1250 1915 1288 1956 ex
1301 1891 1475 1976 Scripturis
1488 1892 1621 1956 subinde
1635 1893 1764 1956 institui

294 1984 454 2064 poterunt.
478 1979 541 2044 Sed
564 1983 668 2045 totum
684 1978 831 2064 Synadrii
843 1979 866 2044 b
878 1977 1110 2058 Ministrorum,
1124 1981 1162 2044 de
1173 1980 1352 2066 indigentia
1363 2004 1400 2046 ac
1412 1985 1499 2046 statu
1512 2003 1587 2044 suae
1600 1979 1763 2044 Ecclesiae

292 2069 412 2152 optime
422 2069 645 2154 judicantium,
659 2069 829 2134 arbitratui
842 2067 1104 2132 committendum
1120 2072 1178 2133 est.

338 2160 366 2242 ἕ.
381 2159 412 2223 2.
435 2157 485 2222 De
499 2157 549 2221 his
561 2157 743 2242 Prophetiis
757 2179 812 2222 scu
825 2156 1068 2238 collationibus,
1082 2157 1257 2243 quaeritur,
1871 2203 1872 2216 .

338 2246 364 2311 1.
400 2245 523 2326 Qrcccst.
547 2247 597 2311 An
608 2267 674 2312 ooo
687 2258 811 2312 tanturn
824 2246 930 2325 licitae,
943 2247 996 2311 aed
1010 2244 1042 2312 a·
1058 2248 1146 2312 1111111
1159 2248 1220 2312 sint
1228 2247 1244 2311 ?
1270 2247 1434 2333 1111112Ιῇ
1449 2248 1478 2310 l.
1491 2248 1566 2334 qaia
1580 2247 1762 2331 exemplum
1871 2291 1872 2322 3

293 2334 455 2400 Ecclesiae
475 2335 668 2419 apostolicae
692 2358 789 2420 supra
802 2335 994 2418 descriptum
1008 2337 1031 2400 b
1043 2335 1199 2400 imitabile
1212 2340 1261 2400 est
1273 2337 1296 2402 81
1309 2335 1513 2412 imitandum;
1527 2336 1709 2420 ubicunque
1723 2337 1762 2400 ad

293 2423 546 2489 aedificationem
568 2423 600 2487 id
624 2423 694 2488 fieri
717 2428 832 2508 potest.
854 2421 924 2488 Nec
946 2423 1178 2508 excipiendum,
1203 2447 1265 2488 non
1278 2424 1761 2509 vigerenuncillacharismata

293 2510 497 2597 Prophetiae,
517 2512 786 2598 &intelligentiae
800 2516 856 2577 aut
871 2513 1145 2596 interpretationis
1161 2511 1408 2596 Scripturarum,
1421 2513 1455 2576 in
1468 2518 1630 2578 momento
1643 2513 1761 2600 aliqui-

292 2601 353 2666 bus
375 2623 433 2686 per
455 2601 691 2684 impositionem
714 2623 868 2666 manuum
895 2599 1153 2685 Apostolicorum
1176 2603 1276 2667 Actor.
1301 2603 1350 2665 18.
1365 2603 1388 2668 81
1403 2603 1454 2666 19.
1468 2602 1626 2686 siquidem
1639 2602 1762 2686 pariter

294 2694 403 2755 contra
419 2689 584 2756 conciones
605 2690 628 2756 81
644 2688 917 2754 Catachinationes
937 2688 1159 2754 Ministrorum
1175 2690 1278 2774 excipi
1298 2694 1410 2774 posset,
1423 2690 1447 2756 b
1459 2691 1554 2755 hodie
1567 2695 1586 2755 “a
1600 2690 1761 2756 nonnullis

294 2779 461 2864 excipitur,
475 2779 559 2864 quod
571 2778 637 2843 scil.
651 2800 760 2842 omnes
772 2777 917 2843 hodierni
930 2777 1071 2842 Ministri
1084 2779 1165 2843 dono
1177 2778 1419 2843 infallibilitatis
1428 2780 1643 2845 destituantur
1655 2804 1663 2855 ;
1676 2780 1760 2844 unde

293 2868 440 2932 nonnulli
448 2867 636 2948 intulerunt,
644 2868 769 2932 nullum
777 2890 862 2932 nunc
870 2867 1046 2951 praedicari
1054 2867 1525 2951 verbuminfallibile‚quianon
1533 2867 1759 2932 infallibiliter.

294 2956 356 3032 Qui
379 2955 677 3022 Neo-libertinismi
689 2979 745 3020 seu
757 2954 968 3021 Neutralismi
981 2956 1110 3021 afflatus
1124 2957 1201 3020 alibi
1214 2956 1391 3020 discutitur.
1417 2958 1447 3019 2.
1464 2957 1540 3042 qtcia
1552 2957 1685 3020 verbum
1699 2955 1759 3020 Dei

293 3049 440 3114 πλουσίως
461 3045 544 3110 inter
566 3066 625 3109 nos
637 3045 784 3110 habitare
796 3045 891 3109 debet
903 3044 926 3108 81
939 3045 1116 3109 benedictio
1128 3045 1289 3110 Ecclesiae
1306 3045 1380 3108 novi
1392 3043 1591 3110 Testamenti
1602 3046 1760 3129 promissa

293 3135 357 3198 Jocl
374 3134 403 3197 2.
417 3155 488 3198 cum
500 3135 601 3199 Actor.
619 3135 648 3198 2.
662 3137 755 3219 grato
767 3134 873 3198 animo
887 3133 1115 3218 amplectenda,
1128 3133 1273 3212 fovenda,
1287 3133 1473 3198 affectanda.
1484 3136 1515 3199 3.
1524 3135 1599 3219 quia
1609 3135 1758 3199 exercitia

294 3222 351 3286 illa
363 3221 494 3300 faciunt,
511 3223 549 3286 ad
563 3223 739 3306 spiritualis
753 3222 945 3307 cognitionis
958 3222 1192 3301 excitationem,
1206 3224 1229 3289 81
1241 3222 1488 3301 incrementum
1500 3224 1541 3286 ad
1552 3222 1759 3288 orthodoxiae

295 3311 328 3375 in
347 3309 499 3376 Ecclesiis
519 3312 789 3376 conservationem
800 3335 807 3388 ;
820 3312 860 3375 ad
873 3311 1012 3395 ejusdem
1024 3316 1134 3376 contra
1150 3311 1240 3397 [pag.
1259 3311 1339 3396 881]
1353 3312 1548 3377 adversarios
1566 3312 1759 3396 apologiam,

294 3401 317 3466 81
334 3421 391 3483 pro
406 3405 443 3464 ea
455 3399 719 3478 decertationem;
732 3400 772 3465 ad
789 3400 963 3464 errantium
976 3423 1039 3464 non
1053 3405 1180 3464 tantum
1193 3423 1250 3484 per
1261 3398 1425 3465 Ministros
1438 3401 1507 3486 (qui
1520 3399 1639 3486 ubique
1649 3401 1758 3465 adesse

294 3489 469 3573 nequeunt)
491 3488 545 3554 sed
558 3488 655 3552 etiam
666 3511 724 3572 per
735 3488 815 3552 alios
828 3487 939 3553 adhoc
952 3491 1081 3554 idoneos
1094 3488 1322 3553 convictionem
1335 3490 1358 3555 81
1369 3489 1601 3567 reductionem;
1614 3490 1653 3554 ad
1664 3511 1756 3552 reno-

295 3577 430 3642 randam
443 3577 527 3656 fidei,
540 3579 618 3661 spei,
632 3577 809 3644 &caritatis
825 3577 948 3660 praxin.
961 3579 992 3643 4.
1005 3579 1081 3664 qaia
1093 3577 1221 3642 scholae
1232 3582 1317 3655 sunt,
1331 3578 1447 3661 quibus
1461 3578 1556 3642 multi
1564 3599 1756 3661 praeparan-

294 3671 358 3746 tur,
382 3667 423 3730 ad
446 3687 576 3730 munera
601 3664 779 3746 Saniorum,
792 3664 1017 3744 Diaconorum,
1031 3665 1278 3745 Praelectorum,
1294 3665 1559 3744 Cateclristarum,
1573 3665 1757 3732 Consolato-

294 3779 377 3836 rum,
402 3756 572 3840 aliquando
593 3755 809 3840 promovendi.
832 3754 876 3818 Et
899 3755 1153 3841 quandoquidem
1176 3756 1210 3818 in
1232 3755 1352 3838 palitiis
1376 3779 1412 3820 ac
1433 3755 1563 3838 judiciis
1582 3754 1755 3834 constituti,

295 3843 1189 4016 111111111111111,1111111111111111
1197 3843 1755 3998 11111111111111111111

295 4021 589 4087 Catachizationum
601 4021 624 4086 81
639 4021 853 4086 collationum
866 4022 1120 4106 suppeditantur.

207 4151 209 4158 ,
328 4109 384 4175 11.
409 4113 532 4194 Quaest.
556 4112 607 4176 An
628 4111 810 4194 prorniscue
830 4109 855 4175 a
878 4131 958 4196 cupa
969 4113 1154 4196 pacurano-is
1167 4112 1202 4176 io
1217 4122 1368 4176 convent-a
1382 4112 1532 4176 Ecclesiae
1549 4109 1679 4186 aare,
1696 4129 1752 4174 scu

296 4198 478 4284 Prophetis,
503 4201 541 4264 sir
564 4199 783 4264 odric-iuncus?
807 4201 834 4265 Il
850 4220 897 4282 sp.
910 4197 962 4263 Ita
973 4199 1101 4283 quidem
1114 4201 1281 4264 voluerunt
1293 4197 1526 4283 Anabaptistae
1539 4200 1598 4277 illi,
1611 4220 1683 4281 quos
1700 4221 1752 4261 re·

295 4288 382 4352 futat
406 4289 609 4373 Ballioperaa
633 4288 696 4352 Lib.
723 4290 752 4352 3.
777 4309 800 4352 c.
822 4288 1191 4374 Aocboptiataaccp.10.
1217 4287 1301 4351 Ante
1316 4310 1433 4370 paitcos
1446 4311 1546 4354 annos
1558 4287 1661 4373 aliqua
1671 4287 1752 4349 satis
1871 4365 1872 4374 ἢ

296 4375 446 4460 frequens
458 4377 698 4459 peregrinorum
712 4375 854 4440 Ecclesia
867 4377 898 4438 in
912 4377 1028 4441 celebri
1040 4375 1128 4441 Urbe
1142 4376 1330 4440 Hollandiae
1344 4381 1538 4462 congregata
1551 4379 1582 4441 in
1596 4380 1696 4460 partes
1709 4375 1751 4438 ob
1871 4375 1872 4428 i
