3668 4856
261 327 372 394 Tanau.
395 327 452 396 ΙΠ.
477 328 525 396 Da
548 328 752 395 Coavsnrraos
776 353 811 394 ar
834 329 980 396 0011111111.
1003 328 1128 396 Eccum.
1153 328 1223 396 Gir.
1248 331 1305 398 IX.
1454 331 1518 396 333

11 447 13 584 i
85 517 177 582 amnia
197 518 334 582 membra
353 518 478 584 ratione
495 518 620 583 unionis
639 521 662 585 01
682 517 967 584 confoederationis
987 517 1229 584 Ecclesiasticus
1249 518 1328 604 (sive
1355 516 1519 600 capitatim

11 603 14 688 l
83 605 276 691 suffragando,
297 608 363 672 sive
380 630 436 692 per
456 608 682 691 antecessores)
695 609 907 672 determinant
918 607 1053 672 membri
1066 607 1199 692 alicujus
1211 607 1450 690 correptionem,
1463 611 1520 672 aut

11 689 13 748 l
84 694 161 780 [pag.
182 695 271 782 220]
286 696 640 762 excommunicationem
652 721 659 772 ;
671 697 797 762 tollitur
808 697 1022 762 membrorum
1035 696 1221 779 aequalitas
1238 699 1261 763 dr
1273 696 1401 774 01111χὴ
1416 717 1452 760 ac
1464 696 1519 760 do-

83 785 196 848 minatio
208 785 433 850 introducitur:
451 785 687 870 Consequenter
698 807 791 851 nemo
804 785 966 852 tenebitur
979 787 1086 850 audire
1095 786 1282 864 Ecclesiam,
1291 788 1401 848 contra
1410 785 1519 850 Mattb.

84 873 127 938 18.
144 895 167 938 11
189 875 236 938 15.
257 879 313 939 ant
327 873 454 939 obedire
466 874 656 959 praepositis
668 875 743 954 saie,
760 879 869 940 contra
881 875 954 940 ch.
971 875 1022 939 13.
1034 896 1063 940 a.
1079 875 1128 939 17.
1152 873 1218 941 Ubi
1233 875 1313 938 hanc
1325 895 1519 957 consequen-

81 961 149 1026 tiam
157 963 350 1048 negaverint,
362 963 411 1028 uti
422 985 540 1048 negare
552 964 685 1028 debent:
699 964 851 1029 videbunt
861 985 918 1028 nos
934 967 1018 1028 recte
1031 986 1174 1049 negasse.

118 1051 141 1135 fi.
153 1053 180 1117 2.
203 1050 244 1117 11.
271 1053 394 1135 01111111.
417 1053 467 1118 Aa
485 1053 604 1131 abrasis,
620 1073 675 1118 sea
697 1053 968 1137 correspondente
982 1051 1321 1119 casaromaniana
1334 1051 1518 1131 iactassem,

81 1139 113 1204 sit
123 1141 218 1206 licita?
243 1143 330 1227 desp.
349 1139 545 1216 Quibusdam
558 1141 723 1227 regiminis
735 1142 837 1208 nostri
848 1164 913 1206 non
925 1142 1003 1206 satis
1016 1142 1134 1227 gnaris,
1147 1143 1252 1226 ipsum
1263 1163 1377 1206 nomen
1390 1163 1520 1208 exosum

82 1227 148 1292 luit:
163 1230 235 1294 adeo
248 1235 285 1296 ut
296 1230 429 1295 subinde
438 1231 554 1316 jugum
566 1231 646 1294 illud
658 1231 766 1296 classis
780 1230 1013 1296 intolerabilius
1037 1231 1176 1296 dicerent
1187 1230 1384 1296 hierarchica
1396 1231 1519 1314 episco-

80 1317 145 1400 pali.
155 1317 212 1384 Sed
224 1320 318 1406 longe
330 1319 497 1384 falluntur.
508 1318 634 1384 Nomen
646 1321 763 1399 classis,
777 1321 862 1404 quod
874 1321 1076 1404 appropriate
1089 1321 1126 1385 de
1137 1320 1396 1406 aggregatione&
1405 1319 1520 1386 unione

80 1404 277 1474 Ecclesiarum
300 1407 474 1474 vicinarum
498 1431 553 1472 seu
577 1408 671 1474 unius
683 1409 845 1474 districtus
858 1431 1058 1493 usurpamus,
1079 1432 1118 1474 ex
1130 1409 1199 1474 foro
1211 1411 1234 1476 a
1245 1431 1279 1473 re
1291 1409 1396 1472 navali
1409 1409 1520 1474 tradu-

80 1499 154 1561 ctum
165 1501 209 1564 est
220 1498 260 1562 ad
271 1497 458 1564 Ecclesiam.
484 1498 585 1564 Cicero
597 1519 655 1582 pro
666 1499 788 1563 Flacco:
809 1496 987 1576 ,Tributim
1000 1500 1022 1565 81
1036 1498 1238 1564 centuriatim
1250 1497 1416 1580 descriptis
1429 1494 1520 1562 Ordi-

83 1585 189 1664 ,nibua
201 1586 401 1666 classibus&
417 1586 608 1652 aetatibus.''
623 1587 739 1652 Ibidem
750 1587 949 1674 aliquamdiu
962 1599 1050 1670 post:
1069 1586 1156 1666 ,Hac
1168 1587 1267 1652 classe
1281 1588 1318 1652 M
1335 1588 1467 1652 crassas
1482 1586 1520 1652 at

83 1673 158 1749 ,Ena
177 1675 210 1740 in
232 1675 356 1755 Asiam,
365 1675 416 1740 his
426 1675 560 1740 navibus
573 1677 699 1741 flaccus
715 1699 753 1742 ex
765 1675 844 1742 Asia
857 1676 890 1740 in
909 1675 1125 1741 Macedoniam
1135 1675 1333 1760 navigavit.”
1358 1673 1520 1750 Quomodo

79 1783 179 1828 nomen
196 1763 357 1829 Ecclesiae
376 1786 414 1828 ex
430 1762 499 1828 foro
510 1766 692 1830 traductum
704 1769 752 1830 est
763 1766 803 1847 ad
814 1766 1031 1830 collectionem
1044 1765 1196 1830 fidelium.
1221 1763 1255 1829 Si
1268 1765 1319 1828 cui
1332 1786 1446 1829 nomen
1458 1785 1521 1829 non

79 1853 191 1932 undet,
202 1857 333 1918 vocetur
341 1853 569 1939 presbyterium
582 1854 643 1940 (uti
654 1854 688 1918 in
701 1854 852 1919 Ecclesiis
864 1852 1009 1937 Scoticis)
1018 1858 1075 1919 aut
1086 1855 1270 1942 synedrium
1282 1875 1338 1918 seu
1347 1875 1521 1932 consessus,

78 1941 185 2022 qnodin
195 1941 348 2008 Ecclesiis
360 1941 502 2020 Scoticis,
515 1943 725 2007 distinctionis
738 1947 842 2021 causat,
856 1943 991 2028 collegio
1004 1947 1237 2008 antecessorum
1249 1942 1450 2027 particularis
1462 1941 1522 2008 Ec·

79 2029 177 2095 clasiae
196 2031 375 2116 applicant:
397 2035 453 2096 aut
474 2033 711 2097 scrutator-ium:
732 2036 788 2097 aut
808 2033 990 2098 canalium:
1012 2037 1068 2098 aut
1086 2043 1271 2098 conuentus:
1298 2035 1354 2096 aut
1370 2031 1520 2118 synodus.

79 2114 203 2184 ludisnt
222 2121 275 2185 hic
293 2119 452 2185 eruditiss.
474 2143 567 2186 snum
587 2121 772 2206 popularem
794 2123 970 2187 Parlcrum
985 2121 1035 2189 lib.
1054 2124 1083 2186 3.
1112 2123 1150 2186 de
1173 2121 1304 2206 politica
1315 2119 1436 2186 Eccles.
1453 2141 1520 2207 cap.

79 2207 123 2272 rt.
148 2208 349 2288 ,Ecclesiam
369 2209 485 2294 inquit,
507 2211 614 2275 Malta.
638 2211 687 2274 18.
702 2211 752 2274 vel
763 2211 914 2295 synodum
929 2233 1001 2276 cum
1013 2211 1164 2278 Sattiains
1180 2209 1459 2276 tumDownamas
1471 2211 1521 2276 in-

82 2303 319 2381 ,terpretanturt
331 2319 408 2384 ergo
420 2299 470 2364 val
483 2321 522 2362 ex
534 2299 674 2383 ipsorum
686 2299 953 2365 hierarchicarum
962 2300 1080 2385 judicio
1092 2300 1277 2365 mandatum
1295 2323 1313 2363 a
1326 2298 1453 2364 Christo
1465 2321 1522 2384 pro

82 2385 223 2462 ,classicis
235 2388 442 2453 conventibus
455 2388 671 2452 manifestum.
683 2387 766 2463 Quid
779 2389 880 2453 enim?
894 2388 946 2452 Au
959 2411 1021 2454 nou
1035 2390 1144 2454 classis
1157 2389 1268 2473 synodi
1281 2389 1437 2473 quaedam
1449 2411 1522 2473 spe·

82 2475 149 2550 ‚cies
164 2481 250 2544 est?”
260 2475 359 2541 Recte
371 2499 455 2541 sane.
479 2476 525 2542 Ut
537 2478 622 2542 enim
639 2478 775 2558 synodus
787 2478 1010 2543 Ecclesiastica
1022 2483 1071 2544 est
1083 2478 1241 2564 generalis
1254 2499 1309 2542 sen
1322 2477 1522 2542 oecumenica

78 2567 121 2642 (ex
138 2563 287 2632 Ecclesiis
307 2565 393 2630 orbis
412 2588 466 2630 seu
488 2565 614 2650 imperii
631 2563 768 2632 Romani
786 2568 917 2650 coacta),
930 2566 1122 2646 Nationalia
1135 2567 1315 2652 regionaria
1327 2589 1383 2632 seu
1394 2567 1523 2651 procin-

78 2652 169 2732 cialis3
191 2656 236 2720 sic
252 2655 349 2719 etiam
365 2654 581 2734 districtualis,
594 2677 690 2740 qnam
702 2677 759 2720 uos
771 2657 900 2721 classem
912 2658 1120 2740 appellamus.
1144 2655 1246 2722 Sicuti
1264 2655 1338 2720 unio
1354 2655 1522 2721 &societas

78 2740 237 2827 imperialis
257 2744 291 2809 in
311 2743 444 2828 imperio
460 2743 611 2808 hodierno
625 2742 985 2824 Romano-Germanico,
1003 2748 1026 2812 01
1038 2744 1166 2811 comitia
1178 2745 1245 2828 ejus
1258 2744 1436 2828 imperialia
1449 2749 1523 2810 sunt

78 2832 203 2912 politica,
231 2835 255 2899 01
266 2831 474 2898 nihilominus
486 2833 637 2918 cujusque
649 2833 812 2914 territorii,
829 2838 885 2898 aut
897 2836 1095 2917 quorundam
1108 2835 1326 2914 comitatuum,
1339 2839 1396 2898 aut
1408 2833 1524 2898 libera·

79 2941 137 2986 mm
155 2922 322 2988 civitatum
346 2921 570 3006 imperialium,
590 2926 645 2988 aut
666 2923 831 2988 civitatum
859 2921 1083 2988 Ansaticarum
1110 2923 1185 2988 unio
1201 2923 1369 2988 &societas
1382 2926 1431 2987 est
1444 2923 1524 3006 poli-

77 3009 139 3090 tea,
150 3033 321 3096 eommque
333 3014 504 3076 conventus
516 3012 539 3077 01
552 3011 683 3076 comitia
695 3015 768 3077 sunt
785 3013 927 3096 politica.
995 3061 1000 3068 .

113 3100 138 3184 0.
161 3102 191 3164 3.
215 3099 275 3166 ΙΙΙ.
301 3101 424 3182 Quaem
447 3101 500 3165 Aa
518 3101 606 3176 unio,
622 3102 810 3179 communio,
826 3098 857 3166 d:
866 3112 1000 3186 potestas
1014 3101 1186 3190 synodalis,
1198 3113 1254 3167 aut
1265 3101 1401 3179 classica,
1414 3103 1525 3188 quaed

78 3188 153 3254 aaa
170 3187 331 3268 statuitur,
355 3189 454 3273 privet
474 3190 624 3254 Ecclesiae
643 3191 850 3274 particulares
878 3193 937 3256 sud
953 3192 1103 3278 cujusque
1114 3191 1241 3268 anione,
1254 3189 1525 3269 curacensibus&

76 3289 208 3360 potestate
219 3278 439 3346 Eccbaasticd.
457 3280 548 3362 Hesp.
561 3277 644 3363 Neg.
656 3301 759 3361 neque
771 3279 856 3344 enim
867 3280 1025 3363 privativa
1038 3283 1086 3344 est
1096 3283 1237 3363 potestas
1249 3279 1419 3362 synodalis,
1429 3299 1525 3363 quam

77 3385 124 3431 uos
135 3369 260 3452 synodis
280 3366 462 3444 tribuimus,
475 3369 530 3432 sed
542 3367 746 3432 cumulatius.
759 3367 905 3433 Potestas
917 3369 1119 3454 Episcopalis
1130 3369 1164 3432 in
1176 3367 1301 3452 Papatu
1313 3367 1489 3452 Episcopis,
1502 3369 1526 3434 dt

79 3451 259 3522 Pontificalis
272 3455 482 3520 archiflamini
493 3454 637 3520 Romano
649 3455 781 3535 tributa,
795 3461 842 3521 est
854 3459 926 3522 vere
939 3458 1106 3542 privativa:
1119 3457 1326 3540 quiaomuem
1336 3460 1525 3541 potestatem

78 3541 320 3612 materiariam
332 3549 399 3610 tam
415 3544 580 3630 regiminis
591 3567 686 3628 quam
696 3545 936 3629 jurisdictionis,
950 3569 1046 3630 supra
1058 3569 1167 3612 omnes
1181 3546 1339 3610 Ecclesiae
1352 3546 1524 3628 particula·

78 3651 117 3698 res
138 3635 228 3722 [pag.
244 3633 336 3719 230]
361 3633 481 3717 topicas
499 3633 591 3698 istius
614 3634 783 3699 dioecesios
800 3657 854 3699 seu
878 3637 1030 3700 territorii
1043 3635 1231 3720 episcopalis
1244 3639 1339 3720 (quae
1356 3635 1525 3717 aliquando

76 3727 140 3788 runt
159 3727 223 3788 200
248 3728 306 3788 aut
328 3723 392 3788 300
417 3722 445 3787 si
465 3722 660 3807 conplures)
673 3723 707 3786 in
722 3746 821 3788 unum
834 3724 1013 3808 episcopum
1027 3725 1238 3801 contrahunt3
1255 3723 1406 3788 Ecclesiis
1419 3723 1525 3808 subje-

76 3811 125 3874 cti·
148 3837 204 3879 nac
218 3813 325 3878 volam
337 3833 394 3876 nec
406 3811 577 3896 vestigium
590 3813 758 3896 potestatis
771 3813 833 3876 sibi
841 3814 912 3897 jure
925 3813 1031 3878 divino
1044 3813 1252 3897 competentis
1265 3813 1458 3896 relinquunt.
1482 3811 1527 3878 Et

76 3919 99 3963 11
147 3903 176 3967 in
190 3902 280 3986 Papa
292 3901 359 3966 solo
372 3904 562 3984 potestatem
573 3899 831 3966 Ecclesiasticam
842 3903 1075 3967 monarchicam
1086 3903 1222 3966 residere
1229 3903 1431 3980 contendunt,
1441 3901 1525 3986 ipse·

76 4009 99 4070 qr
143 3992 204 4058 ribi
224 3997 379 4074 tanquam
407 3988 526 4054 Christi
555 3989 671 4054 vicario
697 3991 796 4054 talem
808 3994 1000 4073 potestatem
1017 4013 1114 4075 supra
1126 4013 1234 4056 ornnes
1246 3991 1416 4065 Ecclesias,
1429 4013 1525 4075 supra

77 4097 99 4141 a
140 4103 172 4147 as
183 4081 284 4146 totius
297 4078 673 4162 orbispastorestribuit,
687 4079 710 4144 81
722 4079 790 4162 ipse
803 4080 846 4143 sit
861 4080 1017 4144 catholica
1029 4080 1172 4144 Ecclesia
1185 4079 1329 4144 virtualis
1342 4080 1403 4165 (uti
1413 4079 1526 4144 asserit

78 4165 99 4232 0
151 4169 294 4250 rmiaus)
315 4167 472 4251 idemque,
489 4167 582 4252 juxta
597 4167 794 4247 canonistas,
811 4170 968 4255 synodum
983 4170 1078 4253 saciat
1089 4170 1282 4254 peraratas.-
1295 4167 1439 4252 sequitur
1451 4169 1526 4232 reli-

76 4277 99 4340 qr
164 4258 371 4325 Ecclesiasa
397 4256 486 4340 Papa
513 4258 536 4322 81
558 4257 714 4342 episcopis
739 4256 911 4341 Papalibus
932 4258 1080 4338 insessas,
1101 4281 1236 4343 pressas,
1261 4257 1447 4342 expoliatas,
1461 4258 1526 4323 illis

76 4367 99 4409 cs
154 4350 258 4414 instar
280 4345 421 4431 ingentis
446 4347 468 4410 0
493 4345 638 4410 informis
650 4347 764 4421 trunci,
777 4351 832 4411 aut
844 4346 945 4411 instar
957 4348 1074 4427 ovium,
1090 4347 1198 4426 boum,
1215 4347 1399 4432 &pecorum
1412 4346 1525 4432 campi.

77 4431 99 4510 0
151 4436 285 4501 ertebac
300 4435 403 4500 ordini
416 4435 602 4519 &potestati
616 4435 761 4518 synodali
772 4435 930 4500 adversati
943 4441 1026 4517 sunt,
1040 4457 1205 4520 perperam
1223 4459 1291 4501 eam
1306 4441 1525 4520 conceperunt,

1374 4528 1526 4610 tanquam
