3736 4860
305 285 347 348 92
675 285 834 352 Poniricnc
851 287 1100 352 aceresia-uera
1127 288 1208 352 Pius
1222 287 1248 352 Ι.
1272 286 1337 352 Iun.
1362 287 1404 352 ll.

307 501 407 562 quens
431 482 489 554 est,
515 478 546 540 in
571 477 700 560 templis
725 477 917 561 organizatis
944 479 1038 559 (quare
1052 476 1202 559 pauciora
1214 475 1321 558 sunt);
1339 476 1394 538 sed
1406 475 1494 540 nullo
1508 476 1602 539 modo
1614 475 1761 558 appendix

307 566 411 632 cultus
435 566 566 650 publici,
590 567 656 630 sive
680 566 720 629 ad
744 589 822 644 esse,
850 565 916 629 sive
928 567 968 628 ad
981 565 1061 628 llene
1074 587 1142 628 esse
1155 587 1216 628 non
1229 565 1333 650 magis
1348 587 1444 648 quam
1456 563 1717 648 proclamationes
1730 565 1762 626 de

307 655 402 720 rebus
415 659 438 722 u
450 655 587 739 negotiis
601 655 738 738 politicis
751 659 847 737 atque
860 654 1069 718 oeconomicis
1080 676 1136 737 per
1149 653 1325 732 Praetores,
1339 652 1542 732 Secretarios,
1557 653 1762 736 Apparitorcs,

308 743 458 808 Cursores
483 744 515 807 iu
539 742 681 826 Templis
695 742 830 827 agrariis
843 743 952 806 statim
970 745 1040 826 post
1053 743 1235 806 absolutum
1248 743 1366 807 cultum
1386 743 1549 825 publicum
1561 743 1632 805 fieri
1644 742 1763 813 solitam

309 837 365 896 aut
389 855 484 916 quam
511 832 783 896 deambulationes
807 833 1006 916 quorundam
1019 855 1191 914 paucorum
1204 832 1355 910 virorum,
1369 835 1425 895 aut
1441 831 1684 896 discursatioues
1695 853 1764 914 qua

309 922 443 986 rundam
467 922 653 999 Puerorum,
667 921 698 984 in
713 921 824 985 iisdem
839 920 981 1003 Templis
998 920 1180 998 (llumiaae
1194 921 1278 984 euim
1290 944 1348 986 nec
1362 921 1564 996 ambulando,
1582 943 1641 984 nec
1654 920 1764 996 stando,

309 1032 366 1074 nec
390 1011 536 1087 sedendo,
563 1033 620 1073 nec
632 1010 813 1074 cursitando
826 1032 883 1093 per
895 1009 1041 1092 Templa,
1056 1009 1207 1093 putatitio
1221 1010 1269 1074 illi
1282 1010 1392 1085 cultui,
1406 1013 1463 1074 aut
1475 1009 1648 1094 putatitiae
1659 1007 1706 1072 illi
1716 1031 1765 1090 ap-

310 1101 434 1183 pendici
446 1099 540 1164 cultis
554 1099 672 1182 publici
687 1103 836 1164 interesse
850 1099 977 1182 solent):
990 1123 1029 1163 ne
1043 1099 1119 1183 quid
1132 1099 1234 1164 dicam
1248 1101 1338 1185 [pag.
1354 1099 1435 1186 595]
1449 1100 1486 1163 de
1499 1099 1696 1183 quorundam
1705 1097 1766 1160 istic

311 1189 546 1253 ambulantium
570 1188 779 1272 templaribus
804 1188 1128 1264 confalmlationibus,
1152 1211 1245 1271 saepe
1270 1189 1350 1252 nihil
1364 1189 1579 1271 minusquam
1593 1188 1766 1251 cultumsa·

311 1301 400 1341 crum
412 1283 468 1342 aicit
481 1279 549 1361 ejus
565 1278 771 1360 appendicum
784 1277 1009 1341 redolentibus.
1024 1275 1125 1360 Atqui
1138 1278 1176 1340 dc
1190 1277 1247 1340 tali
1262 1279 1442 1360 pulsatione
1457 1277 1577 1362 passim
1591 1277 1623 1339 in
1637 1274 1766 1359 Templis

311 1365 387 1445 illis,
404 1367 460 1430 irbi
472 1368 602 1450 Organa
614 1365 783 1444 habentur,
799 1367 919 1430 usitata
933 1388 991 1450 ego
1004 1370 1079 1429 tunc
1095 1367 1249 1450 agebam:
1263 1389 1325 1430 non
1344 1371 1451 1431 autem
1468 1367 1506 1430 de
1520 1367 1577 1431 ilat
1590 1364 1766 1447 pulsatione,

311 1479 392 1538 (pirae
415 1459 496 1522 inlcr
519 1457 623 1540 ipsum
644 1456 762 1522 ccillum
778 1457 840 1540 (uti
858 1457 1021 1539 loquitur„
1034 1478 1071 1520 ca
1081 1457 1219 1541 pirric-ruli
1228 1467 1390 1540 prrcccccplo
1411 1455 1506 1520 Paulli
1525 1457 1552 1517 l.
1570 1454 1705 1519 Cariath.
1723 1454 1765 1515 u.

312 1549 364 1610 48.
389 1558 575 1630 aucupatur.
601 1544 713 1608 Talem
729 1568 789 1626 ego
803 1545 917 1608 nullibi
933 1550 1009 1609 turm
1021 1545 1234 1609 introductam
1248 1545 1398 1622 sciebam,
1411 1567 1468 1608 nec
1480 1544 1623 1607 divinare
1636 1547 1765 1626 poteram

313 1657 395 1698 arcuo
410 1637 471 1697 ltu
480 1644 504 1714 l,
518 1635 550 1699 iu
559 1635 695 1700 Ciuitate
708 1635 816 1719 aliqua
828 1634 1019 1699 Hollaudiae
1033 1635 1164 1698 eandem
1177 1635 1316 1718 primum
1331 1633 1602 1698 introducendam.
1613 1632 1767 1695 Praeterea

313 1725 387 1789 talis
407 1725 547 1808 pulsatio
572 1723 693 1808 Organi
717 1725 755 1788 ad
780 1725 948 1808 invalidam
966 1723 1185 1806 psalmodiam,
1200 1723 1327 1806 cpralem
1340 1746 1396 1806 per
1409 1722 1644 1804 ignorationem
1658 1718 1766 1784 elenchi

314 1819 422 1880 contra
445 1837 547 1879 meam
565 1814 771 1878 assertionum
794 1813 893 1877 otiose
906 1813 1073 1876 defendere
1087 1812 1197 1890 volarit,
1211 1835 1273 1876 nou
1290 1812 1358 1876 sine
1371 1813 1485 1890 ἀκρισίᾳ
1498 1813 1521 1877 la
1533 1809 1766 1876 contradictione

314 1909 419 1988 potest
442 1904 504 1968 dici
519 1904 681 1988 appendia
693 1903 797 1966 cultus
810 1902 939 1984 publici,
954 1924 1025 1965 cum
1040 1903 1120 1966 iuter
1134 1903 1240 1985 ipsam
1251 1904 1372 1966 callam
1385 1901 1467 1985 (ipso
1479 1900 1526 1964 sic
1538 1898 1765 1969 determinante,
1847 1969 1848 1974 γ

314 1997 337 2060 a
361 1994 556 2077 experientia
580 1996 729 2070 testante)
758 2004 938 2076 aucupetur.
952 1991 1029 2066 (luis
1044 1991 1124 2055 ritus
1137 2013 1253 2068 sacrae,
1266 1994 1322 2054 aut
1334 1989 1564 2054 ecclesiasticos
1577 1988 1713 2051 moribus
1724 2008 1766 2048 re·

314 2087 430 2166 captos,
456 2087 512 2146 aut
536 2082 725 2146 rmturaliter
737 2081 939 2159 necessarios,
953 2080 985 2142 in
1001 2079 1191 2163 precatione,
1204 2079 1292 2143 verbi
1307 2078 1552 2160 praedicatione,
1565 2079 1765 2141 sacramento·

316 2195 385 2235 rum
411 2171 685 2235 administratione
706 2169 876 2249 adhibitos,
891 2193 948 2232 usu
963 2173 1045 2234 recte
1060 2169 1258 2252 loquentium
1271 2167 1509 2251 'theologorum
1524 2166 1650 2230 vocabit
1660 2184 1766 2249 uppal-

316 2261 406 2338 diccs,
431 2260 496 2324 sive
521 2261 561 2324 ad
585 2283 664 2336 esse,
688 2260 753 2324 sive
767 2259 806 2322 ad
818 2260 898 2322 bene
912 2283 979 2322 esse
993 2258 1097 2322 cultus
1111 2257 1231 2341 publici
1244 2257 1459 2320 necessarias?
1472 2255 1611 2319 Antores
1625 2255 1716 2318 latine
1727 2253 1768 2314 lo·

317 2352 460 2434 orientes,
474 2349 680 2432 appendicem
694 2351 856 2431 exponunt
867 2371 924 2430 per
935 2348 1187 2412 additamentam
1200 2348 1223 2410 lt
1235 2347 1445 2419 corollarium,
1459 2343 1675 2420 lureconsulti
1686 2341 1768 2406 tabu·

317 2439 364 2500 las
388 2437 587 2502 substitionis
613 2441 725 2502 vocant
748 2438 933 2520 apperuliccs
957 2436 1169 2500 institutionis
1193 2458 1230 2499 ex
1243 2437 1276 2499 L.
1292 2437 1344 2500 35.
1358 2435 1395 2498 cle
1407 2434 1536 2518 Aequi-cn
1549 2433 1671 2497 lracrcd.
1685 2430 1768 2494 iidem
1847 2447 1848 2450 ’

317 2528 493 2614 coctiliciam
506 2529 589 2612 quod
603 2527 695 2590 alteri
709 2527 928 2611 adjungitur&
941 2526 1032 2610 quasi
1045 2524 1236 2608 appenditur
1248 2527 1362 2588 vireant
1373 2523 1586 2608 appendicem.
1597 2517 1770 2601 Philosophi

316 2617 519 2702 raprcculiccru
544 2621 707 2699 exponunt
734 2639 790 2698 per
812 2616 1025 2692 corollarium,
1051 2615 1135 2697 clirod
1157 2613 1327 2696 principali
1343 2612 1579 2688 adclitur3item
1592 2609 1771 2693 peroddila·

318 2718 458 2770 rrccruuru
479 2729 533 2768 seu
547 2706 759 2770 accessionem.
774 2704 981 2770 Grccrnmatici
994 2703 1139 2767 nonrmlli
1152 2701 1312 2784 accipiunt
1323 2724 1380 2785 pro
1393 2701 1633 2784 ucljccliauculd,
1647 2698 1773 2765 balacr—
1847 2753 1848 2780 3

318 2796 500 2861 ratiuncula
523 2795 631 2876 aliqua
651 2795 691 2858 ad
714 2794 870 2878 regulam,
894 2797 950 2857 aut
973 2816 1030 2876 pro
1042 2793 1192 2857 auctario.
1210 2790 1273 2855 Sed
1285 2791 1373 2854 nulla
1386 2791 1461 2854 talis
1474 2788 1667 2872 significatio
1680 2785 1774 2870 aptari

319 2888 423 2967 potest
446 2884 618 2968 pulsationi
633 2882 764 2966 Orguni,
777 2889 839 2966 qud
854 2881 1038 2965 psalmodia,
1053 2882 1085 2944 iu
1098 2881 1189 2946 initio
1202 2880 1306 2944 cultus
1320 2879 1450 2962 publici,
1464 2879 1487 2943 dr
1499 2877 1644 2961 proxime
1658 2881 1728 2939 ante
1742 2875 1774 2936 li-

318 2995 392 3037 nem
416 2973 566 3056 ejusdem,
587 2972 718 3054 juvatur
730 2995 766 3035 ac
779 2972 937 3055 dirigitur.
952 2969 1055 3033 Multo
1067 2970 1172 3034 ruinas
1185 2969 1246 3033 dici
1260 2973 1366 3052 potest
1378 2970 1584 3052 praecautum
1597 2965 1775 3029 Praeceuta·

319 3062 362 3125 ris
387 3085 454 3126 esse
479 3061 685 3146 appendicem
699 3062 802 3124 cultus
819 3060 949 3143 publici,
964 3063 1020 3123 aut
1032 3059 1166 3142 alicujus
1180 3059 1289 3141 partis,
1303 3057 1498 3141 psalmodiae
1512 3055 1581 3120 scil.
1594 3052 1775 3120 ecclesiasti·

319 3173 390 3226 cae;
413 3173 486 3214 cum
509 3150 631 3232 inipso
655 3150 743 3213 cultu
767 3171 855 3213 sacro
878 3148 1051 3232 praecinat,
1075 3147 1378 3212 &ecrndemcultum
1391 3167 1448 3229 pro
1461 3148 1622 3227 sirtparte
1635 3145 1776 3227 pemgat;

319 3239 396 3322 quin
421 3241 444 3304 a
467 3242 654 3322 praecentus
682 3239 748 3320 ejus
777 3239 819 3302 sit
833 3237 1028 3320 psalmodiae
1042 3237 1188 3321 publicae
1205 3235 1395 3320 recpiisitum
1408 3233 1670 3318 praecedaneum,
1683 3231 1777 3314 Orga·

320 3351 406 3404 iruna,
420 3327 570 3405 mallium,
584 3329 607 3392 a
623 3327 719 3390 simul
731 3349 821 3409 pars:
836 3326 992 3411 (piiomodo
1004 3327 1070 3390 fere
1083 3347 1196 3390 manus
1209 3325 1348 3389 hominis
1361 3322 1527 3388 Aristoteli
1540 3322 1564 3386 lt
1577 3344 1651 3404 pars
1673 3320 1777 3384 dicitur

321 3419 343 3482 t
367 3414 490 3490 ὄργανον
501 3415 640 3490 ὁργάνων.
660 3413 760 3479 Sicuti
776 3438 889 3480 manus
902 3416 1037 3478 absurde
1050 3415 1208 3479 diceretur
1220 3413 1388 3498 appendix,
1400 3415 1424 3478 lc
1436 3415 1625 3495 praecentus
1639 3409 1778 3474 Praecen·

321 3505 399 3569 toris
412 3504 568 3587 appendix
582 3504 775 3587 psalmodiae
789 3504 944 3586 publicae,
957 3504 1088 3587 ipseque
1101 3508 1297 3587 praecentor,
1317 3501 1465 3566 Minister
1489 3499 1719 3564 ecclesiasticus
1733 3517 1780 3579 ap·

321 3593 464 3677 pendicis
487 3594 590 3658 cultas
615 3592 751 3676 publici:
776 3593 821 3656 sic
838 3593 935 3656 etiam
948 3591 1120 3674 Organista
1133 3593 1283 3677 organico
1295 3595 1390 3656 cautu
1404 3589 1615 3673 psalmodiam
1627 3586 1779 3652 Ecclesiae

321 3682 472 3766 dirigens,
496 3685 519 3748 lc
542 3685 695 3765 tanquam
708 3682 838 3758 Ductor,
852 3681 1042 3760 Moderatus,
1057 3681 1257 3760 Antecessor,
1270 3703 1365 3744 caiisa
1381 3679 1585 3762 procreans&
1599 3695 1780 3742 conservans

321 3773 452 3834 candem
466 3771 617 3848 efficiens,
634 3768 781 3833 Minister
801 3771 1031 3834 ecclesiasticus
1044 3770 1227 3853 appendicis
1239 3772 1344 3835 cultus
1357 3768 1487 3852 publici,
1501 3789 1564 3830 non
1578 3767 1641 3830 nisi
1653 3763 1780 3829 absurde

322 3859 384 3923 dici
406 3859 526 3944 nequit.
551 3858 618 3922 Nec
643 3859 741 3922 etiam
765 3860 1009 3937 caretabsurdo,
1023 3860 1106 3942 qriod
1126 3858 1341 3922 Praeceptoris
1357 3856 1573 3920 ministerium
1589 3853 1782 3938 componitur

322 3969 393 4010 crim
408 3948 583 4010 ministerio
596 3947 762 4011 (lanicidac
775 3951 797 4014 dc
810 3947 949 4011 (lstircrii.
962 3947 1021 4011 Ille
1034 3971 1070 4012 en
1076 3948 1118 4010 im
1130 3949 1271 4012 officium
1284 3948 1444 4012 internum
1456 3945 1574 4008 directe
1593 3967 1630 4007 ac
1647 3939 1781 4008 formali-

324 4041 373 4100 ter
397 4059 521 4100 sacrum
545 4039 567 4102 tr
592 4037 849 4116 ecclesiasticum,
865 4060 922 4119 pro
945 4041 1002 4099 sua
1015 4041 1105 4119 parte
1117 4037 1261 4119 peragit3
1275 4036 1329 4100 isti
1342 4057 1414 4098 vero
1428 4057 1552 4097 merum
1566 4035 1781 4102 extrinsecum,

325 4124 408 4187 circa
432 4125 552 4187 (uultum
570 4125 744 4207 publicum,
758 4126 946 4189 renioveudo
959 4125 1025 4188 scil.
1039 4127 1079 4188 ab
1093 4125 1148 4187 illo
1161 4126 1435 4208 impedimentum.
1449 4123 1541 4186 lllius
1557 4145 1640 4206 opus
1657 4126 1703 4186 est
1718 4119 1783 4182 for·

327 4211 454 4275 maliter
467 4235 591 4275 sacrum
608 4214 900 4292 aecclesiasticum,
923 4215 1019 4277 etiarm
1033 4238 1106 4297 pars
1119 4215 1224 4278 cultus
1237 4213 1374 4298 publici3
1390 4213 1523 4276 istorum
1538 4212 1681 4275 minime.
1698 4205 1784 4272 Deni-

327 4322 388 4382 que
401 4299 567 4363 Oauicidae
580 4303 806 4383 cornpesccutis
819 4303 970 4366 latratum
984 4306 1141 4382 crinium&
1154 4303 1285 4368 Ostiarii
1298 4301 1470 4386 aperientis
1480 4301 1571 4386 [pag.
1583 4300 1666 4386 596]
1675 4297 1785 4363 ostium

327 4387 464 4476 Templi,
489 4391 524 4450 ut
547 4387 700 4452 Homines
713 4390 778 4458 illic
790 4413 879 4458 sacra
891 4413 1044 4479 peragere
1057 4391 1185 4478 illisque
1197 4393 1349 4458 iuteresse
1363 4390 1495 4480 possint,
1509 4413 1573 4455 non
1586 4391 1718 4474 possunt
1728 4382 1786 4484 dici

1695 4473 1786 4546 Mun.
