3768 4842
303 279 378 348 hl
551 279 664 349 Plus
698 279 723 350 I.
759 277 828 375 Da!
853 275 1052 349 Osraoro
1087 277 1234 350 Ponrr.
1274 277 1397 350 Ecca.
1429 277 1517 351 Irra.
1554 277 1578 353 l.

187 506 200 533 ι
334 493 460 541 coenae.
471 473 560 556 llesp.
572 473 644 560 Nep.
653 470 778 548 Quodsi
792 471 875 536 enim
887 469 1014 554 publice
1026 471 1136 555 populi
1149 491 1318 536 consensus
1327 494 1384 557 per
1392 472 1556 537 silentium
1564 473 1769 557 exploratum
1782 475 1813 541 tr

335 559 506 626 Foeminae
514 563 607 646 juxta
616 584 687 626 cum
695 558 783 625 Viris
796 559 927 625 audiant
936 561 958 626 dr
967 563 1102 639 taceant,
1112 581 1175 625 non
1183 567 1342 646 repugnat
1351 565 1519 646 praecepto
1527 561 1729 647 Apostolic03
1739 585 1811 628 neo

334 635 431 716 atiiuu
440 651 467 715 si
475 649 547 714 Viri
556 651 709 735 suffragia
717 649 821 735 rogati
829 647 956 732 publica
965 649 1121 733 loquendo
1131 649 1305 729 conferant,
1315 651 1495 716 tacentibus
1504 650 1674 716 Foeminis.
1685 651 1808 736 Atque

335 737 395 805 hoo
404 740 620 824 respondenda
628 737 850 823 Ecclesiisjam
859 738 1376 832 constitutisintegrislaorgauice
1385 739 1700 820 ordinatis.2.Curus,
1710 740 1807 816 Quid

334 825 514 894 faciendum
522 851 593 893 cum
603 827 999 924 Christiapiquidamnove
1009 829 1161 906 conversi,
1170 813 1225 892 aui
1233 828 1341 894 fideles
1349 829 1805 896 existentesininsulamtem·

335 922 457 1002 pestate
468 918 577 996 delati,
591 921 646 1000 aut
654 917 809 982 violenter
817 916 976 1000 deportati
982 917 1055 996 sint,
1065 918 1232 1001 interquos
1241 918 1322 982 nulli
1328 916 1410 997 Viri,
1419 923 1476 983 aut
1482 919 1508 982 si
1519 919 1573 1002 qui
1581 917 1712 998 fuerint,
1721 941 1803 984 om-

334 1029 389 1072 nes
405 1011 496 1091 peste
504 1007 633 1086 mortui,
642 1005 834 1090 autpauculi
845 1005 905 1086 illi,
918 1006 973 1090 qui
985 1004 1067 1070 forte
1080 1007 1249 1091 supersint,
1263 1029 1326 1071 non
1333 1007 1445 1072 norint
1458 1007 1565 1092 legere
1578 1011 1633 1072 aut
1649 1030 1802 1092 quocun-

334 1115 396 1180 que
407 1097 499 1161 modo
511 1097 605 1180 plane
617 1096 718 1190 inepti
730 1094 795 1160 sint
807 1095 846 1159 ad
861 1095 1103 1179 praelectionem
1121 1093 1313 1180 Scripturas,
1326 1095 1574 1175 &Humiliarnm
1588 1097 1626 1162 ad
1639 1098 1800 1181 parvulo-

333 1208 405 1250 rum
417 1189 440 1252 b
452 1185 578 1250 rudium
590 1184 887 1262 Catachizationem,
900 1184 978 1248 item
990 1184 1030 1247 ad
1040 1189 1174 1268 preces?
1191 1185 1281 1268 Hesp.
1294 1183 1332 1250 In
1344 1186 1552 1250 conventibus
1563 1187 1728 1270 ejusmodi,
1746 1187 1797 1252 si-

334 1273 461 1358 quidem
499 1279 626 1359 praeter
658 1273 855 1342 domesticos.
891 1272 1105 1338 anlesiastici
1143 1277 1199 1338 aut
1231 1275 1322 1358 quasi
1355 1273 1570 1352 Ecclesiastici
1610 1274 1798 1340 habeantur

334 1365 429 1447 (quod
453 1387 493 1428 an
508 1364 577 1429 fieri
591 1363 714 1444 debeat,
728 1363 780 1427 hic
792 1385 855 1427 non
868 1362 1085 1446 disceptatur),
1096 1362 1178 1426 nihil
1194 1367 1281 1429 vetat
1294 1363 1436 1446 aliquam
1452 1385 1490 1428 ex
1503 1348 1663 1428 l'oeririnis
1676 1363 1796 1430 adhoc

333 1453 471 1519 maxima
488 1453 634 1518 idoneam
645 1453 829 1536 praelegere
845 1451 970 1535 quidex
986 1449 1159 1536 Scriptura,
1178 1474 1216 1515 ex
1228 1450 1332 1516 Libris
1349 1451 1540 1518 Concionum
1553 1455 1602 1519 &a
1626 1452 1797 1528 Quomodo

333 1540 367 1606 iu
384 1542 446 1626 piis
459 1541 590 1607 familiis
604 1546 622 1606 a
634 1541 792 1615 Matrihua
805 1540 945 1605 familias
957 1540 1017 1606 hoo
1029 1541 1098 1605 fieri
1114 1541 1205 1618 solet,
1218 1539 1272 1604 ubi
1285 1539 1529 1606 Paterfamilias
1545 1563 1609 1606 non
1620 1541 1719 1620 adest,
1733 1549 1796 1608 aut

334 1631 353 1694 ia
378 1631 544 1716 religione,
568 1633 591 1697 s
616 1631 736 1715 pietate
763 1631 886 1694 alienus
903 1632 960 1694 eet.
984 1627 1047 1694 Sed
1058 1631 1139 1694 tales
1152 1634 1241 1694 actus
1253 1634 1329 1694 tunc
1344 1651 1408 1695 non
1423 1635 1491 1695 tam
1503 1635 1596 1696 erunt
1610 1629 1798 1696 formaliter

333 1717 557 1800 Ecclesiasbci,
581 1742 677 1804 qnam
702 1719 932 1804 praeparatorii
955 1719 994 1782 ad
1007 1719 1224 1784 collectionem
1240 1719 1533 1784 &constitutionem
1545 1719 1716 1799 Ecclesiae,
1733 1726 1797 1786 aut

332 1807 546 1874 biterimistici
573 1832 609 1874 ac
633 1808 871 1892 provisionales,
884 1809 981 1872 donec
993 1807 1079 1873 Deus
1093 1809 1182 1894 [pag.
1197 1807 1256 1893 34]
1270 1808 1434 1874 meliorem
1446 1809 1641 1874 occasionem
1653 1809 1792 1875 dederit.

333 1895 415 1962 Vide
428 1919 509 1982 quae
522 1893 701 1964 notavimus
713 1898 779 1963 lib.
793 1899 824 1962 2.
836 1899 930 1980 Deap.
947 1896 1065 1964 Causae
1077 1899 1218 1981 Populea
1229 1893 1297 1968 secl.
1311 1899 1341 1962 2.
1357 1920 1382 1963 c.
1397 1898 1425 1962 7.
1449 1897 1494 1962 Et
1505 1899 1593 1974 adde,
1622 1899 1704 1982 quod
1716 1897 1796 1963 Pri·

332 1985 422 2053 scilla
434 1987 609 2052 instituerit
622 1987 738 2071 Apollo
748 1989 810 2052 Aet.
830 1987 882 2051 18.-
894 1985 946 2050 26.
964 1989 987 2052 h
1000 1987 1083 2070 quod
1094 1986 1127 2050 in
1142 1985 1181 2051 V.
1195 2009 1231 2050 ac
1244 1985 1285 2051 N.
1299 1985 1326 2049 Τ
1351 1985 1470 2051 fuerint
1482 1988 1639 2071 quaedam
1650 1988 1793 2072 prophe·

335 2075 441 2141 tissae.
465 2075 517 2140 Ad
539 2075 701 2141 hominem
712 2080 822 2156 ,posset
833 2075 906 2140 addi
925 2076 1066 2160 Legenda
1091 2077 1293 2159 Pupislornnn
1317 2035 1354 2140 ‹le
1375 2067 1415 2142 Ἠ.
1431 2077 1534 2142 Marici
1548 2079 1647 2142 Matre
1663 2075 1794 2157 Christi,

334 2187 430 2248 quam
452 2165 579 2251 fingunt
590 2165 688 2230 fuisse
705 2164 843 2230 Matrem
858 2163 1008 2243 familias,
1020 2163 1246 2242 Doctricem,&
1262 2163 1508 2230 Consolatricem
1523 2154 1793 2231 omniunlllccle-

287 2278 298 2309 ι
333 2253 462 2332 siarum,
475 2254 572 2319 etiam
584 2254 821 2338 Apostoloium.
845 2251 894 2317 lta
913 2253 1094 2320 zoaram
1107 2261 1136 2317 t.
1152 2275 1184 2337 p.
1197 2275 1249 2338 qn.
1263 2255 1316 2318 37.
1332 2255 1413 2338 disp.
1428 2256 1516 2320 Mt&
1535 2253 1795 2338 Coronensem

333 2343 369 2408 io
392 2346 492 2410 Actor.
509 2345 536 2408 l.
556 2344 607 2407 14.
621 2345 684 2410 &Z
698 2349 729 2408 4.
740 2365 772 2427 p.
787 2343 847 2406 27.
864 2341 929 2411 Ubi
941 2342 1040 2407 etiam
1052 2343 1197 2406 meminit
1209 2341 1418 2427 Apostolatns
1431 2341 1553 2408 Mariae
1566 2341 1791 2430 Magdalenae,

334 2453 415 2516 quea
438 2433 629 2514 praedicavit
641 2431 907 2497 Massiliensibus.
931 2431 1132 2496 Problemata
1144 2432 1182 2496 de
1195 2431 1356 2496 Foeminis
1364 2432 1432 2516 jam
1447 2433 1668 2511 determinato,
1680 2431 1791 2498 aduci-

332 2541 403 2587 mus
425 2521 504 2586 haec
520 2523 701 2606 sequentia:
729 2524 757 2585 1.
788 2521 960 2588 Mamertae.
985 2520 1168 2604 ltejicimus
1185 2542 1286 2605 nugas
1310 2520 1469 2596 iudaicae,
1495 2544 1577 2606 quae
1601 2521 1752 2586 Mulieres
1771 2528 1791 2587 a

247 2640 256 2659 ·
332 2611 489 2694 precibus,
512 2614 535 2678 tr
561 2611 718 2676 exercitiis
746 2611 843 2676 sacris
856 2614 951 2694 atque
965 2609 1196 2678 Ecclesiasticis
1210 2611 1394 2702 (sacundpm
1406 2611 1505 2694 ipsos)
1517 2611 1675 2680 immunes
1691 2633 1789 2696 prae-

332 2703 429 2770 stant.
444 2701 722 2786 BasilorllSynap.
731 2700 802 2765 lad.
815 2722 840 2765 c.
852 2700 882 2763 4.
895 2701 976 2763 -2,
993 2697 1125 2766 Consecl.
1139 2697 1311 2783 [dejicimus
1323 2701 1501 2776 κκκοζηλίαν
1512 2705 1654 2765 veterum
1664 2699 1788 2766 Haere-

332 2789 477 2869 ticorum,
502 2790 558 2873 qui
573 2789 746 2854 Mulierum
758 2794 854 2873 opera
866 2791 889 2854 tr
902 2787 1080 2852 Ministerio
1093 2789 1185 2852 abusi
1198 2788 1421 2852 Ecclesiastico
1437 2811 1492 2853 sen
1504 2789 1611 2872 potius
1624 2789 1789 2856 haeretica

332 2899 389 2944 sua
410 2883 855 2962 curaruntacpromoverunt.
879 2878 928 2942 De
940 2878 1055 2962 quibus
1074 2879 1284 2943 Tertullianus
1303 2879 1340 2942 de
1356 2877 1542 2962 Praemaps.
1565 2877 1658 2962 Ipsae
1674 2878 1788 2944 haere·

331 2967 413 3034 ticae
427 2969 570 3034 illationes
585 2987 681 3053 quom
691 2988 842 3052 proeaees,
854 2989 935 3054 quae
949 2967 1085 3032 audeam
1097 2968 1202 3032 docere
1216 2967 1270 3032 aa.
1284 2967 1395 3050 forsan
1408 2966 1439 3032 a·
1463 2968 1586 3052 lingere.
1614 2966 1665 3032 Ita
1674 2967 1788 3033 ¹Simon

331 3053 447 3141 Magus
474 3080 565 3122 suam
588 3057 702 3121 habuit
715 3055 879 3135 Helenam,
894 3057 1046 3140 Appelles
1058 3055 1291 3134 Philumenam,
1306 3055 1477 3122 Montanus
1493 3055 1634 3121 Priscam
1646 3059 1669 3123 le
1681 3055 1787 3120 Maxi-

331 3146 464 3226 millam,
482 3146 538 3210 alii
561 3146 649 3225 alias,
671 3167 750 3230 quas
762 3146 860 3210 refert
871 3146 1083 3232 Hieronymus
1094 3147 1137 3210 orl
1151 3145 1392 3229 Ctesiphontem:
1409 3145 1524 3230 quibus
1540 3146 1618 3211 adde
1630 3146 1787 3231 potentis-

332 3236 428 3300 simas
453 3235 642 3312 meretrices,
668 3257 748 3318 qnae
762 3233 882 3300 Romae
894 3235 1089 3318 aliquamdiu
1106 3234 1266 3318 Paparum
1279 3235 1465 3300 electionem
1477 3235 1689 3319 procurabant
1704 3239 1787 3300 teste

333 3325 482 3402 Boronsb,
507 3323 706 3389 Theodoram
733 3325 799 3388 scil.
823 3325 865 3390 ud
876 3345 1000 3388 annum
1013 3324 1088 3388 908.
1101 3326 1129 3408 ξ.
1143 3327 1173 3388 s.
1189 3325 1217 3387 7.
1231 3327 1253 3390 lc
1269 3323 1451 3390 Marsziam.
1476 3321 1544 3388 Nec
1555 3325 1787 3407 praetereunda

198 3432 208 3461 ⁸
331 3411 477 3498 Gregorii
504 3411 577 3478 Vll.
603 3412 796 3490 MachtildiS,
822 3413 999 3497 dequibus
1023 3413 1151 3477 consule
1181 3412 1364 3499 llyslerirnn
1388 3414 1563 3499 iniqnitatis
1577 3415 1691 3478 Pleraei
1714 3435 1786 3480 cura

330 3501 507 3587 defensione
519 3504 624 3568 llioeli.
639 3503 755 3567 Confer
768 3501 938 3570 Consertae.
950 3503 1029 3566 4.-
1038 3503 1069 3566 3.
1083 3501 1254 3569 Coelseclar.
1265 3501 1406 3567 Fabulae
1418 3507 1493 3567 sunt
1509 3504 1532 3567 h
1547 3525 1652 3567 marae
1664 3502 1785 3567 calum-

329 3592 411 3670 niae,
441 3592 556 3676 quibus
580 3593 755 3677 tuloqueris
779 3593 802 3657 dt
831 3591 899 3659 Cor.
926 3591 1110 3656 latescentem
1122 3613 1194 3655 suos
1211 3592 1394 3676 ignorantes
1407 3596 1550 3676 pascunt,
1563 3591 1601 3655 de
1613 3587 1784 3658 Mulierum

329 3681 616 3764 praedicationibus
640 3683 663 3746 dt
690 3680 874 3746 mihistariis
887 3681 970 3765 apud
982 3681 1180 3745 reformatos,
1206 3679 1315 3765 Ipsum
1330 3679 1490 3764 Papatum
1501 3681 1561 3745 hoc
1573 3679 1683 3745 morbo
1695 3681 1784 3746 labo-

330 3792 400 3834 rare
424 3774 547 3835 constat
566 3793 605 3834 ex
633 3771 725 3834 modo
752 3771 843 3835 dictis
871 3774 985 3836 &mox
998 3770 1145 3834 dicendis.
1170 3769 1417 3834 Perstrinxinrns
1434 3770 1552 3834 eumin
1568 3770 1662 3853 Desp.
1683 3769 1784 3836 Cutem

331 3861 472 3942 Populus
495 3860 561 3924 lib.
574 3861 605 3924 2.
618 3872 685 3925 secl.
703 3861 734 3924 2.
746 3881 812 3943 cop.
833 3860 861 3922 7.
877 3899 915 3906 -
929 3859 961 3922 4.
979 3858 1148 3926 Conseclue.
1162 3857 1334 3942 Rejicimus
1353 3858 1591 3924 Pontificiorum
1615 3855 1738 3936 ἀταξίαν
1782 3885 1784 3924 .

329 3948 539 4033 multiplicem
564 3970 636 4013 cum
663 3947 885 4033 collyridianis
900 3948 1149 4034 aliisquelapud
1165 3949 1379 4031 hbiphuniunr
1403 3947 1522 4013 haeresi
1534 3949 1623 4013 42&
1641 3947 1706 4030 79.)
1720 3969 1746 4012 o.
1782 3989 1783 3996 .

329 4036 495 4116 lusionem,
519 4058 591 4102 cnm
618 4036 779 4102 Foeminis
803 4042 992 4121 potestatem
1015 4037 1213 4120 Baptizandi,
1227 4040 1249 4102 a
1265 4037 1520 4102 Ecclesiasticam
1536 4037 1568 4100 in
1581 4037 1744 4122 regimine,
1782 4085 1783 4094 .

325 4126 545 4209 jurisdictione
569 4128 783 4210 usurpandam
810 4126 1000 4204 concedunt;
1034 4126 1083 4190 uti
1100 4128 1222 4190 exserte
1235 4127 1295 4190 hoc
1304 4127 1507 4211 probavimus
1523 4126 1557 4190 in
1568 4126 1663 4210 Desp.
1682 4125 1746 4192 Con
1782 4177 1783 4184 .
1854 4122 1862 4141 ’

330 4214 384 4280 lle.
413 4217 480 4280 Loc.
506 4216 554 4281 cit.
565 4235 598 4298 p.
616 4217 687 4280 158.
711 4215 780 4280 Nec
790 4215 843 4279 hic
854 4217 1027 4299 repetimus
1038 4237 1045 4280 :
1058 4219 1185 4279 tantum
1197 4215 1340 4280 addimus
1352 4214 1521 4280 Foeminas
1533 4215 1606 4279 illas
1618 4215 1742 4300 religios

328 4307 352 4369 da
375 4304 467 4388 quasi
491 4304 682 4369 diaconissas
695 4305 1003 4370 circumcursitantes
1022 4309 1115 4391 (quas
1130 4303 1261 4387 Cloppos
1274 4305 1307 4368 iu
1320 4303 1433 4390 Belgio
1445 4304 1621 4389 appellant)
1634 4327 1695 4369 non
1710 4305 1754 4369 exi

328 4415 426 4479 guam
449 4417 542 4460 curae
554 4397 577 4460 dr
589 4394 787 4479 pragmatica
801 4415 907 4459 rerum
920 4392 1214 4458 Ecclesiasticarum
1228 4398 1351 4477 partem
1364 4394 1397 4458 in
1409 4417 1442 4459 se
1455 4391 1625 4478 suscipere,
1642 4393 1758 4458 caseon

1682 4484 1766 4548 zandr
