3766 4866
304 292 372 362 304
483 255 489 268 ⁵
681 289 839 363 Pomrrcxa
864 291 1112 364 llccarsnsrrcm
1135 294 1217 363 Pras
1230 291 1257 363 Ι.
1283 289 1348 363 Ina.
1361 289 1407 365 Il.

306 482 339 546 iu
363 480 601 568 quaestionibus
617 481 683 546 suis
699 505 903 570 quascunque
928 483 960 548 in
972 483 1092 548 formas
1105 483 1247 554 variatis.
1260 484 1283 549 da
1296 484 1329 549 in
1341 484 1531 570 repetendis,
1546 483 1778 569 approbandis,

306 570 539 646 confirmandis,
563 570 767 655 explicandis,
784 573 977 656 supplendis,
994 573 1188 658 corrigendis
1201 571 1510 639 Oatechumenorum
1522 574 1683 658 responsis
1701 597 1779 658 pro·

307 665 413 744 ponet.
437 658 577 723 Scientia
599 659 905 726 Cateehumenorum
921 661 953 725 in
971 685 1008 726 eo
1018 662 1175 740 consistit,
1189 667 1224 728 ut
1235 663 1368 747 ingenii,
1380 663 1562 740 memoriae,
1579 663 1778 730 &elocutio-

306 750 366 824 niS,
391 748 465 824 vim,
490 771 562 813 cum
573 748 726 832 oppositis
739 748 924 830 defectibus,
941 751 974 815 in
991 751 1137 836 singulis,
1154 751 1254 816 discat
1269 774 1306 816 ac
1319 752 1501 836 perspiciat.
1526 749 1586 816 His
1603 752 1778 817 siaccedat

306 838 392 902 zelus
415 839 438 903 b
461 837 620 902 indefessa
643 837 822 924 diligentia,
847 860 919 903 cum
938 839 1156 924 ignorantium
1171 841 1360 916 tolerantia3
1374 863 1431 906 nec
1443 841 1562 924 pudeat
1577 839 1778 907 artificum&

306 927 550 991 exercitatorum
565 925 819 991 Catechistarum
832 927 865 991 in
877 927 937 992 hta
949 931 1017 992 arte
1030 928 1176 1012 exempla
1188 928 1304 1006 videre,
1318 929 1438 1006 andire,
1452 929 1591 993 imitari:
1606 951 1670 992 non
1684 930 1778 994 dubi-

306 1017 449 1094 tandum,
462 1015 540 1100 quin
553 1014 689 1080 feliciter
700 1015 761 1080 hoc
773 1037 904 1080 munere
917 1015 1124 1082 defuncturus
1140 1017 1192 1080 sit.
1218 1015 1334 1082 Docuit
1348 1039 1404 1082 nos
1415 1021 1463 1082 tot
1475 1039 1642 1096 annorum,
1656 1018 1775 1104 quibus

305 1127 418 1169 saxum
430 1104 491 1168 hoc
503 1103 669 1182 volvimus,
682 1104 887 1188 experientia,
901 1105 1021 1170 Pueros
1034 1107 1057 1171 dr
1069 1103 1224 1169 Rudiores
1236 1105 1394 1189 imprimis
1404 1107 1521 1189 juvari,
1532 1107 1557 1169 si
1570 1107 1777 1192 quaestiones

307 1192 547 1280 ‹praestiouibus
571 1194 819 1269 accumulentur,
845 1195 867 1260 da
890 1194 985 1258 toties
1002 1195 1175 1272 varientur,
1191 1194 1350 1280 totiesque
1362 1195 1502 1273 eaedem,
1518 1195 1569 1260 vel
1581 1196 1775 1282 quadragies

307 1286 363 1346 avit
377 1283 463 1346 ultra
479 1281 610 1346 diversis
623 1279 901 1348 Cateclrumeuis&
917 1283 968 1347 vel
983 1282 1131 1348 omuibus
1148 1287 1375 1366 proponantur,
1394 1283 1527 1348 immo&
1542 1283 1630 1368 ipsae
1642 1305 1775 1368 respou-

306 1372 421 1449 siones,
438 1374 510 1454 post
521 1369 628 1434 omnia
640 1373 774 1450 tentata,
787 1371 814 1434 si
826 1371 961 1436 tarditas
974 1371 1094 1456 ingenii
1107 1375 1164 1436 aut
1175 1371 1358 1456 ignorantia
1370 1371 1429 1436 hoc
1441 1372 1595 1458 requirat,
1608 1375 1773 1460 quamtio-

305 1459 399 1524 uibus
412 1459 626 1543 implicentur,
641 1463 737 1546 atque
749 1459 795 1523 ita
807 1460 937 1545 ingenia
949 1459 1127 1524 excitentur
1139 1481 1175 1523 ac
1188 1459 1385 1540 vellicentur,
1399 1461 1496 1525 donec
1505 1461 1773 1540 animadvertant,

307 1549 382 1634 quid
405 1547 606 1613 sentiendum
630 1549 654 1612 ds
671 1548 923 1631 respondendum
935 1549 994 1613 sit:
1008 1552 1064 1614 aut
1076 1548 1222 1633 opposita
1238 1549 1461 1614 determinatio
1476 1570 1598 1634 negans
1612 1551 1773 1636 quaestio·

307 1638 409 1717 uibus,
435 1637 473 1701 ad
497 1659 576 1723 quas
600 1635 760 1700 affirmate
784 1638 1045 1721 rsepondendum,
1070 1640 1093 1704 b
1116 1637 1183 1702 vice
1207 1636 1523 1703 versaaCatechista
1537 1643 1773 1722 praemittatur.

307 1725 392 1790 Ante
415 1726 522 1790 omnia
545 1725 670 1811 quotics
694 1747 747 1789 eos
762 1725 895 1790 haerere
911 1730 967 1790 aut
979 1731 1085 1790 tacere
1098 1726 1265 1810 contingit,
1278 1731 1335 1791 aut
1351 1728 1434 1791 male
1451 1728 1650 1811 respondere,
1664 1728 1774 1794 aliis&

307 1814 437 1879 variatis
461 1815 701 1900 quaestionibus
723 1813 796 1879 ilico
816 1813 1000 1880 Catechista
1015 1819 1193 1879 succurrat:
1211 1819 1268 1879 aut
1279 1815 1460 1900 benigniori
1473 1815 1774 1900 interpretatione&

307 1904 528 1987 supplemento
549 1923 700 1986 responsa
716 1925 835 1979 eorum,
853 1926 935 1990 quae
949 1927 1012 1968 non
1026 1903 1238 1982 satisfaciunt,
1255 1909 1397 1980 excuset:
1410 1908 1466 1968 aut
1482 1927 1563 1990 quae
1579 1905 1669 1968 nullo
1682 1905 1774 1969 modo

308 1993 450 2056 excusari
463 1996 606 2076 possunt,
620 1993 675 2055 sed
687 1992 805 2057 directe
820 1997 915 2078 atque
928 1993 1090 2058 evidenter
1101 1993 1262 2072 aberrant,
1275 1993 1325 2057 vel
1338 1993 1406 2079 ipse
1414 1994 1555 2059 suaviter
1563 1994 1715 2078 corrigat,
1725 1995 1773 2058 vel

308 2081 440 2146 alterius
456 2080 683 2145 Gatechumeni
695 2081 801 2145 miuus
815 2081 993 2166 ignorantis
1006 2081 1045 2146 ad
1059 2082 1190 2146 eandem
1198 2081 1426 2168 quaestionem,
1436 2086 1492 2146 aut
1501 2082 1596 2165 paulo
1605 2087 1773 2162 mutatam,

307 2168 547 2254 responsionem
560 2171 666 2253 petat:
684 2174 747 2256 qua
759 2170 855 2234 tacite
872 2191 1003 2234 erronea
1017 2170 1181 2253 responsio
1194 2171 1382 2254 corrigatur.
1407 2169 1476 2235 Hac
1488 2171 1611 2235 ratione
1623 2193 1686 2236 non
1699 2193 1774 2235 ron·
1865 2255 1866 2258 Ἴ

308 2259 490 2336 fundentur,
503 2280 562 2323 nec
575 2262 594 2322 a
610 2256 868 2344 frequentatione
884 2259 972 2322 illius
988 2259 1140 2338 exercitii,
1153 2259 1176 2324 da
1189 2262 1208 2322 a
1220 2259 1330 2322 dandis
1343 2259 1601 2344 responsionibus
1613 2259 1773 2324 absterre·
1865 2281 1866 2340 3

307 2347 436 2410 buntur.
462 2346 658 2415 Eritandum
682 2347 779 2428 etiam
803 2347 976 2431 imprimis,
1001 2369 1040 2411 ne
1064 2346 1291 2412 (latechumeni
1314 2347 1482 2412 haerentes
1505 2349 1529 2414 ir
1552 2348 1698 2428 silentes,
1716 2371 1771 2433 per
1864 2357 1866 2398 l

307 2435 523 2507 concomitans
535 2433 736 2501 Cateclristae
750 2435 915 2500 silentium
926 2436 959 2499 in
972 2436 1119 2502 ruborem
1132 2436 1257 2502 dentur.
1280 2435 1460 2502 Servandus
1472 2436 1570 2501 etiam
1582 2435 1633 2500 hic
1641 2437 1729 2516 ordo,
1739 2443 1774 2502 ut
1865 2519 1866 2522 Ἴ

309 2523 552 2589 Cateclmmenis
578 2524 682 2588 minus
695 2525 928 2610 ignorantibus,
942 2527 964 2591 b
978 2547 1112 2611 quorum
1125 2525 1300 2610 ingenium,
1313 2525 1459 2604 elocutio,
1471 2524 1633 2610 profectus
1644 2547 1772 2610 perspe-

308 2617 358 2676 cta
382 2616 466 2690 suut,
490 2613 692 2699 quaestiones
715 2614 803 2698 prins
827 2618 1055 2697 proponantur,
1079 2615 1102 2679 ta
1122 2613 1233 2677 deinde
1246 2614 1373 2679 eaedem
1387 2613 1630 2678 Catachumeuis
1644 2613 1772 2679 secundi
1864 2657 1866 2700 3

307 2702 436 2786 gradus,
461 2707 530 2766 tum
550 2701 637 2766 tertii
650 2703 779 2786 gradus,
793 2707 953 2786 postremo
966 2702 1057 2787 [pag.
1071 2702 1152 2787 863]
1165 2703 1271 2784 quarti
1287 2703 1416 2787 gradus.
1441 2702 1650 2779 Quaestioues
1662 2725 1771 2768 omnes

308 2804 401 2876 (quas
424 2790 457 2854 iu
483 2795 620 2876 quatuor
642 2791 758 2856 classes
774 2790 1010 2873 distribuimus)
1026 2791 1173 2854 omuibus
1186 2813 1249 2854 non
1262 2796 1337 2855 strat
1350 2791 1581 2876 proponendae.
1606 2791 1736 2857 Primae
1750 2794 1769 2858 i
1864 2835 1866 2878 ἶ

308 2879 471 2944 infantiles
495 2879 555 2966 (ita
579 2879 704 2964 loquar)
727 2879 874 2944 omnibus
898 2879 1075 2963 promiscue
1099 2880 1304 2943 conveniunt:
1330 2881 1485 2945 secundae
1501 2880 1771 2945 classisomnibus
1864 2887 1866 2952 ξ

306 2968 514 3051 alphabetum
537 2969 559 3033 b
585 2967 689 3050 primo
712 2969 816 3051 prima
839 2969 997 3032 elementa
1020 2967 1250 3052 supergressis:
1269 2969 1382 3032 tertiae
1398 2969 1518 3047 classis,
1532 2974 1662 3034 tantum
1674 2971 1770 3054 pauli)
1864 2965 1866 3040 ἶ

309 3056 601 3120 exercitatioribus:
614 3061 746 3141 quartae
759 3057 879 3136 classis,
888 3079 951 3130 non
964 3057 1026 3120 nisi
1037 3056 1131 3120 istius
1139 3056 1267 3141 collegii
1276 3057 1433 3122 veteranis
1443 3060 1465 3124 dr
1474 3058 1670 3122 exercitatis.
1685 3056 1769 3134 Quae
1864 3059 1866 3104 l

307 3150 415 3210 autem
427 3147 449 3212 b
462 3145 618 3231 quomodo
630 3147 832 3230 quaestiones
844 3145 968 3210 utiliter
980 3144 1154 3230 excogitari
1167 3147 1190 3210 da
1201 3143 1335 3210 formari
1347 3146 1480 3229 possint,
1493 3146 1613 3211 indicat
1623 3146 1770 3233 Syllabas
1865 3137 1866 3168 i

309 3235 545 3316 vacslioaum,
569 3255 648 3319 quas
671 3257 710 3299 ex
733 3234 812 3299 meis
834 3233 1143 3299 catechizationibus
1171 3236 1262 3299 Corn.
1290 3235 1569 3321 Pcudmpeaolim
1584 3237 1770 3318 permultos

307 3345 405 3386 anuos
429 3322 683 3387 Catecbumenus
706 3345 804 3402 meus,
829 3326 940 3406 postea
952 3322 983 3386 in
998 3322 1056 3386 luto
1071 3322 1242 3386 Academia
1254 3321 1448 3407 Discipulos,
1462 3328 1640 3402 notaverat,
1655 3327 1769 3390 &tem-

308 3434 382 3496 pore
406 3410 579 3476 Ministerii
603 3410 653 3474 sui
677 3434 748 3476 cum
763 3411 1022 3496 responsionibus
1038 3415 1057 3475 a
1073 3433 1124 3475 me
1135 3411 1254 3475 iterum
1270 3411 1449 3498 iterumque
1463 3413 1691 3478 examinatis&
1708 3412 1769 3476 for·

307 3501 402 3564 matis
416 3499 589 3586 evulgavit.
607 3497 749 3564 Glaciem
761 3505 835 3564 ante
848 3523 899 3564 mc
911 3499 964 3564 hic
976 3497 1140 3585 fregerant
1151 3498 1309 3585 Theologi
1323 3500 1460 3565 Palatini
1474 3499 1626 3566 idiomate
1639 3500 1769 3566 Germa·

305 3589 395 3668 nico;
420 3612 499 3675 quos
522 3588 621 3652 secuti
646 3593 721 3653 sunt
744 3589 900 3674 'Pheologi
924 3587 1102 3666 Leidenses,
1127 3588 1277 3653 idiomate
1302 3589 1402 3653 latino
1426 3591 1458 3652 in
1473 3611 1568 3654 usum
1582 3589 1767 3654 Sclrolarum

306 3677 493 3742 trivialium.
505 3678 623 3742 Exstat
638 3677 819 3744 Gatcohesis
837 3677 993 3756 Palatina,
1007 3699 1078 3741 oum
1092 3677 1330 3762 quaestionibus
1347 3680 1370 3744 b
1386 3678 1646 3762 responsionibus
1657 3679 1767 3764 cuique

306 3768 402 3851 capiti
426 3767 586 3852 subjectis,
600 3765 622 3830 b
636 3767 700 3831 alia
712 3767 879 3853 quaedam,
896 3789 967 3830 cum
980 3765 1220 3851 quaestiouibus
1236 3768 1258 3832 b
1272 3766 1432 3831 lemmatis
1449 3767 1703 3851 marginalibus3
1716 3765 1766 3830 sed

306 3856 418 3941 lingua
430 3855 566 3942 vulgari.
583 3852 617 3918 Si
629 3855 662 3918 in
674 3877 768 3920 usum
781 3853 983 3920 Nostratium
996 3853 1151 3938 Theologi
1165 3857 1188 3920 dr
1200 3853 1453 3932 Conciouatores,
1465 3855 1519 3941 qui
1527 3877 1642 3922 nervos
1651 3854 1765 3940 ingenii

308 3944 341 4007 iu
364 3947 534 4029 perpetuas
547 3942 816 4009 Catachizationes
831 3943 1010 4023 intendunt,
1024 3941 1159 4007 aliorum
1172 3943 1308 4022 labores,
1323 3965 1380 4028 pro
1392 3944 1476 4009 virili
1493 3948 1646 4028 augeant,
1660 3946 1682 4010 b
1694 3965 1765 4028 per-

308 4032 463 4111 formari:
491 4033 585 4099 facile
613 4032 675 4097 erit
700 4033 814 4119 cuique
837 4032 974 4098 inventis
999 4031 1120 4117 aliquid
1144 4032 1266 4096 addere.
1292 4029 1354 4097 Sed
1379 4032 1506 4097 assidua
1529 4033 1725 4112 exercitatio,
1746 4033 1765 4097 b

308 4123 504 4204 experientia
527 4123 588 4187 erit
608 4121 729 4206 optima
757 4122 920 4203 magistra.
943 4119 1156 4204 Subiiciamus
1168 4121 1296 4205 majoris
1309 4121 1529 4186 elucidationis
1546 4143 1634 4206 erge,
1651 4121 1775 4206 aliquot

309 4209 510 4296 quaestiones
523 4211 561 4274 de
573 4211 666 4275 modo
679 4209 902 4278 catechizandi.
1477 4280 1485 4292 ¹

351 4298 377 4364 l.
403 4301 526 4382 Quaere.
551 4301 600 4364 Aa
616 4299 737 4378 liberae,
749 4319 794 4364 un
810 4320 880 4364 >turo
896 4299 938 4364 ud
950 4298 1103 4377 orvlincm,
1115 4298 1265 4382 ferinum,
1280 4300 1446 4364 tractorium
1461 4298 1645 4364 Cmecbbnri
1655 4297 1775 4384 pnrblici

306 4389 450 4452 astrictuo
475 4389 732 4452 Catecbizelioues
755 4388 818 4452 sin!
842 4385 1087 4473 praeferendae?
1113 4387 1200 4471 Hesp.
1214 4388 1238 4450 Α
1243 4391 1277 4473 ff.
1289 4401 1401 4471 poster.
1417 4389 1529 4452 saltem
1544 4388 1581 4451 de
1594 4385 1772 4538 Rudiqrqm

340 4513 341 4516 =
1307 4505 1312 4516 ·
1706 4498 1725 4538 a
1740 4497 1773 4537 e-
