3752 4858
331 295 395 359 214
725 289 886 353 Ponrrrcsn
902 285 1152 351 Elocnasnsrrcln
1175 281 1257 346 Pras
1269 279 1295 348 I.
1319 281 1384 346 Lis.
1397 280 1440 347 11.

331 481 430 565 pleat,
453 477 641 560 eosdemque
664 475 704 541 ab
728 477 869 539 extremo
892 493 1031 550 mensae,
1055 471 1112 535 ubi
1123 469 1278 554 postremi
1289 470 1450 550 biberunt,
1464 473 1619 556 receptos,
1632 469 1781 535 admanus

331 571 399 654 ejus
423 568 586 643 deterunt3
610 566 650 630 ad
674 563 808 642 εὗταξίκν
823 563 856 626 10
869 561 1044 626 accedendo
1058 560 1097 624 ad
1113 581 1266 640 mensam,
1280 561 1303 626 b
1318 560 1359 624 ab
1373 560 1483 624 eddam
1495 559 1681 624 discedendo
1693 563 1783 624 atten-

331 659 427 734 dunt3
451 655 609 740 imprimis
634 655 673 718 ad
688 654 881 732 accedentes,
894 651 1048 728 nealieni,
1057 653 1113 714 aut
1122 648 1261 713 abstenti
1268 649 1348 713 iisse
1356 649 1520 715 misceant.
1529 647 1645 713 Variat
1652 648 1782 734 aliquan·

331 747 437 811 tulum
456 745 509 809 hic
524 744 649 828 praxis:
666 743 698 807 in
712 741 902 826 quibusdam
915 739 1010 816 enim,
1028 738 1055 802 si
1067 760 1131 802 non
1145 737 1179 801 10
1194 737 1351 822 pluribus,
1364 736 1516 803 Ecclesiis
1529 735 1674 803 Seniores
1685 736 1783 802 Minis·

332 840 399 900 stro
423 834 561 913 abstant,
585 834 609 899 2
625 831 781 896 auxilium
796 830 856 894 hoc
867 831 1043 914 praestant,
1059 826 1093 891 10
1106 826 1268 891 nonnullis
1281 826 1364 907 aliis,
1382 826 1480 913 (forte
1492 826 1706 910 paucioribus)
1717 827 1783 891 Dia·

333 925 404 989 coni
427 923 540 988 calices
563 921 709 1004 implent,
729 918 914 985 &Ministro
930 918 1067 981 adstant.
1081 915 1277 980 Posteriores
1289 915 1465 1000 respexisse
1476 919 1554 1000 puto
1570 916 1671 981 Actor.
1684 915 1713 980 6.
1723 937 1747 980 0.
1759 917 1785 979 2.

334 1013 389 1078 021
403 1012 441 1076 de
452 1010 629 1075 ministerio
642 1031 832 1074 mensarum.
848 1007 899 1071 An
912 1010 1020 1070 autem
1031 1008 1139 1070 textus
1150 1003 1206 1068 ille
1218 1003 1256 1068 de
1268 1004 1543 1070 administratione
1555 1004 1677 1070 Coenae
1688 1006 1709 1072 2
1719 1026 1785 1090 aga·

333 1123 458 1186 parum,
482 1121 563 1183 quae
579 1097 729 1183 conjungi
746 1098 850 1161 solent
866 1095 929 1180 (uti
940 1117 979 1160 ex
997 1095 1026 1159 l.
1044 1093 1113 1162 Cor.
1128 1094 1179 1157 11.
1193 1093 1303 1178 colligi
1314 1093 1465 1180 videtur),
1478 1115 1518 1158 an
1531 1115 1606 1159 vero
1618 1093 1656 1157 de
1668 1093 1784 1158 admini-

334 1189 489 1256 stratione
512 1209 641 1252 mensae
654 1209 840 1271 pauperum,
854 1183 970 1268 quibus
978 1183 1156 1248 oblationes
1166 1182 1697 1267 eleemosynariaeimponebantur,
1709 1183 1785 1268 [pag.

336 1277 450 1364 749]a
471 1276 543 1341 inde
561 1276 595 1340 in
613 1297 770 1361 pauperes
787 1272 1071 1352 distribuebantur,
1084 1293 1125 1336 an
1144 1271 1183 1335 de
1202 1273 1338 1357 utraque
1354 1270 1582 1356 intelligendus
1595 1275 1653 1350 est,
1665 1271 1786 1335 hantila

335 1365 543 1432 determinari
566 1368 682 1448 potest.
705 1362 829 1428 Saltem
844 1361 1057 1426 ministerium
1070 1361 1153 1424 circa
1168 1381 1326 1444 pauperes
1338 1358 1362 1424 2
1375 1360 1592 1444 eleemosynas
1605 1359 1724 1425 excludi
1735 1381 1787 1425 noa

335 1477 446 1540 posse,
472 1477 510 1520 ex
537 1453 618 1518 serie
642 1456 810 1517 contextus
835 1451 1036 1536 perspicitur.
1068 1448 1192 1514 Includi
1215 1449 1312 1513 etiam
1335 1447 1462 1513 videtur
1485 1449 1698 1514 ministerium
1719 1449 1787 1513 circa

336 1565 468 1629 agapas,
485 1541 518 1606 in
542 1541 658 1628 quibus
671 1540 841 1625 peculiaris
853 1540 936 1604 ratio
952 1560 1129 1623 pauperum
1141 1536 1289 1601 habenda
1300 1538 1400 1602 eratl
1423 1539 1493 1603 Cor.
1507 1538 1560 1604 11.
1571 1559 1601 1602 υ.
1615 1539 1668 1603 2l.
1684 1538 1733 1602 22.
1751 1536 1787 1601 Et

335 1634 396 1698 1100
408 1630 622 1696 ministerium
633 1629 816 1713 pertinebat
832 1630 872 1693 ad
883 1627 1050 1694 Diaconos.
1065 1625 1114 1690 De
1126 1625 1304 1690 ministerio
1315 1626 1399 1690 circa
1411 1626 1659 1691 celebrationem
1671 1625 1787 1703 000000,

336 1743 400 1786 000
415 1721 462 1784 120
474 1720 585 1804 liquet.
610 1717 743 1783 Interim
757 1717 966 1802 adiaphorum
980 1720 1038 1796 est,
1052 1717 1075 1782 11
1088 1715 1222 1794 licitum,
1234 1718 1271 1778 ut
1282 1715 1315 1780 in
1327 1713 1490 1794 Ecclesiis,
1503 1715 1560 1779 ubi
1577 1715 1658 1780 illud
1670 1719 1688 1779 11
1699 1716 1787 1798 print

336 1809 563 1875 reformatione
576 1829 676 1892 usque
688 1807 721 1871 in
733 1807 819 1871 hunc
831 1807 913 1870 diem
927 1806 1113 1869 consuetum
1125 1807 1174 1868 est
1186 1803 1248 1889 (uti
1261 1825 1328 1868 esse
1341 1807 1447 1869 certus
1455 1803 1539 1888 sum)
1548 1802 1788 1869 Diaconicalices

338 1899 504 1982 impleant,
522 1895 705 1963 &Ministro
719 1897 856 1961 adstent.
881 1892 1034 1958 Rationes
1047 1894 1112 1956 sint
1123 1892 1213 1957 istae.
1239 1892 1269 1956 1.
1288 1891 1371 1972 Quia
1385 1893 1419 1956 in
1430 1892 1594 1972 Ecclesiis,
1607 1915 1689 1977 quae
1700 1893 1788 1958 senio
1849 1931 1851 1984 2

338 1988 426 2052 ribus
450 1989 569 2065 carent,
594 1985 674 2070 (sive
698 1984 839 2048 moribus
862 1988 919 2048 aut
938 1987 1023 2047 certo
1047 1982 1156 2046 ordine
1175 1981 1236 2046 hoc
1260 1981 1334 2058 fiat;
1357 1981 1424 2046 siue
1440 2003 1496 2065 per
1507 1981 1734 2068 negligentiam
1744 1983 1790 2045 aut
1850 1989 1851 2034 ἲ

339 2073 581 2150 ἰδιογνωμοσὺνην
610 2072 846 2150 Ministrornm;
879 2073 945 2136 sive
968 2094 1025 2155 per
1039 2071 1183 2135 novellae
1195 2069 1403 2154 plantationis
1415 2070 1695 2154 immaturitatem)
1710 2091 1790 2154 opera

339 2163 420 2227 haec
442 2184 461 2226 a
483 2161 637 2241 Diacono,
661 2163 781 2246 absque
804 2161 902 2226 ullius
922 2160 1179 2238 contradictione,
1192 2159 1345 2224 hactenus
1357 2158 1512 2244 praestita
1528 2161 1594 2224 est:
1607 2159 1700 2224 autsi
1723 2157 1790 2224 desit

341 2251 513 2328 Diaconus,
540 2253 558 2314 a
579 2241 726 2315 tacitae
750 2273 806 2315 seu
829 2248 978 2314 Aedituo.
1003 2249 1032 2312 2.
1060 2250 1143 2331 Quia
1158 2248 1369 2313 communiter
1384 2247 1470 2333 apud
1485 2269 1542 2312 nos
1558 2247 1599 2312 ab
1614 2247 1733 2313 Aeditis
1746 2250 1791 2310 aut

343 2339 365 2405 J
366 2338 555 2418 auitoribus,
580 2338 802 2423 similibusque
815 2339 848 2402 in
864 2339 984 2423 templo
996 2341 1052 2402 aut
1068 2336 1150 2402 circa
1162 2337 1243 2402 illud
1254 2336 1522 2417 ministrantibus,
1534 2336 1627 2421 panis
1639 2357 1791 2422 praepare·
1849 2405 1851 2426 ,

341 2433 404 2506 tur,
422 2427 456 2490 iu
469 2427 573 2491 frusta
588 2428 752 2508 scinditur,
766 2427 884 2512 patinis
896 2427 1082 2510 imponitur,
1094 2426 1204 2491 vinum
1221 2426 1388 2510 promitur,
1402 2425 1575 2509 amphorae
1588 2425 1791 2510 implentes&

341 2518 381 2581 ad
404 2513 551 2580 Seniorcs
576 2520 633 2580 aut
656 2514 824 2596 Diaconos,
849 2515 904 2600 qui
931 2516 1004 2580 inde
1016 2515 1048 2578 in
1062 2515 1175 2580 calices
1187 2514 1370 2593 infundunt,
1383 2514 1580 2580 deferuntur.
1604 2517 1637 2580 3.
1656 2515 1733 2598 01110
1746 2534 1791 2598 per
1849 2507 1851 2580 t

341 2604 471 2671 Statuta
484 2609 593 2668 nostra
605 2605 829 2684 ecclesiastica,
842 2604 876 2668 in
891 2603 1067 2669 minoribus
1080 2603 1243 2682 Ecclesiis,
1255 2604 1311 2668 ubi
1323 2602 1509 2686 infrequens
1525 2606 1574 2668 est
1585 2625 1733 2668 numerus
1744 2599 1791 2666 Se·
1849 2607 1851 2664 1

341 2693 478 2772 nicrum,
503 2692 601 2757 etiam
624 2692 758 2758 Diaconi
774 2692 807 2756 in
831 2697 899 2757 toto
923 2693 1084 2758 Ecclesiae
1096 2692 1252 2777 regimine
1264 2695 1389 2776 partem
1405 2691 1538 2757 faciunt.
1562 2691 1791 2776 Nonrepugnat
1850 2713 1851 2720 ¹

341 2802 429 2867 ergo,
453 2783 510 2845 aut
532 2781 635 2845 ordini
652 2781 873 2860 ecclesiastico,
898 2786 954 2846 aut
972 2781 1039 2865 juri
1054 2780 1172 2860 divino,
1198 2781 1225 2850 si
1236 2781 1450 2846 Diaconorum
1463 2803 1560 2866 opera
1572 2781 1691 2847 alicubi
1703 2778 1791 2844 haciu
1849 2823 1851 2864 3

342 2874 433 2954 parte
456 2873 604 2934 utantur:
618 2871 672 2934 sed
683 2874 787 2934 totum
803 2870 863 2934 hoc
882 2870 1023 2934 libertati
1034 2869 1261 2949 Ecclesiarum,
1278 2870 1449 2934 secundum
1461 2871 1614 2954 speciales
1625 2869 1792 2946 περιστάσεις

343 2959 467 3044 agenda
478 2981 536 3022 sua
547 2958 773 3037 ordinantium,
792 2959 1034 3043 relinquendum
1047 2963 1103 3022 est.
1120 2958 1248 3024 Priores
1263 2959 1371 3042 procul
1386 2958 1482 3022 dubio
1494 2959 1681 3043 rescipiunt,
1692 2979 1790 3023 munus
1850 2955 1851 2976 ²

342 3046 511 3113 Saniorum
532 3046 568 3110 in
591 3048 733 3131 Litargict
758 3049 864 3112 000101
876 3047 1086 3130 descriptum:
1101 3046 1156 3111 ubi
1169 3047 1284 3112 dicitur
1296 3047 1499 3132 analogicum
1514 3070 1583 3112 esse
1596 3048 1718 3112 muneri
1728 3043 1791 3109 leri·

343 3139 460 3215 tarum,
473 3135 529 3219 qui
541 3133 764 3200 Sacerdotibus
777 3137 810 3200 in
823 3137 1097 3201 administratione
1109 3157 1280 3216 sacrorum,
1303 3140 1457 3220 tanquam
1471 3137 1645 3202 auxiliares
1657 3135 1791 3220 adjunge-

343 3225 471 3289 bantur.
496 3223 547 3288 Ita
570 3228 606 3288 ut
628 3223 661 3288 in
685 3225 747 3288 ista
758 3247 869 3289 eorum
881 3229 978 3308 opert
990 3227 1013 3291 tr
1025 3225 1144 3290 auxilio
1156 3225 1239 3288 nihil
1251 3225 1474 3290 inconveniens
1486 3225 1611 3291 ostendi
1622 3228 1734 3310 queat:
1746 3243 1792 3286 nac
1850 3257 1851 3262 .

344 3313 498 3378 hactenus
511 3312 596 3390 novi,
609 3314 854 3378 controversiam
872 3314 1014 3398 aliquam
1026 3315 1108 3379 circa
1124 3307 1290 3394 0011111001,
1303 3315 1387 3397 qnod
1400 3313 1547 3380 Seniorcs
1560 3319 1617 3379 ant
1629 3311 1755 3380 Diaconi
1767 3311 1793 3376 10

345 3401 466 3467 Scenae
480 3401 754 3467 administratione
767 3406 941 3486 praestant,
959 3406 978 3467 a
994 3424 1154 3486 quoquam
1166 3402 1219 3466 hic
1231 3407 1352 3466 motam
1364 3425 1443 3468 esse.
1467 3401 1515 3468 De
1527 3405 1598 3488 ipso
1610 3425 1736 3469 munere
1747 3399 1792 3464 Se
1809 3397 1812 3402 ’

344 3490 481 3569 010100,
505 3492 528 3556 tr
551 3489 765 3555 Diaconorum
786 3490 873 3555 infra
901 3494 988 3557 Part.
1014 3494 1044 3555 2.
1065 3490 1304 3575 disquirendum
1315 3492 1385 3556 erit.
1407 3489 1516 3558 Unum
1529 3515 1613 3558 nunc
1625 3493 1659 3556 in
1671 3495 1793 3556 mentem

345 3583 419 3643 ante
436 3601 534 3642 annos
547 3579 725 3662 complures
738 3601 810 3644 cum
822 3580 855 3643 in
880 3579 1053 3644 Academia
1064 3578 1361 3665 Lugduno-Batava
1372 3579 1550 3645 studiorum
1562 3585 1658 3646 cansa
1671 3599 1794 3646 venarer

346 3667 464 3733 lectum
485 3666 565 3730 mihi
581 3667 770 3734 Libellulum
786 3668 819 3731 in
832 3670 861 3732 8.
875 3674 984 3733 autore
998 3671 1125 3736 Rotaria
1138 3669 1183 3754 (ni
1196 3667 1305 3752 fallor)
1317 3668 1466 3733 Ministro
1482 3669 1514 3733 iu
1531 3691 1611 3756 agro
1625 3665 1794 3743 Generensi,

346 3758 386 3822 ab
403 3756 504 3844 amico
522 3757 767 3835 commodatum,
784 3779 847 3840 quo
860 3758 1058 3842 argumentis
1074 3758 1107 3820 in
1120 3757 1223 3822 formt
1234 3758 1378 3822 adductis
1391 3759 1600 3843 oppugnabat
1612 3756 1794 3824 distributio·

345 3868 419 3910 nem
443 3845 550 3909 calicis
574 3867 631 3928 per
653 3843 810 3924 Seniorcs,
835 3845 868 3909 in
889 3845 1032 3911 Ecclesia
1047 3847 1157 3930 aliqud
1173 3845 1404 3932 (Genevensem
1416 3846 1523 3927 tacite,
1537 3849 1565 3912 si
1577 3849 1658 3913 bene
1669 3843 1795 3918 memini,

347 3934 494 4016 notabat)
518 3937 595 3997 2000
618 3934 792 3998 etiamnum
816 3935 977 4000 usitatam.
1002 3935 1213 4018 Praecipuum
1236 3941 1461 4020 argumentum
1485 3935 1547 4002 huc
1563 3937 1697 4002 redibat.
1718 3929 1795 4009 Quod

347 4022 430 4087 calix
446 4044 509 4086 non
526 4023 632 4087 minus
641 4045 678 4087 ac
686 4023 777 4106 panis
785 4024 996 4089 necessariam
1005 4023 1227 4089 Eucharistiae
1235 4025 1493 4108 partemfaceret:
1503 4025 1547 4088 Et
1557 4023 1795 4110 quandoquidem

348 4110 596 4175 Ministrisolius
605 4112 839 4195 sit'dispensare
849 4116 1081 4178 sacramentum
1090 4112 1322 4192 Eucharistiae,
1332 4114 1461 4178 calicem
1471 4135 1571 4198 aeque
1581 4114 1621 4179 ab
1631 4114 1732 4178 eodem
1741 4109 1794 4175 dis·

347 4199 563 4278 tribuendum,
576 4222 613 4264 ac
625 4222 749 4282 panem.
770 4198 803 4265 N
805 4222 846 4264 on
859 4201 937 4266 satis
950 4203 1090 4280 memini,
1111 4224 1152 4265 an
1169 4203 1202 4265 in
1222 4203 1405 4268 narratione
1424 4201 1511 4278 facti,
1524 4204 1695 4268 referretur
1706 4199 1794 4265 salum

350 4309 466 4372 panem
484 4291 503 4350 a
514 4286 662 4353 Ministro
675 4289 742 4353 illia
753 4289 875 4374 porrigi
898 4313 935 4354 ao
947 4290 1106 4370 distribui,
1119 4291 1250 4355 calicem
1262 4295 1370 4356 autem
1383 4296 1402 4355 a
1413 4291 1489 4356 solis
1501 4289 1699 4366 Senioribus;
1715 4289 1756 4352 ita
1765 4291 1795 4348 01

350 4375 499 4439 Minister
513 4398 554 4440 ne
570 4376 702 4442 calicem
721 4377 850 4461 quidem
870 4379 903 4442 in
923 4400 1037 4445 manus
1057 4383 1207 4460 sumeret,
1225 4401 1283 4444 nec
1299 4379 1390 4466 [pag.
1409 4376 1794 4474 communicantibus

1004 4493 1006 4500 ·
1739 4483 1795 4528 suc
