3736 4860
328 295 441 362 Tascr.
454 293 497 361 Π.
521 291 609 359 Scor.
621 291 663 358 H.
687 292 736 356 De
749 313 872 355 poemen
884 288 983 354 Vnam
996 288 1101 356 Drmru
1114 288 1335 354 Tascramona.
1501 286 1564 350 101

142 486 171 570 ᾖ.
183 486 214 549 2.
240 437 288 548 De
303 483 427 547 ratione
450 480 666 559 concionandi,
691 481 758 541 tam
780 476 876 541 multi
891 476 1056 559 scripsere,
1068 474 1170 539 utrix
1182 473 1304 557 aliquid
1316 472 1494 538 addendum
1507 480 1577 539 ant

101 573 305 656 repetendum
328 571 484 635 rideatur.
508 569 648 633 Exstant
671 566 789 650 scripta
810 565 1061 652 Pontificiorum,
1077 564 1215 642 Eruemi,
1239 561 1411 648 Acrpustiai
1442 563 1563 644 Valerii,

4 687 5 690 ¹
101 663 212 727 Didacr'
224 661 347 739 Stellae,
360 661 505 745 Borpiac,
519 657 640 724 Perceii
650 658 688 722 dc
707 655 856 734 Valetioia,
874 655 978 720 Coreli
990 654 1077 738 llepii
1088 651 1109 716 J
1112 651 1232 717 eauitae
1245 675 1252 728 ;
1266 652 1322 735 qui
1332 651 1477 716 omnium
1488 675 1563 736 pro-

100 749 254 815 lixissime
279 749 363 813 hanc
385 753 488 812 artem
503 745 720 830 pertractavit.
744 742 789 807 Et
803 744 999 818 Nostrorum,
1016 742 1172 820 Perlireai,
1188 741 1322 820 Barcaei,
1334 740 1469 820 Sealtetr',
1482 742 1562 807 Keo-

4 843 6 902 ὶ
99 839 275 916 lennanai,
288 839 388 904 Lacca
408 835 552 903 Trebatii
566 837 623 922 fit,
639 833 779 911 Aletedir',
794 833 918 916 Georpii
928 832 1024 910 Lecti,
1037 831 1088 896 aa.
1113 830 1194 895 (tum
1210 829 1327 913 quibus
1339 828 1476 895 conferri
1487 851 1563 913 pos-

99 932 171 992 sunt
196 931 357 1012 quperaa
377 926 429 992 lit.
454 927 485 989 2.
513 925 604 990 Petit.
623 926 722 990 cerba.
745 913 856 1006 capit.
868 921 991 986 Frider.
1005 921 1187 986 Betdue'aea
1200 917 1251 984 lit.
1264 918 1451 984 delaetitut.
1464 921 1562 985 Miai-

98 1027 239 1083 strorum
251 1037 318 1100 cap.
336 1015 488 1081 lca-20.
501 1011 564 1078 Sed
575 1035 648 1077 cum
660 1033 724 1078 non
735 1032 799 1074 una
811 1009 893 1074 ratio
906 1011 930 1076 ta
941 1009 1108 1074 methodus
1124 1007 1339 1087 concionandi,
1364 1007 1398 1070 in
1410 1029 1562 1091 quorum-

97 1127 219 1189 cunque
247 1108 392 1168 textuum
408 1102 629 1188 explicatione,
652 1102 685 1165 in
708 1099 856 1164 omnibus
872 1097 1034 1172 Eccleeiis,
1046 1097 1133 1161 omni
1149 1101 1292 1180 tempore
1304 1093 1501 1162 observanda
1513 1097 1560 1178 fit,

98 1193 190 1258 velim
219 1192 411 1258 candidatos
437 1189 607 1256 ministerii
630 1212 693 1254 non
712 1189 795 1253 solae
807 1187 927 1270 regulis
939 1185 1144 1252 concionandi
1160 1188 1326 1252 contentos
1338 1206 1417 1264 esse,
1430 1186 1485 1250 sed
1497 1187 1559 1252 im·

4 1335 6 1350 ,
95 1283 204 1366 primis
229 1285 370 1346 attentos
394 1281 426 1344 in
446 1279 648 1344 concionibus
672 1277 848 1362 insignium
879 1275 1050 1340 artificium
1072 1274 1387 1363 tumlegendis,tum
1398 1274 1558 1358 imprimis

4 1361 6 1380 ’
95 1371 271 1449 audiendis,
283 1369 516 1455 consignandis,
528 1367 709 1432 imitandis:
723 1369 760 1430 ut
772 1364 818 1430 ita
834 1387 872 1429 ex
884 1364 982 1429 variis
994 1365 1129 1450 seligere
1140 1367 1164 1432 b
1175 1365 1209 1428 in
1221 1385 1255 1428 se
1267 1384 1304 1428 ac
1316 1384 1375 1427 sua
1384 1363 1557 1430 transferre

4 1493 5 1496 ¹
95 1464 212 1542 queant
232 1458 466 1544 praestantiora
484 1479 638 1541 quaeque,
666 1456 698 1520 in
725 1453 841 1539 quibus
868 1453 988 1538 singuli
1015 1475 1091 1537 prae
1107 1453 1180 1518 aliis
1198 1452 1367 1518 excellunt.
1393 1453 1460 1517 Alii
1473 1452 1558 1518 enim

4 1559 5 1590 ¹
95 1549 259 1632 exemplar
280 1547 435 1632 praebent
446 1546 562 1624 brevis,
575 1548 741 1610 accuratae
756 1542 967 1608 nihilominus
986 1543 1010 1608 tt
1025 1543 1211 1626 perspicuae
1231 1545 1378 1605 textuum
1390 1541 1557 1626 explicati·

93 1637 177 1702 onie:
205 1636 266 1700 alii
280 1635 455 1704 eductionis
467 1635 490 1700 te
502 1621 643 1698 delectus
655 1631 871 1698 doctrinarum
883 1653 891 1694 :
909 1632 966 1696 alii
978 1635 1144 1696 accuratae
1156 1633 1179 1698 b
1194 1629 1380 1715 perspicuae
1393 1631 1557 1714 probatio·

93 1725 140 1790 nie
163 1724 356 1790 earundem:
379 1723 436 1788 alii
458 1723 578 1788 solidae
602 1723 625 1787 te
639 1720 823 1805 perspicuae
837 1720 1057 1786 vindicationis
1070 1717 1309 1787 &refutationis
1322 1741 1330 1782 :
1344 1719 1401 1783 alii
1413 1719 1558 1784 consola·

93 1813 208 1878 tionis:
235 1813 292 1877 alii
319 1811 551 1877 adhortationis
565 1833 572 1875 :
594 1810 651 1875 alii
666 1810 777 1889 seriae,
799 1809 1054 1893 &tempestivae
1067 1808 1267 1893 &prudentis
1280 1807 1535 1892 reprehensionis
1548 1833 1555 1874 :

68 1939 73 1948 ·
93 1902 147 1965 alii
159 1902 303 1966 efficacis
316 1900 522 1985 precationis:
547 1899 604 1966 alii
624 1898 701 1983 styli
714 1901 737 1965 de
749 1897 980 1964 exornationis:
998 1898 1054 1963 alii
1066 1898 1256 1963 flexanimae
1268 1897 1555 1980 pronuntiationis:

93 1990 146 2053 alii
162 1991 272 2056 decori
288 1993 322 2054 in
346 1988 502 2072 gestibus.
526 1987 700 2054 conciones
713 1987 837 2071 aliquot
851 1987 938 2071 typis
950 1985 1052 2052 editas
1063 1987 1097 2052 in
1106 1979 1293 2052 Bibliotheca
1316 1988 1426 2051 acerra
1438 1986 1555 2051 indica·

94 2079 198 2143 rimus
213 2105 221 2141 ε
248 2079 365 2162 quibus
391 2100 476 2142 nunc
495 2077 638 2166 addimus
653 2077 872 2144 llitdereturai
883 2077 919 2141 in
929 2076 997 2141 lob.
1010 2075 1041 2142 4.
1052 2079 1075 2143 te
1088 2078 1142 2142 Pe.
1157 2077 1210 2140 51.
1223 2077 1246 2142 ta
1262 2074 1427 2143 lletemiuc
1437 2077 1554 2162 Repere

90 2167 132 2232 ed
158 2169 234 2234 Luc.
262 2167 312 2232 15.
330 2189 369 2232 cx
380 2166 507 2251 anglico
518 2166 552 2230 in
564 2164 724 2251 belgicum
738 2165 856 2229 idioma
867 2165 1162 2250 nupertranslatas.
1186 2162 1259 2230 Scio
1275 2164 1444 2229 nonnullos
1461 2163 1556 2231 hodie

89 2277 127 2318 cx
149 2256 259 2322 nescio
283 2259 347 2341 qua
358 2254 561 2334 emulatione,
581 2257 638 2318 aut
649 2276 712 2338 quo
724 2275 840 2337 pravae
851 2253 1062 2319 contentionis
1074 2258 1189 2333 oestro,
1208 2257 1264 2318 aut
1275 2253 1302 2317 si
1315 2253 1416 2318 mavis
1428 2276 1468 2318 ex
1479 2253 1555 2319 libi·

90 2343 161 2409 dine
184 2343 401 2410 calumniandi
421 2365 503 2428 quae
519 2343 680 2427 ignorant,
704 2341 848 2406 fastidire
860 2342 885 2407 te
897 2346 1059 2426 suspectos
1071 2342 1201 2408 reddere
1213 2345 1370 2407 tractatus
1386 2343 1554 2428 practices,

88 2455 226 2516 quorum
252 2433 286 2497 in
310 2432 431 2516 anglia
441 2433 523 2499 haut
535 2431 854 2518 exiguaeprovenrus
867 2452 874 2495 :
889 2430 943 2496 sed
956 2453 1065 2495 eorum
1076 2431 1197 2497 fastum
1209 2455 1248 2498 er
1260 2435 1347 2496 certa
1359 2431 1492 2498 scientia
1504 2433 1554 2497 fe·

88 2521 180 2586 cilius
203 2521 366 2588 contemni
384 2543 477 2606 posse
485 2521 675 2605 judicamus,
687 2541 784 2604 quam
797 2518 846 2584 illi
862 2541 900 2584 ex
913 2519 1024 2585 audaci
1037 2521 1220 2606 ignorantia
1232 2521 1468 2586 laudatissimos
1480 2521 1554 2588 illos

87 2614 247 2676 tractatus
267 2611 460 2695 vituperant.
483 2609 505 2675 J
506 2633 558 2674 am
582 2609 655 2675 inde
678 2607 865 2673 bPerkinso
881 2631 954 2674 vero
967 2610 1179 2693 practieorum
1190 2610 1400 2696 Anglicorum
1413 2610 1554 2677 Homero

87 2721 189 2782 usque
212 2699 249 2763 in
271 2700 357 2765 hunc
380 2699 464 2764 diem
486 2702 553 2764 tam
577 2698 741 2783 praeclara
756 2697 875 2780 scripta
893 2698 1034 2781 practica
1045 2700 1119 2764 inde
1130 2701 1171 2764 ad
1183 2703 1307 2764 exteros
1324 2699 1453 2784 linguae
1466 2699 1553 2766 illius

86 2809 206 2871 gnaros
229 2793 412 2868 manarunt,
440 2790 463 2854 ta
489 2791 538 2852 tot
560 2787 593 2851 in
612 2787 692 2852 alias
705 2787 853 2872 vulgares
866 2786 993 2872 linguas
1008 2788 1396 2868 translata,deetiamnum
1411 2787 1552 2870 quotidie
1651 2831 1652 2834 =

88 2876 337 2955 transferrmtur,
355 2880 391 2942 ut
412 2877 514 2942 bonae
541 2879 664 2941 mentes
690 2897 754 2940 non
774 2876 898 2959 possint
919 2898 981 2942 non
1008 2875 1077 2944 Deo
1096 2877 1222 2963 gratias
1238 2897 1335 2962 agere
1346 2875 1506 2960 predonis
1518 2877 1552 2942 in

85 2985 196 3029 servos
207 2987 283 3030 suos
298 2965 339 3030 ad
350 2966 524 3030 multorum
537 2963 790 3030 aedificationem
802 2965 937 3030 collatis.
961 2963 996 3030 si
1012 2966 1069 3050 qui
1083 2965 1183 3030 invidi
1195 2965 1256 3030 soli
1271 2965 1335 3049 ipsi
1345 2965 1446 3030 velint
1458 2987 1551 3032 canes

84 3074 152 3117 esse
177 3053 212 3118 in
232 3054 389 3140 praesepi,
413 3053 578 3119 ferendum
596 3057 654 3118 est.
679 3055 771 3140 [pag.
784 3052 867 3139 607]
890 3051 953 3119 Sed
975 3053 1013 3118 de
1032 3055 1093 3120 hoc
1116 3054 1502 3139 antehacalibi,ltnuper
1517 3056 1551 3120 in

4 3139 5 3170 ³
84 3141 232 3227 Praefert.
251 3143 295 3208 act
313 3143 468 3210 Vindictae
480 3143 720 3228 Disceptatioaia
729 3142 859 3207 racuede
870 3144 957 3210 Lusa
968 3143 1067 3208 Aleae.
1091 3142 1183 3218 Quod
1193 3143 1234 3208 ad
1245 3143 1349 3228 ipsam
1364 3143 1551 3210 methodum

4 3267 5 3270 κ
82 3231 304 3312 concionandi,
316 3233 469 3316 cujusque
481 3232 668 3316 prudentiae
683 3231 787 3295 libens
803 3230 959 3315 relinquo,
982 3235 1020 3297 ut
1030 3255 1102 3297 eam
1113 3231 1266 3298 adhibeat
1276 3233 1311 3297 in
1326 3237 1384 3298 sut
1395 3233 1550 3314 Ecclesia,

82 3341 183 3402 quam
200 3321 428 3404 putatbsuae,
441 3320 634 3405 &imprimis
650 3319 844 3400 Auditorum
854 3307 1089 3407 intellissentiae
1113 3343 1150 3386 ae
1162 3322 1335 3387 memoriae
1350 3322 1549 3387 maximem-

4 3477 6 3486 ,
81 3407 215 3472 servire.
244 3408 434 3475 Aedificatio
448 3409 611 3475 Ecclesiae
627 3409 730 3494 prima
745 3409 797 3473 lex
810 3413 889 3476 esto.
904 3409 995 3485 Quod
1012 3410 1127 3495 siquis
1143 3432 1250 3476 meum
1258 3411 1414 3495 judicium
1436 3412 1548 3495 exqui-

4 3503 6 3570 ξ
81 3501 144 3576 rat,
156 3519 224 3562 non
236 3497 377 3563 diffiteor
387 3499 467 3563 mihi
483 3498 772 3563 commodissimam
783 3497 884 3564 videri
899 3499 991 3564 illam
1006 3501 1094 3585 cujus
1117 3499 1261 3566 Arcesius
1284 3499 1335 3567 tit.
1351 3502 1381 3565 1.
1395 3501 1550 3567 Medullac

78 3605 148 3670 erp.
175 3585 230 3649 35.
256 3585 385 3651 brevem
408 3586 654 3672 sciographiam,
683 3585 842 3654 teclariss.
861 3588 929 3653 lob.
953 3587 1280 3655 Hooratcetantehac
1296 3588 1548 3674 Colleganoster

75 3674 204 3756 justam
227 3676 467 3760 &perspicuam
479 3676 723 3761 descriptionem
736 3675 882 3742 exhibuit
896 3679 932 3742 ia
944 3689 1031 3744 tract.
1047 3675 1227 3745 delictioiee
1249 3679 1464 3746 concionandi.
1480 3678 1548 3744 Ad·

4 3783 6 3838 ζ
77 3762 135 3828 dat
152 3762 208 3827 illi
222 3764 358 3848 quisque
372 3768 429 3829 aut
440 3764 598 3845 detrahat,
619 3766 642 3831 tr
664 3766 795 3831 eandem
808 3767 841 3831 in
854 3765 1048 3851 peristaticis
1063 3789 1101 3832 ac
1124 3766 1370 3851 particularibus
1381 3790 1439 3852 pro
1455 3769 1546 3833 arbi-

4 3883 6 3936 i
77 3851 187 3918 trio&
209 3852 379 3935 prudentia
405 3857 463 3918 suat
485 3853 526 3918 ed
548 3855 865 3920 textusacmaterias
877 3855 1069 3935 tractandos,
1080 3878 1139 3921 nec
1149 3877 1213 3920 non
1225 3856 1265 3920 ad
1276 3877 1406 3921 suorum
1418 3861 1547 3942 captum

4 3973 6 4026 ,
75 3939 310 4017 accommodet,
333 3938 461 4007 Sufficit
481 3942 585 4022 nobis,
608 3942 750 4009 simodo
772 3933 819 4009 ad'
839 3965 893 4009 cor
915 3943 1025 4028 populi
1045 3945 1245 4029 praedicetur
1257 3944 1413 4027 Christus,
1426 3947 1450 4013 ta
1462 3945 1548 4012 iniis

4 4031 7 4114 ἔ,
76 4028 171 4108 tides,
198 4027 223 4094 d
243 4029 461 4113 resipiscentia
474 4035 620 4115 potenter
635 4031 824 4100 excitentur.
847 4032 943 4097 Absit
955 4032 1049 4113 absit,
1074 4037 1111 4098 ut
1126 4056 1184 4119 pro
1201 4033 1349 4099 concione
1361 4056 1468 4100 coram
1482 4035 1546 4102 he·

4 4237 8 4258 t

4 4349 6 4360 ι

4 4381 6 4394 ι

4 4523 6 4540 t

4 4541 6 4560 l

4 4117 7 4148 ¹
74 4117 180 4182 etesia
202 4116 331 4201 publice
355 4120 563 4185 contendatur
585 4125 696 4185 contra
718 4121 802 4187 hauc
822 4124 879 4186 aut
902 4121 993 4186 illam
1016 4121 1213 4204 methodum,
1237 4144 1334 4209 quam
1346 4119 1479 4212 Collega
1490 4129 1547 4192 aut

73 4204 232 4291 Collegae
256 4228 382 4272 servare
404 4213 606 4274 consuemnt.
633 4208 729 4275 Absit
741 4214 778 4274 ut
789 4231 907 4275 norum
919 4209 1048 4297 aliquod
1060 4212 1163 4278 aridos
1174 4233 1305 4297 pomum
1313 4235 1409 4300 super
1421 4213 1546 4282 diversa

73 4294 290 4360 concionandi
310 4296 459 4361 methodo
482 4297 516 4361 in
531 4298 671 4364 medium
684 4299 880 4383 projiciatur.
903 4298 1039 4365 Interim
1050 4323 1165 4386 operae
1176 4301 1315 4387 pretium
1330 4325 1388 4370 nos
1404 4303 1545 4371 facturos
1601 4329 1605 4338 ·

72 4388 245 4470 putamus,
261 4383 441 4454 sibreviter
451 4387 606 4456 nonnulla
618 4390 727 4456 nostro
735 4387 854 4474 judicio
867 4390 1021 4457 servanda
1033 4401 1090 4458 aut
1102 4391 1230 4460 vitanda
1244 4390 1430 4462 indicemus.
1460 4485 1474 4551 1
1508 4481 1524 4550 I

1481 4533 1487 4550 .
1524 4505 1546 4550 n
