3752 4858
227 309 339 382 Tarer.
352 311 393 380 ΙΙ.
418 313 504 380 Scor.
518 311 576 380 IV.
600 309 649 378 Da
661 312 779 380 Cesum
791 309 962 380 Dominicis
975 287 1263 382 Anurnrsrmrroua.
1288 313 1358 382 Cre.
1373 316 1432 384 ΠΙ.
1492 313 1556 382 225

91 504 122 570 7.
140 507 254 570 contra
277 501 450 568 sentientes
470 499 673 566 anathemate
690 499 780 578 ferit3
800 499 1047 576 κῦτοκατάκριτον
1066 525 1100 567 se
1117 525 1180 567 non
1199 503 1331 569 obscure
1344 505 1473 584 fatetur,
1488 529 1561 574 cnm

88 595 191 660 nullis
215 592 398 658 memoratis
420 589 604 675 Scriptura,
623 591 712 655 nullo
732 589 810 655 Jure
830 591 936 654 divino
958 593 1131 675 praetexit:
1145 615 1216 658 cuin
1229 596 1561 684 srrrmrniueqniuaett

88 685 217 750 rutinae
233 684 435 766 echinadum
454 702 527 760 esse,
552 678 583 744 dc
602 680 710 746 rachis
731 682 765 744 ia
777 679 1142 765 Coralliisproeceptum,
1154 684 1300 764 insimili,
1313 683 1344 750 a
1357 689 1564 754 astrictissime

89 775 245 840 Ecclesiae
273 793 359 838 risere
393 771 599 836 obseruatum.
624 767 706 844 Quid
730 769 757 832 si
777 769 1003 853 antiquitatem
1024 773 1047 836 b
1067 773 1327 837 consuetudinem
1350 777 1418 860 (sed
1442 779 1563 862 absque

89 862 283 946 Scripturis)
303 861 423 945 pariter
446 859 518 943 quis
538 861 738 942 praetexeret
758 857 980 924 Eucharistiae
993 859 1176 940 Infantnm;
1191 884 1288 945 qnam
1303 865 1474 932 Consilium
1489 890 1563 932 con·

89 953 251 1016 demeat?
275 949 324 1013 De
336 971 399 1033 quo
411 971 516 1032 supra.

143 1042 194 1118 ,a
217 1043 285 1106 aar.
307 1037 441 1102 Extemi
462 1037 521 1102 loci
542 1037 780 1102 circumstantia
799 1037 882 1100 tanti
902 1038 1055 1102 momenti
1068 1061 1136 1102 esse
1152 1061 1214 1103 uon
1227 1041 1331 1121 debet,
1346 1047 1382 1106 nt
1398 1050 1565 1130 propterea

94 1129 238 1208 „Christi
263 1131 495 1194 sacrosanctam
518 1126 749 1190 ordinationem
773 1126 906 1210 negligi,
930 1127 1132 1210 animamque
1160 1128 1330 1213 fatigatam
1359 1135 1515 1200 medicina
1544 1139 1566 1203 tc

96 1218 349 1298 „relocillatione
369 1216 542 1301 gemitibus
562 1215 792 1278 ardentissimis
805 1215 946 1298 expetita
958 1216 1138 1280 defraudari
1150 1223 1304 1300 oporteat.
1322 1223 1411 1305 Hesp.
1432 1225 1460 1287 1.
1475 1223 1565 1289 Mera

96 1307 279 1392 „ignoratio
299 1305 432 1369 elenchi.
452 1303 583 1369 Nemini
604 1303 757 1368 Nostrum
781 1305 814 1367 in
833 1309 973 1368 mentem
994 1305 1082 1370 venit
1095 1305 1232 1370 Coenam
1245 1309 1340 1373 alicui
1353 1311 1483 1377 definito
1496 1313 1565 1378 loco

92 1398 244 1482 alligare3
257 1418 313 1460 nec
327 1393 451 1473 Zadeel,
460 1392 648 1470 Trelcatius,
660 1391 821 1456 Musonius
835 1395 926 1478 [pag.
943 1394 1023 1479 763]
1037 1395 1076 1458 ab
1090 1395 1252 1460 Eetburde
1265 1397 1355 1462 citati
1364 1401 1414 1463 vel
1424 1403 1565 1482 verbale,

92 1487 162 1552 tale
185 1485 262 1570 quid
282 1484 432 1548 iudicant.
453 1482 595 1547 Ecclesia
615 1481 743 1563 Christi,
769 1483 898 1566 ejusque
918 1486 1052 1559 coetum,
1082 1489 1138 1547 ant
1150 1489 1275 1568 partem
1288 1488 1429 1572 aliquam
1445 1497 1563 1568 coetus,

93 1575 290 1642 consortiaut
310 1574 439 1656 aliquod
458 1571 705 1650 convivantium,
726 1594 823 1634 nnnm
840 1572 968 1654 aliquod
983 1595 1107 1655 corpus
1122 1575 1227 1656 plnres
1241 1576 1279 1640 de
1292 1600 1354 1642 uno
1368 1601 1449 1662 pane
1463 1582 1564 1664 parti-

93 1667 252 1749 cipantes,
276 1662 393 1746 quibus
419 1661 523 1725 Coena
546 1661 766 1738 distribuatur,
787 1662 983 1724 solummodo
1006 1661 1188 1744 requirunt:
1214 1663 1393 1750 nhicnnqne
1414 1670 1564 1750 locorum,

93 1753 262 1820 occasione
285 1753 306 1816 b
319 1750 505 1814 necessitate
522 1751 567 1813 ita
579 1749 711 1828 ferente,
725 1749 773 1812 illi
786 1750 825 1812 ad
838 1750 974 1813 Coenam
988 1752 1201 1834 convenerint.
1219 1751 1365 1820 Velimns
1378 1761 1444 1820 tam
1457 1761 1564 1842 procul

44 1909 49 1918 ,
95 1845 211 1908 abesse
238 1840 428 1918 Pontificios,
448 1840 471 1904 tc
490 1839 575 1922 siqui
599 1861 652 1902 eos
670 1838 816 1922 passibus
831 1839 951 1921 aequis,
971 1843 1027 1902 ant
1047 1863 1106 1902 non
1132 1841 1181 1904 hic
1201 1849 1388 1924 sequnntur,
1402 1869 1438 1910 ac
1454 1847 1568 1912 Nostri

95 1932 228 2018 quidem
249 1931 366 1994 absunt
386 1933 405 1992 a
420 1927 609 1992 conscientia
623 1928 772 2005 locorum,
789 1929 974 2010 praesertim
989 1929 1196 2010 publicorum.
1212 1931 1352 1996 Probent
1365 1935 1476 2000 Nostri
1488 1938 1567 2001 illud

96 2021 218 2086 Hilarii
240 2045 266 2086 c.
290 2018 485 2082 Auxentium
506 2017 538 2079 in
559 2017 631 2079 fine.
653 2017 836 2082 Malloniae
857 2038 909 2082 cros
920 2019 1075 2100 parietum
1090 2022 1296 2102 orreoreoepil,
1311 2025 1565 2091 inoleEeclesinm

97 2113 160 2176 Dei
181 2111 216 2172 ia
240 2110 321 2172 tentis
333 2107 541 2194 (artificisque
552 2107 757 2184 craierarnini,
771 2107 922 2172 tricident
939 2107 995 2170 hoe
1005 2107 1090 2189 pacis
1102 2129 1218 2172 acorrima
1232 2111 1381 2194 inperitis.
1395 2115 1487 2180 Areae
1498 2137 1568 2180 arri.-

97 2201 231 2282 tignnm
251 2210 294 2262 est
315 2198 348 2260 ia
368 2197 416 2260 bis
436 2196 660 2260 Antichrislum
679 2215 741 2258 esse
760 2196 946 2260 sessanum?
970 2198 1088 2260 Montes
1106 2198 1195 2276 ηιίΙιί,
1208 2199 1363 2284 lt'sglenc,
1379 2201 1410 2266 ἃ·
1426 2203 1569 2286 inescati

97 2287 288 2364 obsecrasti·
310 2287 474 2368 *eorrqiines
493 2295 567 2348 snat
588 2285 723 2362 tritiores,
743 2284 791 2348 ne.
811 2285 903 2358 Cnod
927 2285 1071 2366 plnribns
1091 2289 1247 2367 prosecuti
1271 2311 1381 2354 snmus
1399 2293 1432 2355 in
1455 2296 1571 2362 Nostra

100 2381 233 2460 Hesper.
253 2377 346 2440 consil
367 2375 512 2456 Papulas
536 2373 601 2438 Lib.
622 2375 652 2434 3.
672 2385 742 2438 secl.
763 2375 792 2436 2.
806 2395 872 2457 cop.
888 2374 917 2436 7.
931 2375 954 2438 b
966 2373 1050 2437 inira
1062 2374 1127 2439 lib.
1141 2376 1170 2438 4.
1185 2378 1222 2440 ‹le
1236 2379 1344 2442 eodem
1357 2403 1499 2466 agemus,
1515 2384 1569 2448 ubi

98 2467 138 2531 de
160 2466 306 2548 Templis.
319 2466 409 2547 Hesp.
423 2465 453 2525 2.
470 2461 535 2526 Ubi
548 2462 721 2526 ostenderit
733 2462 1006 2526 manducationem
1022 2464 1112 2546 panis
1125 2466 1147 2529 h
1161 2465 1224 2528 vini
1238 2473 1481 2536 sacramentalia
1495 2475 1567 2537 soli·

99 2555 218 2619 tariam
231 2553 297 2616 sive
310 2554 341 2616 in
355 2553 446 2630 lecto,
459 2551 566 2614 sivein
576 2551 667 2614 domo
677 2551 810 2632 privata,
820 2552 885 2615 sive
895 2550 1080 2634 in'PeiirquO,
1091 2555 1222 2636 antejus
1233 2560 1428 2640 partequam
1438 2561 1569 2626 chorum

99 2643 277 2728 appellent,
313 2642 378 2704 sive
413 2640 445 2703 in
469 2643 586 2716 moute,
614 2639 675 2702 sibi
699 2639 776 2703 alibi
812 2662 879 2704 esse
910 2647 1141 2706 sacrosanctam
1173 2643 1292 2707 Christi
1323 2647 1568 2728 ordinationem

99 2734 214 2815 utique
237 2731 410 2794 fatebimur
432 2729 662 2812 negligentiam
693 2733 845 2794 nostram.
877 2729 977 2812 Atqui
1008 2731 1190 2795 liethardus
1214 2733 1272 2796 hoc
1303 2735 1370 2798 loco
1397 2738 1476 2801 illud
1506 2763 1569 2804 non

100 2827 229 2886 tantum
242 2842 304 2882 non
318 2818 488 2901 praestitit,
502 2819 556 2882 sed
569 2841 608 2880 ne
621 2816 746 2900 quidem
760 2817 912 2881 tentavit:
926 2820 1021 2882 meris
1034 2820 1281 2902 deceptinnenlis
1291 2820 1568 2900 irspog‘mriewssen

100 2909 315 2996 ignorationis
335 2905 468 2986 elenchi,
490 2907 711 2990 paralogismis
730 2910 749 2969 a
771 2928 887 2990 genere
907 2907 946 2969 ad
958 2909 1047 2971 fictas
1060 2909 1178 2992 speeies
1192 2911 1392 2992 affirmative,
1405 2913 1568 2981 hectorem

101 2999 215 3064 lndeus
226 3023 234 3074 3
247 3021 286 3062 nc
300 2997 458 3061 videretur
469 2996 616 3059 tacuisse.
629 2995 773 3058 Christus
785 2996 944 3059 ordinavit
956 2997 1144 3074 convivium,
1153 2997 1411 3081 detrvorcoenam,
1421 3005 1569 3070 socialem

102 3087 378 3152 manducationem
391 3109 428 3149 ac
436 3084 691 3150 distributionem
704 3085 795 3166 prinis
807 3087 830 3150 b
842 3085 923 3148 vini:
938 3107 1014 3168 ergo
1027 3086 1184 3149 ordinavit
1197 3086 1334 3151 Coenam
1347 3113 1567 3176 uon-coenam,

101 3178 163 3244 hoc
179 3181 228 3242 est
240 3176 416 3240 solitariam
430 3174 715 3238 manducationem.
728 3171 801 3237 Non
815 3174 968 3256 seqnitur,
982 3197 1043 3237 non
1062 3175 1174 3258 magis,
1188 3199 1283 3258 qnam
1301 3177 1379 3244 ista:
1402 3179 1569 3248 Ordinavit

101 3269 253 3343 Coenam,
274 3287 350 3349 ergo
371 3265 509 3328 Coenam
532 3263 590 3326 snb
611 3268 673 3324 una
692 3261 806 3344 specie,
827 3285 903 3346 ergo
921 3263 1058 3327 Coenam
1071 3263 1250 3340 Infantiam
1268 3289 1344 3352 ergo
1357 3269 1494 3334 Coenam
1506 3296 1568 3338 non

101 3350 1567 3442 coenam,autocheiricamscil,qnanrqnisqnedomi,antper·egre,initinereantincarcere,

101 3447 189 3510 intra
202 3442 376 3508 Ecclesiam
390 3447 445 3506 aut
457 3445 546 3504 extra
561 3439 734 3504 Ecclesiam
746 3441 807 3502 sibi
820 3440 880 3522 ipsi
894 3443 1005 3522 quovis
1017 3447 1169 3525 tempore,
1179 3444 1289 3526 qnetvis
1298 3448 1469 3528 occasione,
1479 3456 1568 3516 extra

102 3557 231 3598 omnem
254 3531 493 3608 communionis
518 3529 664 3608 convivii,
687 3529 835 3612 synaxios
848 3531 1011 3594 minimam
1025 3532 1162 3614 speciem
1179 3529 1235 3594 aut
1249 3535 1393 3599 umbram
1405 3540 1567 3624 porrigere

103 3627 221 3708 potest.
235 3620 269 3687 Si
282 3619 525 3703 consequentiae
537 3619 611 3682 illae
624 3623 642 3682 a
654 3641 769 3702 genere
781 3619 820 3681 ad
833 3618 1054 3702 imaginariam
1068 3621 1204 3702 speciem
1217 3621 1408 3690 affirmative
1421 3650 1481 3692 non
1496 3653 1567 3712 pro-

105 3715 225 3776 bantur
246 3709 478 3794 opponentibns
491 3708 617 3786 nostris,
631 3707 691 3792 (nti
704 3729 766 3770 non
783 3707 922 3789 probari,
935 3713 985 3772 sat
998 3710 1085 3790 sciis),
1099 3711 1180 3791 qnod
1194 3733 1301 3774 earnm
1315 3736 1372 3777 nec
1384 3718 1567 3782 mandatnm

104 3823 164 3866 nec
188 3800 369 3884 exemplum
392 3798 424 3860 in
449 3796 621 3880 Scripturis
634 3801 814 3879 compareat
829 3798 887 3859 ‘uti
901 3795 961 3879 ipsi
973 3821 1070 3874 supra
1081 3798 1135 3862 cit.
1147 3793 1230 3862 reete
1243 3805 1459 3882 argumentati
1471 3811 1568 3890 snnt):

105 3894 124 3954 ic
149 3889 218 3974 pari
241 3887 354 3966 infero,
378 3909 435 3951 nec
459 3887 549 3950 illam
572 3885 829 3968 consequentiam
853 3888 893 3948 ab
913 3885 1110 3950 ordinatione
1123 3887 1241 3951 Christi
1258 3896 1320 3972 qna
1334 3890 1568 3960 Eneliaristiani

104 3980 284 4042 ordinasset
309 3977 349 4040 ad
371 3975 509 4040 Coenam
528 3975 714 4052 solitariam,
740 3974 913 4057 quidquam
928 3977 1030 4039 valere
1044 3999 1051 4040 :
1065 3976 1126 4038 nisi
1140 3999 1177 4039 ex
1190 3979 1340 4044 mandato
1353 3985 1409 4044 rint
1426 3988 1569 4068 exemplo

104 4069 288 4150 Scripturas
312 4067 408 4130 talem
433 4063 570 4130 Coenam
589 4064 681 4127 nobis
693 4063 1003 4147 solidebperspicue
1017 4065 1230 4147 probaverint.
1260 4069 1394 4152 Respa.
1409 4075 1569 4155 pathetica

104 4157 163 4222 illa
187 4154 417 4240 amplificatiO,
427 4155 465 4218 de
477 4153 714 4237 defraudatione
725 4152 859 4228 aniame,
873 4176 954 4235 quae
967 4155 1154 4218 irredicinanr
1173 4155 1204 4220 a
1215 4158 1465 4240 refocillationem
1480 4165 1567 4228 illam

104 4251 214 4331 (nsum
229 4245 298 4310 scil.
310 4243 545 4324 Eucharistiae)
556 4242 720 4326 partitibus
728 4241 956 4306 ardentissimis
967 4244 1078 4326 repetit
1091 4265 1098 4305 :
1113 4267 1174 4306 non
1184 4244 1567 4316 facitdemonstrationmn

105 4335 338 4420 theologicam
361 4337 472 4396 notum
496 4331 581 4396 enim
593 4329 670 4394 artis
683 4329 872 4395 Rhetoricae
888 4329 1053 4416 Magistris
1065 4333 1219 4418 distingui
1232 4335 1348 4410 λόγους,
1374 4341 1469 4414 πάθη,
1497 4343 1567 4413 ἤθη.

106 4423 191 4490 Pone
205 4444 324 4502 casum,
341 4445 405 4506 quo
422 4421 538 4505 aliquis
551 4421 583 4484 in
596 4420 707 4486 mortis
720 4421 854 4484 articulo
866 4421 1057 4486 constitutus
1070 4422 1300 4489 ardentissimis
1314 4426 1394 4490 votis
1407 4433 1570 4510 expeteret

822 4509 862 4572 15
1444 4517 1569 4582 Eucha-
