3766 4866
342 249 444 314 'lusor
468 245 527 313 Ill.
547 245 939 318 ,ostendebamus
957 236 1249 310 Parvum-ruamus.
1274 245 1345 312 Gur.
1370 245 1428 310 Vl.
1546 245 1610 310 387

142 440 205 499 tres
230 437 418 522 congregati
435 435 467 499 iu
490 437 618 501 nomine
643 433 763 498 Christi
789 433 896 498 Marta.
923 432 973 496 18.
996 432 1060 510 20.,
1075 433 1103 496 si
1119 425 1221 496 sociae
1235 453 1344 516 preces
1357 433 1389 496 iu
1401 431 1534 497 familiis
1547 433 1612 499 sint

141 525 367 602 observandae,
388 525 416 589 si
430 525 556 608 parvuli
571 526 610 589 od
622 518 784 600 lectiones,
797 521 820 586 tt
833 543 950 605 preces,
968 521 1033 585 sint
1046 521 1279 585 manuducendi
1292 522 1315 587 ta
1328 519 1567 601 assuefacieudi,
1584 523 1611 588 si

141 613 234 677 rudes
252 613 487 689 catechizandi3
510 613 537 676 si
557 613 622 678 illis
643 615 662 676 ‘a
677 609 869 676 Parentibus
885 611 1110 694 praeeundum.
1135 607 1226 685 Quod
1238 610 1358 694 absque
1370 609 1473 689 statis,
1486 609 1611 678 selectis

141 706 238 785 atque
261 701 414 766 ordinatis
430 702 629 784 temporibus
645 699 806 765 commode
819 699 842 763 dr
854 697 1003 766 εὒτὰκτως
1014 697 1083 762 fieri
1096 719 1159 762 non
1170 697 1388 780 posse-docent
1399 720 1456 763 nos
1469 719 1609 765 couven—

141 794 192 854 tus
218 789 259 854 ad
282 790 447 854 conciones
467 790 499 853 in
512 789 665 866 Ecclesia,
679 791 702 856 dt
718 789 757 852 ad
769 787 922 852 lectiones
934 787 966 850 in
980 786 1103 851 Scholia
1116 787 1289 870 majoribus
1302 789 1325 854 ta
1338 787 1524 852 minoribus.
1549 790 1609 854 In-

139 879 269 944 stantis.
294 881 323 944 1.
344 879 446 962 Atqui
465 879 546 942 nihil
568 877 694 963 publice
715 876 905 960 privatimve
921 876 1113 940 monendum
1127 879 1183 940 aut
1195 877 1373 960 urgendum
1386 881 1444 956 est,
1457 877 1541 960 quod
1552 900 1610 943 nec

140 965 316 1050 Scriptura,
332 989 392 1032 uec
410 967 569 1032 Formulis
590 988 769 1042 consensus
791 964 994 1029 confessione
1015 965 1093 1042 scil,
1115 969 1170 1028 aut
1187 962 1352 1030 Gatechesi
1365 965 1610 1032 determinatum

138 1055 310 1120 invenitur.
334 1054 438 1120 Detur
454 1078 529 1141 ergo
546 1057 632 1120 locus
645 1052 838 1138 Scripturas,
852 1054 944 1117 detur
956 1053 1179 1118 determinatio
1191 1053 1224 1117 in
1238 1051 1399 1118 Formulis
1415 1060 1609 1122 consensus?

137 1141 205 1209 Ubi
230 1144 346 1209 dicitur
369 1144 509 1227 quotidie
535 1149 590 1210 aut
614 1143 706 1208 statis
730 1142 928 1226 temporibus
953 1141 1076 1206 sive-in
1089 1142 1223 1220 familiia,
1237 1141 1303 1206 sive
1317 1143 1609 1230 aprivatoquoque

138 1232 244 1297 Fideli
264 1233 457 1316 precandum
481 1256 548 1298 esse
570 1255 662 1298 mane
682 1233 705 1298 dt
724 1231 874 1315 vesperi?
900 1232 990 1314 Resp.
1006 1232 1034 1294 1.
1059 1229 1299 1296 Determinatur
1311 1231 1433 1315 aliquid
1449 1234 1608 1317 explicite,

137 1322 188 1392 vel
213 1321 367 1405 implicite
390 1344 446 1385 sen
470 1345 526 1406 per
542 1320 814 1405 consequentiam:
840 1317 960 1380 1111τάτό
967 1316 1061 1394 ῥητὸν,
1077 1320 1126 1384 vel
1139 1317 1219 1380 κατὰ
1233 1318 1370 1385 betasius:
1384 1319 1607 1406 Ingenereseu

137 1412 205 1478 „rr”
219 1408 389 1488 ἁναλογὶκν,
402 1411 453 1474 vel
465 1411 498 1474 in
512 1411 633 1495 specie3
647 1411 816 1487 abstracte,
829 1410 878 1474 rel
891 1409 1049 1492 applicate
1063 1409 1102 1473 ad
1115 1409 1197 1474 hauc
1209 1409 1425 1494 hypothesim,
1434 1415 1490 1474 ant
1499 1411 1538 1475 ad
1547 1411 1608 1478 boo

136 1498 330 1582 particulare
350 1499 539 1582 subjectum,
559 1503 614 1563 aut
636 1499 675 1562 ad
691 1493 848 1562 actionem
860 1498 943 1562 hauc
955 1498 989 1561 in
1001 1497 1173 1564 individuo.
1197 1496 1233 1562 Si
1246 1493 1528 1565 Conc'iouatoribus
1540 1502 1607 1586 pri·

136 1588 237 1652 vatim
257 1587 422 1671 publicevc
435 1588 517 1651 nihil
530 1588 649 1665 docere,
663 1590 774 1651 contra
786 1587 1026 1662 nulloscrrores
1040 1591 1095 1651 aut
1112 1591 1241 1670 peccata
1253 1608 1392 1666 monere,
1404 1586 1486 1651 nihil
1498 1588 1531 1652 in
1547 1590 1606 1654 ho-

136 1671 263 1740 minum
286 1677 428 1740 moribus
452 1677 619 1760 corripere,
644 1677 683 1740 ad
707 1676 797 1740 nulla
819 1676 903 1740 bona
926 1697 1022 1759 opera
1045 1676 1183 1741 excitare
1207 1679 1349 1760 possunt,
1362 1676 1424 1740 nisi
1436 1673 1561 1743 exserte
1572 1679 1606 1744 in

136 1763 304 1847 Scriptura
327 1765 350 1830 dr
373 1765 406 1828 in
430 1765 590 1830 Formulis
615 1787 795 1842 consensus,
819 1763 879 1829 hoc
895 1763 1141 1829 determinatum
1154 1764 1214 1829 sit:
1224 1763 1292 1848 jam
1309 1764 1433 1829 tollitur
1444 1769 1513 1830 tota
1524 1768 1606 1832 ratio

133 1853 341 1918 concionandi
353 1877 409 1918 scu
422 1853 624 1938 Prophetiae,
638 1876 720 1938 quae
731 1853 814 1917 nihil
826 1853 913 1917 aliud
926 1857 974 1917 est
986 1875 1082 1937 quam
1094 1851 1277 1937 Scripturae
1290 1853 1468 1936 praelectae
1481 1857 1605 1940 &expo

133 1942 217 2007 sitae
233 1942 406 2027 applicatio
419 1944 459 2007 ad
473 1947 672 2027 praesentem
683 1941 844 2006 Ecclesiae
857 1945 987 2021 statum,
1001 1941 1243 2007 &conscientias
1258 1941 1465 2020 Auditorum
1478 1945 1605 2010 tollitur

133 2034 364 2115 consequenter
375 2030 517 2096 officium
529 2030 803 2108 (loueionatoruur,
817 2031 907 2097 &soli
916 2036 1110 2112 anagnostae
1119 2028 1373 2095 sufficiuntuudo
1385 2033 1487 2096 textui
1497 2028 1604 2118 Scrip-

132 2124 226 2184 turac
250 2142 356 2184 coram
380 2120 531 2186 Ecclesiis
547 2121 692 2205 legendo,
710 2121 803 2204 juxta
825 2120 990 2184 Corrtterti
1009 2119 1176 2184 consilium
1203 2119 1236 2183 in
1260 2119 1359 2184 libello
1371 2119 1409 2184 de
1422 2122 1605 2189 minuendis

133 2209 229 2275 Sectis
237 2233 249 2285 ;
261 2208 313 2294 (de
326 2231 389 2293 quo
405 2209 493 2293 iresca
505 2209 595 2278 Part.
613 2210 642 2271 2.
661 2209 705 2273 tit.
719 2209 757 2273 de
768 2209 934 2273 mirsisterii
946 2209 1143 2292 Necessitate)
1154 2207 1256 2274 autad
1265 2231 1424 2273 summum
1433 2211 1603 2293 suffecerit,

133 2297 163 2362 si
175 2295 335 2362 Notaruru
347 2298 574 2384 marginalium
586 2297 680 2362 lectio
693 2298 733 2362 ab
745 2297 859 2362 iisdem
871 2298 1055 2380 anagnostis
1069 2297 1245 2381 adjiciatur.
1259 2295 1321 2372 Qui
1332 2298 1412 2363 talia
1421 2301 1603 2381 mussitant,

132 2387 233 2450 immo
249 2386 347 2450 etiam
366 2390 485 2470 aperte,
506 2387 632 2471 qnando
650 2385 776 2469 publice
796 2386 1010 2470 privatimque
1028 2390 1197 2451 mouentur
1217 2389 1273 2450 aut
1290 2387 1536 2472 redarguuntur,
1558 2390 1604 2456 sic

132 2473 315 2559 Scripturas
334 2477 357 2541 tr
372 2474 540 2540 Formulas
555 2491 723 2540 cousensus
736 2475 827 2560 [pag.
840 2474 921 2560 968]
934 2475 1108 2558 postulant,
1120 2475 1278 2558 tantisper
1297 2473 1334 2534 τὲ
1349 2473 1502 2556 ἀδιάφορον
1514 2501 1550 2544 ae
1562 2479 1602 2543 li.

133 2563 294 2628 bertatem
319 2561 535 2628 Christianam
557 2564 816 2648 praetendentes;
830 2563 968 2642 videant,
986 2585 1082 2647 quam
1094 2564 1204 2646 procul
1222 2564 1424 2628 acommeuti
1436 2557 1602 2633 Verrouici

46 2672 48 2676 ·
131 2651 321 2736 praecipitio
340 2651 374 2715 in
396 2654 425 2716 l.
442 2655 527 2718 Part.
545 2657 597 2719 set.
610 2653 723 2738 Dispp.
738 2655 781 2718 tit.
795 2653 833 2717 de
846 2653 974 2720 Ratione
989 2651 1143 2730 bremond,
1156 2653 1205 2718 dac.
1219 2651 1362 2716 abfuturi
1375 2652 1449 2717 sint.
1467 2655 1556 2740 Resp.
1570 2659 1601 2721 2.
1622 2663 1626 2672 ’

130 2738 268 2805 Minoris
287 2739 413 2804 falsitas
436 2765 533 2826 snpra
556 2745 684 2806 ostensa
710 2745 769 2819 est,
798 2763 870 2806 curn
883 2763 922 2805 ex
934 2741 1107 2826 Scriptura,
1121 2742 1144 2807 tt
1156 2763 1194 2804 ex
1206 2739 1426 2806 consistentibus
1445 2744 1602 2811 Formntis

130 2832 156 2896 b
168 2830 320 2914 liturpiis
333 2830 355 2895 u
368 2829 495 2897 Decreto
509 2831 630 2915 Spnodi
646 2831 867 2897 Dordraecuoe
879 2830 917 2895 de
929 2830 1091 2896 eontrnrnn'
1102 2849 1256 2894 consensu
1271 2831 1459 2896 necaonem
1474 2829 1505 2897 a
1522 2835 1601 2898 Pro·

129 2919 316 2984 clematium
327 2918 423 3002 (Sess.
438 2919 506 3002 17.)
520 2941 649 3002 precum
661 2919 914 2996 domesticarum,
927 2917 1221 2995 catechizationum,
1243 2917 1292 2982 dte.
1305 2939 1381 2982 usus
1398 2919 1599 2986 demonstra·

129 3011 184 3072 tus
209 3010 267 3071 cst.
292 3007 450 3073 Instantis
470 3010 501 3072 2.
524 3007 640 3072 Fateor
664 3007 697 3072 in
711 3006 837 3092 Synodo
850 3009 872 3073 u
883 3004 1076 3072 testimoniis
1088 3011 1184 3093 atque
1201 3006 1357 3090 exemplis
1370 3007 1520 3094 allegatis
1535 3012 1601 3077 tale

130 3096 208 3181 quid
232 3095 337 3174 innui3
362 3117 426 3160 non
450 3101 557 3161 tumen
573 3096 607 3159 in
619 3095 723 3162 titulis
735 3097 925 3180 precationes
936 3097 1127 3174 dorstestieoe,
1139 3096 1273 3180 precatio
1285 3096 1453 3176 castruino,
1466 3101 1600 3182 precatio

129 3185 317 3268 vespertino,
343 3184 398 3269 qui
421 3185 456 3248 in
479 3185 701 3250 communibus
724 3183 933 3249 Formulariis
956 3187 979 3252 a
1002 3183 1156 3269 Liturgiis
1176 3186 1377 3267 comparent:
1394 3183 1502 3252 Facile
1515 3188 1599 3253 enim

66 3271 70 3280 “
129 3272 235 3356 excipi
258 3276 373 3357 potest,
397 3274 436 3338 de
448 3274 582 3357 privatis
598 3275 621 3340 da
634 3274 785 3338 solitariis
798 3274 998 3358 singulorum
1010 3273 1156 3358 precibus
1168 3273 1253 3338 domi
1266 3273 1477 3356 concipiendis
1494 3277 1599 3361 (juxta

132 3361 241 3427 Marte.
266 3361 296 3424 6.
320 3383 348 3426 o.
370 3361 415 3446 6.)
439 3361 518 3427 haec
542 3362 724 3445 accipienda
746 3384 830 3439 esse3
855 3365 878 3429 b
905 3363 1019 3427 nonde
1032 3361 1212 3427 domesticis
1225 3362 1328 3427 sociis.
1341 3364 1430 3446 desp.
1444 3363 1600 3449 Exceptio

128 3449 209 3516 haec
231 3449 421 3535 profligatur
437 3473 475 3515 ex
488 3451 555 3515 solt
571 3450 764 3534 inspectione
776 3449 1019 3528 Formularum;
1043 3451 1077 3514 in
1095 3450 1211 3536 quibus
1223 3473 1287 3515 nou
1298 3451 1413 3528 minus,
1431 3474 1468 3516 ac
1478 3451 1513 3516 in
1524 3475 1597 3536 pre·

128 3538 308 3603 rationibus
321 3538 552 3619 ecclesiasticis,
561 3540 584 3605 da
594 3542 667 3603 aute
677 3562 712 3604 ac
724 3543 798 3624 post
809 3539 926 3618 cibum,
940 3543 1094 3624 perpetuo
1106 3539 1240 3623 pluralis
1252 3561 1403 3604 uumerus
1415 3539 1596 3608 adhibetur.
1617 3601 1619 3606 .
1652 3567 1655 3582 ¹

173 3625 233 3690 Ill.
260 3628 382 3709 Quaen.
407 3629 456 3693 An
472 3647 729 3712 snpernuenneue,
745 3625 1006 3714 &consequenter
1020 3627 1207 3694 omittendae
1222 3629 1286 3693 sint
1301 3647 1403 3711 preces
1415 3626 1597 3695 &lectiones

127 3715 311 3781 domesticae
322 3717 350 3780 si
360 3716 501 3800 publicae
512 3718 547 3782 in
564 3718 698 3801 Templis
710 3737 804 3782 annue
816 3716 1171 3801 crespeiacensi
1184 3739 1197 3792 ;
1205 3719 1301 3800 juata
1311 3719 1489 3802 canapium
1503 3716 1597 3783 utn-

127 3805 269 3870 stitutum
293 3805 455 3870 Ecclesiae.
480 3803 750 3890 Hunporiearuns,
774 3807 923 3890 referente
938 3805 994 3870 tec
1005 3803 1123 3869 Ordine
1135 3803 1278 3896 ipsafrum
1291 3805 1501 3870 ecclesiastico
1513 3829 1596 3872 auno

130 3891 227 3956 tolo.
245 3892 334 3958 artic.
348 3893 401 3957 46.
426 3896 515 3978 Hesp.
529 3893 716 3959 Institutum
739 3893 819 3958 illud
831 3894 1036 3981 utilissimum
1057 3915 1238 3969 censemus;
1262 3891 1359 3957 immo
1375 3915 1476 3977 paene
1487 3917 1595 3960 ueces-

127 3980 258 4057 sarium,
282 3981 339 4046 ubi
361 3982 455 4046 multi
479 3982 595 4066 plebei,
622 3982 704 4048 forte
720 3983 874 4067 plerique,
891 3981 1282 4068 Scripturanrlegereuon
1295 3985 1421 4046 nbruut.
1446 3981 1521 4048 Ideo
1544 3987 1594 4048 ta·

109 4082 202 4134 'men
226 4071 352 4154 privata
375 4073 398 4138 ta
418 4071 590 4136 domestica
606 4071 755 4136 exercitia
767 4071 861 4156 plane
875 4071 1143 4136 omittiuolimns:
1165 4070 1194 4134 l.
1221 4069 1304 4153 Quia
1316 4091 1425 4135 omnes
1437 4071 1471 4134 in
1482 4089 1594 4136 nume·-

125 4157 208 4223 rosis
220 4157 362 4238 familiis,
379 4159 487 4224 Liberi
500 4163 569 4225 tum
582 4160 754 4229 adultiores
767 4164 836 4225 tum
848 4159 985 4245 parvuli,
998 4157 1099 4238 Servi,
1112 4157 1269 4237 Ancillae,
1281 4163 1345 4223 unt
1363 4181 1435 4224 cum
1446 4158 1594 4224 Parenti-

126 4247 188 4312 bus
211 4247 358 4331 publicae
382 4248 431 4313 illi
454 4249 583 4314 lectioni
595 4252 749 4334 perpetuu
760 4250 814 4313 vix
825 4248 977 4314 iuteresse
990 4251 1119 4334 queunt.
1143 4245 1194 4312 Nc
1206 4246 1283 4332 quid
1295 4246 1397 4312 dicam
1409 4249 1447 4313 de
1459 4247 1593 4332 impedi-

125 4334 169 4402 tis
193 4357 250 4422 per
271 4335 455 4403 subitaneus
479 4342 536 4403 aut
551 4337 717 4405 chronicas
729 4337 941 4404 infirmitates.
967 4337 997 4402 2.
1021 4337 1097 4424 qnia
1110 4336 1232 4419 Pueris,
1249 4335 1402 4402 &adultis
1414 4336 1594 4404 rudioribus

1497 4447 1594 4510 pecu·
