3766 4866
330 323 394 387 356
721 321 881 388 Pomvrcrs
896 319 1144 387 Eccnasrrsvrors
1167 317 1248 383 Pras
1260 315 1286 383 Ι.
1310 316 1375 384 Ina.
1388 315 1430 384 ΙΙ.

330 505 481 573 Ordinem
505 506 673 573 ministerii
697 507 937 594 abrogandum?
962 503 1138 571 Ecclesiam
1154 504 1399 588 dispensationis
1415 529 1471 571 seu
1486 503 1710 570 conniventiae
1725 508 1788 570 tan·

330 595 430 680 tisper
442 601 461 661 a
473 597 650 680 quibusvis,
666 595 722 682 qui
734 597 845 661 volunt
858 597 881 662 b
894 595 1012 674 valent,
1030 595 1125 660 verbo
1141 593 1373 658 adhortationis
1386 594 1600 678 pascendam?
1624 591 1679 658 Au
1692 595 1787 678 potius

330 708 402 750 cum
425 685 561 750 turbone
584 685 780 750 semi-idiota
799 685 968 750 (Ιονηὴετιο
979 685 1014 748 io
1026 683 1141 749 Libello
1153 682 1190 748 dc
1203 683 1387 748 Miauendis
1402 683 1506 758 Sectis,
1524 681 1716 748 aMinistris
1727 705 1786 748 ver·

330 774 407 839 bum
423 772 483 838 Dei
496 774 693 838 solummodo
705 773 831 857 publice
847 772 1105 858 praelegendum,
1119 772 1248 854 ejusque
1261 771 1558 856 interpretationem
1571 773 1594 838 tv
1607 773 1788 856 applicatio·

329 885 403 927 nem
427 863 562 947 singulis
583 861 792 927 Auditoribus
804 861 1070 945 relinquendam?
1094 858 1163 924 Hoc
1175 859 1203 923 si
1215 860 1316 938 fieret,
1330 883 1426 945 quam
1439 883 1535 926 aureo
1548 861 1686 940 saeculo,
1699 883 1788 946 quam

330 951 435 1015 aureis
448 951 579 1016 somniis
592 950 774 1016 fruerentur
786 950 968 1028 Neutrales,
978 946 1213 1031 Neo-Sceptici,
1224 948 1463 1028 Enthusiastae,
1473 949 1637 1028 mundani,
1648 951 1724 1032 quin
1735 950 1788 1034 ipsi

249 1077 253 1084 ·
330 1039 461 1124 Epicu‘ri
471 1041 508 1104 de
521 1061 619 1126 grege
632 1039 731 1124 porci,
744 1039 799 1123 qui
813 1061 885 1103 cum
893 1038 1050 1122 Epicureo
1063 1041 1158 1121 poeta
1170 1059 1281 1102 canere
1295 1043 1433 1122 possent
1450 1041 1570 1104 Porcus
1580 1039 1722 1104 Deorum
1731 1041 1789 1104 eut·

331 1141 379 1194 lor
393 1127 625 1214 &infrequens
639 1127 789 1193 Nondum
801 1132 909 1191 tamen
922 1126 1002 1191 tales
1010 1147 1167 1210 panaceee
1173 1126 1333 1209 juvarent,
1343 1127 1405 1191 nisi
1413 1127 1533 1211 publici
1541 1126 1736 1194 reformatae
1746 1150 1789 1192 re-

330 1217 470 1302 ligionis,
485 1216 618 1295 εὺταξίας
630 1219 652 1283 dv
664 1220 809 1300 receptae
821 1215 1017 1299 Disciplinae
1030 1213 1195 1279 catechesi
1211 1213 1426 1292 Confessione,
1447 1215 1470 1280 b
1487 1213 1606 1300 Synodi
1619 1215 1790 1282 Dordrace·

331 1328 390 1370 nae
404 1304 585 1370 (lenonibus
594 1310 663 1369 turn
680 1305 868 1390 dogmaticis
881 1310 950 1369 tum
962 1303 1186 1388 disciplinariis
1199 1308 1367 1368 contentae
1381 1302 1565 1368 Adversarii
1573 1306 1699 1389 (quales
1710 1305 1789 1371 hleo-

331 1395 470 1478 sceptici,
495 1392 755 1472 Neo-Erastiani,
780 1392 946 1472 Libertini,
971 1391 1154 1470 Neutrales,
1179 1391 1393 1470 Quaesitores,
1407 1392 1527 1476 aliique
1542 1391 1693 1474 Sectarii]
1706 1417 1790 1460 auam

331 1487 427 1566 atque
449 1505 513 1548 una
538 1481 673 1568 ltegum,
698 1481 890 1566 Principum.
905 1479 1152 1558 praefectorum,
1164 1479 1461 1545 Jureconsnltorum
1478 1482 1608 1568 (quibus
1620 1485 1730 1548 omnia
1742 1485 1790 1548 dc-

330 1570 413 1636 ferre
437 1571 596 1655 videntur)
620 1569 897 1648 infallibilitatem,
922 1593 1019 1654 supra
1038 1592 1147 1634 omnes
1164 1567 1354 1654 Theologos,
1368 1567 1540 1648 Ecclesiae,
1554 1569 1709 1654 Synodos,
1725 1595 1790 1657 per-

330 1660 438 1743 spicue
463 1659 757 1724 demonstraverint.
782 1657 1007 1723 Prudentiores
1030 1658 1109 1722 satis
1131 1657 1319 1742 intelligunt
1342 1681 1410 1723 rem
1434 1658 1516 1722 hanc
1533 1660 1728 1726 bnonnullis
1743 1661 1791 1746 agi

330 1747 549 1832 praetextibus
573 1747 769 1813 amoliendas
793 1746 1074 1812 neo-hierarchiae
1099 1746 1339 1826 ecclesiasticae,
1364 1748 1621 1832 neo-tyrannidis
1648 1747 1790 1834 Papahs;

330 1859 402 1901 cum
427 1840 502 1896 αἰτία
525 1836 602 1920 ipsis
626 1837 678 1913 sit,
692 1835 828 1900 mutatio
840 1835 1031 1900 orthodoxae
1045 1835 1216 1915 doctrinae,
1230 1838 1253 1902 u
1267 1833 1453 1902 Socinianae
1470 1841 1526 1900 aut
1539 1836 1570 1900 N
1573 1837 1791 1916 eo·Arrianae,

331 1930 387 1990 aut
410 1924 543 2010 alicujus
567 1925 728 1990 miscellae
751 1925 959 2002 introductic;
983 1924 1143 2012 plerisque
1167 1923 1379 1989 eliminandae
1400 1929 1455 1991 aut
1471 1926 1586 1990 saltem
1599 1927 1792 1992 laxandae&

331 2014 486 2078 laxandae
498 2011 642 2092 εὓταξίας,
655 2035 692 2078 ac
704 2013 900 2097 disciplinae,
914 2035 987 2077 cum
998 2013 1098 2076 totius
1113 2012 1279 2097 regiminis
1291 2013 1531 2098 presbyterialis
1547 2015 1793 2080 delumbatione.

332 2101 403 2167 Hac
425 2123 519 2186 saepe
543 2102 658 2179 diruta,
679 2106 794 2185 putant
806 2102 967 2166 licentiam
979 2101 1012 2164 in
1028 2105 1156 2184 promtu
1169 2100 1236 2166 fore
1248 2102 1378 2183 quaevis
1393 2125 1475 2168 nova
1487 2107 1631 2168 monstra
1647 2105 1680 2168 in
1694 2105 1792 2169 lucem

332 2189 455 2270 edendi,
476 2193 498 2257 b
514 2193 623 2255 secure
636 2191 752 2256 alendi.
775 2191 806 2254 A
818 2191 984 2274 posteriori
998 2190 1053 2274 qui
1064 2189 1231 2273 incipiunt.
1249 2191 1373 2274 &prius
1385 2191 1560 2256 etiamnum
1573 2193 1738 2257 concelare
1750 2193 1794 2256 vi·

331 2279 455 2358 dentur,
479 2279 564 2363 apud
586 2280 730 2344 incautos
754 2279 907 2363 quosdam
923 2279 1216 2345 &adhortationum
1228 2279 1445 2362 imparientes,
1458 2281 1657 2364 apertionem
1669 2283 1792 2346 aurium

334 2367 467 2431 subinde
489 2368 665 2433 inveniunt.
698 2367 757 2433 Est
779 2367 864 2432 enim
888 2367 1055 2452 disciplina
1078 2389 1134 2450 per
1157 2368 1300 2432 accidens
1323 2367 1519 2434 infirmitatis
1542 2369 1722 2448 humanae,
1747 2392 1794 2434 res

334 2455 455 2520 odiosa:
469 2455 537 2520 sine
549 2458 638 2541 cujus
650 2456 809 2522 constanti
820 2456 1016 2540 professione
1029 2456 1057 2522 ai
1068 2455 1260 2521 reformatae
1272 2455 1434 2522 Ecclesiae
1446 2463 1647 2524 seostentarc
1655 2464 1792 2543 possent,

333 2543 533 2630 (exercitium
546 2545 630 2610 enim
643 2544 727 2630 apud
739 2567 802 2609 non
815 2567 931 2629 paucas
943 2567 1097 2629 perquam
1109 2550 1204 2609 tenue
1217 2544 1278 2629 est)
1291 2545 1401 2630 utique
1411 2547 1518 2629 plures
1526 2547 1669 2612 invenire
1677 2552 1713 2612 ut
1722 2570 1790 2614 con-

333 2655 507 2712 secraneos,
532 2636 555 2700 dv
572 2634 721 2698 fautores.
746 2633 954 2717 Experientia
969 2657 1026 2698 nos
1039 2635 1145 2698 docuit
1157 2657 1221 2698 non
1234 2656 1349 2718 paucos
1362 2639 1490 2718 accepto
1502 2635 1560 2700 hoc
1572 2637 1722 2702 scandalo
1735 2638 1792 2700 im-

333 2721 434 2805 pediri
457 2744 496 2786 ne
508 2723 641 2798 intrent3
655 2724 678 2788 b
690 2721 836 2786 nonnulli
847 2722 907 2786 hoc
919 2723 1050 2787 candide
1063 2723 1261 2806 profitentur.
1287 2721 1454 2788 Reducunt
1466 2724 1622 2789 salutaria
1633 2725 1712 2790 haec
1724 2725 1791 2789 ani-

332 2831 457 2873 marum
480 2810 652 2893 pharmaca
668 2811 706 2876 ad
727 2815 880 2894 punctum
893 2811 1031 2890 honoris,
1045 2811 1084 2874 ad
1096 2811 1258 2896 catalogos
1271 2811 1393 2896 gloriae
1408 2813 1534 2876 mundi:
1549 2813 1717 2898 opinantes
1730 2815 1792 2879 fra·

333 2901 424 2961 terna
435 2903 630 2984 paternaque
644 2900 839 2983 correptione
852 2899 1080 2964 existimationi
1097 2921 1172 2964 auae
1187 2899 1271 2964 inter
1284 2899 1427 2965 homines
1439 2901 1575 2983 detrahi,
1588 2904 1790 2968 autoritatem

333 3009 423 3051 suam
444 2989 528 3071 apud
545 3011 617 3052 suos
634 2989 799 3063 vilescere;
817 2987 989 3052 Parentum
1002 2987 1068 3052 scil.
1083 2988 1168 3071 apud
1180 2987 1321 3066 Liberos,
1335 2989 1580 3074 Praeceptorum
1595 2993 1679 3076 apud
1691 2991 1792 3056 Disci-

333 3076 434 3158 pulos,
459 3075 620 3141 Ditiorum
641 3078 726 3160 apud
745 3075 915 3160 Pauperes,
938 3075 1151 3141 literatorum
1172 3078 1256 3160 apud
1268 3076 1397 3155 idiotas,
1414 3076 1604 3162 Sapientum
1617 3082 1702 3165 apud
1714 3080 1791 3145 Insi-

332 3163 467 3245 pientes,
491 3162 610 3229 Senum
626 3165 710 3248 apud
726 3164 747 3229 J
748 3187 875 3243 uvenes,
900 3164 1100 3248 Optimatum
1113 3167 1197 3249 apud
1209 3165 1351 3244 Plebem,
1365 3166 1531 3232 Nobilium
1544 3170 1630 3252 apud
1642 3169 1790 3234 Homines

333 3251 372 3315 de
383 3251 471 3316 faece
483 3249 624 3332 Romuli,
637 3252 844 3318 Dominorum
860 3254 950 3339 [pag.
964 3253 1045 3339 929]
1058 3255 1142 3337 apud
1155 3251 1279 3333 Servos,
1293 3253 1509 3320 Honestorum
1521 3258 1607 3341 apud
1620 3257 1789 3342 Improbos,

334 3339 470 3424 denique
493 3340 642 3424 perfecte,
656 3343 740 3426 quod
752 3343 792 3406 ad
804 3343 991 3419 doctrinam,
1008 3341 1266 3407 Reformatorum
1278 3345 1363 3428 apud
1374 3344 1557 3410 Pontificios
1571 3349 1594 3413 tr
1608 3345 1790 3412 Sectariost

333 3433 442 3492 nostra
465 3429 620 3515 religione
644 3431 775 3495 alienos.
799 3432 830 3495 A
853 3431 1018 3509 molestiis,
1043 3430 1133 3509 odiis,
1147 3433 1366 3498 vexationibus
1382 3434 1628 3518 quamplurimis
1640 3436 1789 3500 immunes

335 3523 441 3582 essent
453 3515 605 3593 Ministri,
618 3519 811 3585 &Ecclesiae
820 3524 957 3595 nostrae,
966 3521 993 3584 si
1002 3521 1146 3604 exemplo
1154 3520 1392 3586 Pontificiorum
1400 3522 1571 3608 privilegia
1580 3525 1789 3590 exemtionnm

334 3607 572 3671 concedentium
596 3607 648 3693 (de
675 3631 737 3692 quo
763 3609 922 3674 Cusuialae
944 3609 1084 3692 ipsorum
1100 3609 1133 3673 in
1151 3631 1225 3674 voce
1240 3611 1380 3688 exantlo,
1393 3613 1416 3676 lv
1429 3613 1671 3679 Caumablocud
1689 3612 1739 3680 Ta.
1752 3611 1788 3676 de

332 3693 513 3780 privilegiis,
540 3697 642 3761 instar
668 3697 904 3762 manuductoris
928 3697 971 3762 sit
995 3699 1140 3784 Zypoeus
1163 3699 1249 3764 luris
1273 3699 1433 3801 Pontificii
1455 3703 1529 3766 acui
1551 3701 1646 3768 libro
1670 3704 1698 3766 5.
1718 3721 1786 3786 pag.

334 3782 509 3848 soa-323.
529 3784 604 3850 edit.
620 3785 653 3848 in
670 3785 715 3868 4.)
727 3785 761 3850 in
774 3785 941 3864 catechesi,
954 3785 1096 3871 liturgia,
1109 3788 1132 3852 b
1144 3787 1317 3852 canonibus
1329 3811 1395 3853 su1s
1407 3787 1605 3874 distinguere
1617 3791 1787 3875 potuissent

333 3872 420 3936 inter
432 3877 606 3958 exemptos,
619 3875 642 3940 tv
655 3896 717 3938 non
729 3879 909 3958 exemptos;
923 3878 979 3939 ant
992 3875 1168 3940 etiamnum
1180 3876 1213 3938 in
1226 3877 1405 3958 receptione
1418 3875 1648 3958 Membrorum,
1661 3877 1786 3963 stipula·

332 3959 452 4025 tionem
464 3961 503 4026 de
515 3963 715 4046 exemptione
731 3961 764 4025 in
780 3967 883 4028 totum
900 3966 956 4028 aut
967 3962 1001 4026 in
1012 3967 1148 4040 tantum,
1162 3965 1377 4041 admitterent,
1395 3965 1490 4050 siqui
1506 3967 1567 4032 hoc
1577 3969 1785 4051 postularent;

334 4051 390 4112 aut
402 4048 516 4115 saltam
528 4055 712 4116 consuetam
723 4051 964 4134 stipulationem
976 4051 1028 4137 (dc
1041 4055 1105 4136 qua
1116 4073 1216 4136 supra
1228 4054 1308 4138 Pap.
1323 4055 1412 4137 575.)
1424 4077 1488 4119 non
1502 4056 1720 4133 observarent3
1733 4058 1785 4118 aut

333 4135 468 4220 denique
492 4138 525 4202 in
548 4139 617 4222 ipso
640 4139 789 4204 exercitio
812 4139 1081 4220 adhortationum,
1105 4143 1350 4226 correptionum,
1367 4165 1572 4209 censurarum
1586 4145 1783 4230 praeterirent

333 4223 417 4303 illos,
439 4248 518 4308 quos
540 4235 604 4292 non
627 4228 708 4293 velle
724 4229 816 4312 tangi
827 4229 945 4293 scirent
958 4233 1013 4294 aut
1024 4234 1271 4314 praesumerent.
1296 4229 1358 4296 Sed
1370 4254 1426 4315 per
1438 4255 1624 4316 supremum
1635 4231 1783 4298 Ecclesiae

333 4311 536 4397 Magistrum,
556 4338 614 4398 per
624 4315 646 4380 J
646 4319 713 4380 uris
726 4316 825 4381 divini
840 4318 978 4394 tabulas,
991 4341 1048 4402 per
1060 4319 1283 4384 conscientiam
1296 4318 1366 4397 Dei,
1382 4343 1440 4404 per
1451 4344 1650 4388 communem
1663 4341 1783 4387 conan-

333 4423 403 4465 sum
423 4400 636 4467 Ecclesiarurn
650 4404 904 4486 reformatarum,
921 4407 1080 4490 imprimis
1092 4407 1306 4494 Belgicarum,
1318 4410 1369 4474 cui
1381 4409 1521 4480 Ministri
1534 4413 1704 4478 solenniter
1713 4407 1783 4474 sub-

1652 4500 1784 4566 scribunt
