3736 4860
306 284 368 349 108
681 283 842 350 Ponrrrcae
858 283 1107 350 Eccuasusncra
1132 282 1216 348 Pras
1230 283 1255 349 I.
1278 282 1343 348 Ius.
1357 281 1399 348 Π.

304 471 603 555 interpretationem
622 471 796 535 textualem
820 471 942 552 inillis,
959 493 1041 556 quae
1053 471 1299 555 explicationem
1311 468 1488 556 requirunt,
1502 467 1643 533 breviter
1655 472 1678 536 tr
1689 493 1765 554 per-

305 560 412 644 spicue
425 559 472 623 ita
484 558 629 642 proponi,
641 581 681 623 ne
693 559 846 625 excedant
857 564 1007 625 contenta
1019 560 1052 624 in
1064 558 1159 625 Notis
1172 558 1406 644 marginalibus
1418 555 1608 620 Bibliorum:
1618 559 1767 624 nisifortc

304 649 344 712 ad
355 647 520 712 hominem
531 647 693 731 operosior
704 649 897 713 controversi
911 653 1018 713 textus
1031 649 1201 732 explicatio
1215 652 1272 713 aut
1283 647 1425 730 ejusdem
1437 648 1457 709 a
1467 645 1701 712 detorsionibus
1710 649 1767 712 ali·

305 759 396 801 orum
414 736 587 801 vindicatio
606 735 698 803 hio&
717 759 801 801 nunc
822 737 1014 823 requiratur.
1041 739 1069 801 7.
1086 739 1130 804 Nc
1141 737 1257 802 saltem
1269 735 1440 820 explicatio
1452 737 1559 798 textus
1571 755 1700 801 omnem
1714 739 1767 800 ant

308 825 463 909 potiorem
476 825 630 908 temporis
642 824 834 889 concionalis
846 829 969 909 partem
982 830 1125 909 occupet.

349 911 407 978 IV.
432 913 602 979 Doctrinae
612 913 679 977 sive
690 913 808 993 theses,
821 915 887 978 sive
899 915 1136 980 observationes
1148 914 1346 999 theologicae
1358 935 1416 996 pro
1428 911 1578 977 concione
1588 914 1766 978 tractandae

306 1005 382 1066 sunt
393 1002 490 1067 duum
503 1023 666 1087 generum:
679 1002 730 1067 vel
743 1002 828 1066 enirn
841 1004 874 1066 in
886 1003 956 1087 ipso
968 1007 1044 1067 texu
1056 1004 1184 1069 cubant:
1198 1007 1244 1070 uel
1256 1025 1294 1067 ex
1307 1024 1344 1066 eo
1356 1023 1413 1085 per
1424 1000 1572 1085 primam,
1582 1002 1767 1078 evidentem,

305 1090 464 1156 &solidam
478 1089 737 1176 consequentiam
750 1091 930 1156 eliciuntur.
943 1091 992 1156 De
1004 1092 1121 1176 quibus
1133 1093 1213 1157 haec
1225 1090 1422 1157 observanda
1438 1091 1466 1154 l.
1481 1091 1526 1156 Ne
1537 1090 1674 1154 nimium
1687 1091 1764 1155 mul·

304 1179 499 1263 tiplicentur,
515 1180 630 1244 saltem
647 1203 709 1243 non
726 1179 766 1244 ad
781 1202 949 1245 numerum
971 1183 1022 1244 12.
1037 1185 1094 1244 aut
1109 1182 1140 1246 9.
1153 1185 1210 1246 aut
1222 1182 1252 1244 6.
1266 1183 1316 1246 ac.
1341 1177 1415 1244 Una
1427 1179 1541 1242 saltem
1557 1183 1656 1262 atque
1671 1179 1769 1244 altera

305 1289 377 1331 cum
393 1267 504 1332 usibus
522 1267 789 1352 applicationibus
807 1268 872 1333 suis
888 1269 968 1332 bene
988 1272 1136 1348 tractata,
1152 1269 1295 1334 concioni
1315 1266 1461 1332 horariae
1477 1267 1625 1332 sufficere
1638 1267 1767 1332 videtur.

305 1355 421 1420 Fateor
441 1361 549 1421 tamen
569 1357 666 1420 aliam
686 1379 754 1420 esse
770 1357 935 1435 rationem,
948 1379 1021 1421 cum
1033 1358 1161 1443 integra
1173 1361 1338 1435 tmemata,
1354 1359 1411 1420 aut
1423 1355 1555 1420 dimidia
1566 1355 1675 1440 capita
1688 1356 1768 1420 intra

305 1445 436 1509 horulae
456 1445 595 1529 spatium
616 1445 831 1529 explicantur:
854 1445 908 1510 ubi
924 1445 1085 1510 doctrinae
1106 1447 1212 1511 variae
1230 1446 1270 1510 ad
1286 1445 1430 1530 singulas
1442 1449 1550 1528 partes
1562 1449 1620 1509 aut
1631 1444 1768 1528 partium

303 1533 484 1613 divisiones,
501 1556 573 1598 cum
593 1533 703 1598 usibus
715 1535 781 1598 suis
796 1533 965 1613 indicatae,
979 1535 1200 1618 compendiose
1221 1537 1244 1602 b
1263 1533 1436 1599 summarie
1456 1536 1647 1598 tractantur.
1672 1533 1703 1598 2.
1729 1535 1769 1598 lle

305 1622 463 1686 diffundat
475 1645 508 1687 se
520 1622 731 1687 concionator
746 1622 780 1686 in
796 1622 1040 1707 explicationem
1052 1624 1206 1704 omnium,
1222 1642 1356 1708 quorum
1370 1643 1472 1700 voces,
1485 1625 1543 1686 aut
1558 1621 1700 1706 phrases,
1718 1627 1771 1686 aut

304 1711 480 1775 sententiae
499 1710 603 1775 locum
619 1710 712 1774 illum
729 1714 909 1795 tangentes,
930 1715 963 1775 in
975 1715 1067 1776 textu
1079 1712 1296 1777 inveniuntur.
1310 1711 1340 1774 3.
1367 1711 1411 1776 Ne
1422 1732 1480 1793 per
1492 1709 1636 1774 infirmas
1649 1714 1707 1774 aut
1717 1733 1771 1774 va·

304 1799 449 1864 cillantes
468 1799 711 1886 consequentias
726 1821 789 1864 non
802 1803 868 1864 tarn
882 1800 1058 1864 educantur
1070 1823 1107 1865 ex
1121 1805 1222 1880 textu,
1236 1823 1333 1885 quam
1345 1798 1576 1883 exprimantur.
1590 1797 1611 1861 4
1632 1799 1678 1864 Ne
1690 1799 1771 1882 prin·

304 1887 494 1971 cipalibus&
507 1888 610 1953 textui
622 1887 672 1952 illi
684 1887 820 1970 propriis
839 1891 935 1972 atque
948 1888 1053 1954 insitis
1066 1889 1218 1954 doctrinis
1230 1887 1412 1974 praeteritis
1424 1892 1481 1951 aut
1493 1886 1607 1952 leviter
1622 1888 1770 1970 perstric-

304 1976 356 2054 tis,
373 1999 411 2040 ex
433 1975 574 2058 professo
591 1978 757 2059 &operose
773 1981 991 2060 proponantur
1003 1979 1175 2058 doctrinae,
1188 2001 1271 2062 quae
1285 1978 1320 2042 in
1331 1980 1422 2041 textu
1433 1998 1497 2039 non
1508 1979 1706 2060 comparent,
1718 1981 1771 2040 aut

305 2087 386 2149 quae
406 2065 510 2148 prima
528 2067 550 2131 b
563 2064 709 2130 evidente
719 2065 944 2147 consequentia
956 2088 1018 2131 non
1032 2067 1220 2144 eliciuntur;
1234 2071 1291 2131 aut
1303 2087 1385 2150 quae
1396 2064 1560 2129 occasione
1573 2064 1705 2128 termini
1718 2087 1771 2130 seu

305 2152 451 2217 vocabuli
470 2153 494 2218 tu
513 2154 641 2236 quidem
657 2153 691 2216 in
710 2153 853 2234 subjecto
870 2154 1109 2233 enuntiationis,
1127 2159 1229 2220 autin
1242 2155 1382 2240 ejusdem
1394 2153 1688 2238 circumscriptione
1699 2175 1771 2218 oon·

304 2241 397 2320 tenti,
414 2264 454 2305 ex
469 2241 611 2324 professo
626 2245 816 2320 tractantur,
832 2265 859 2306 e.
872 2263 921 2327 gr.
939 2243 966 2306 si
977 2243 1049 2326 quis
1059 2243 1102 2322 ¹ad
1114 2265 1223 2309 omnes
1240 2242 1485 2320 enuntiationes,
1497 2241 1531 2305 in
1544 2241 1661 2326 quibus
1674 2241 1772 2320 Deus,

305 2333 362 2394 aut
377 2329 533 2410 Christus,
550 2335 607 2395 aut
621 2331 766 2414 angelus,
784 2335 840 2395 aut
855 2329 961 2409 homo,
977 2336 1034 2396 aut
1046 2335 1131 2397 terra
1142 2337 1200 2397 aut
1211 2333 1345 2410 coelum,
1357 2333 1409 2397 tre.
1422 2329 1499 2395 facit
1511 2329 1704 2414 subjectum,
1720 2335 1773 2394 aut

305 2420 432 2501 partem
444 2418 745 2502 circumscriptionis
758 2419 893 2504 subjecti
905 2424 962 2484 aut
974 2421 1072 2485 ctiam
1084 2421 1268 2505 praedicati,
1281 2421 1305 2486 tr
1317 2419 1481 2484 nominum
1494 2420 1635 2484 &rerum
1644 2417 1772 2483 illarum

305 2506 455 2571 notitiam
470 2528 508 2570 ac
518 2507 637 2591 justam
655 2529 694 2571 ex
709 2505 875 2591 Scriptura
894 2508 1139 2574 declarationem
1155 2509 1249 2574 toties
1265 2512 1433 2593 proponat,
1446 2506 1571 2590 quoties
1585 2507 1619 2570 in
1631 2507 1772 2572 textibus

306 2594 474 2678 praelectis
489 2599 668 2660 occurrunt.
687 2593 829 2660 Rursum
848 2597 876 2661 si
891 2597 963 2680 quis
974 2597 1008 2661 in
1020 2597 1168 2663 omnibus
1182 2597 1325 2662 textibus
1341 2595 1397 2660 nbi
1417 2595 1554 2660 occurrit
1565 2595 1695 2680 phrasis
1707 2596 1772 2674 illa,

305 2682 323 2747 d
328 2706 411 2762 esus,
431 2688 487 2748 aut
505 2682 676 2768 Propheta,
692 2689 749 2748 aut
764 2685 945 2769 quicunque
958 2687 1040 2750 alius
1056 2686 1122 2751 sive
1134 2686 1236 2750 fidelis
1252 2686 1318 2751 sive
1330 2683 1467 2749 infidelis
1479 2684 1571 2762 dicit,
1584 2686 1708 2750 locedia
1719 2697 1772 2762 erl,

305 2771 474 2856 respoudit,
495 2775 627 2855 operose
646 2775 669 2839 dr
688 2774 790 2838 otiose
808 2778 887 2858 agat
903 2775 941 2838 de
957 2779 1030 2840 actu
1048 2775 1197 2859 loquendi
1214 2772 1510 2858 &respondenditr
1534 2771 1587 2836 vix
1603 2773 1671 2852 illa,
1692 2795 1773 2858 quae

306 2861 391 2925 dicta
406 2861 429 2925 dr
448 2883 599 2944 responsa
615 2866 699 2938 sunt,
719 2862 870 2947 attingat,
887 2867 943 2926 aut
954 2867 1085 2947 propter
1096 2863 1249 2947 temporis
1261 2862 1445 2948 angustiam
1456 2863 1534 2926 tunc
1546 2861 1600 2926 vix
1612 2861 1773 2948 attingere

306 2949 416 3033 possit.
429 2949 461 3014 5.
479 2951 523 3016 Ne
535 2949 681 3034 singulae
693 2949 854 3015 doctrinae
869 2950 1027 3033 pluribus,
1040 2953 1157 3016 nedum
1168 2951 1317 3016 omnibus
1329 2948 1532 3028 testimoniis,
1544 2950 1569 3016 b
1583 2950 1774 3030 rationibus,

305 3059 387 3120 quae
399 3037 433 3100 in
444 3037 668 3120 prolixioribus
680 3037 862 3123 theologiae
874 3041 1088 3124 syntagmatis
1099 3040 1235 3124 proponi
1247 3040 1361 3118 solent,
1377 3037 1617 3104 confirmentur.
1630 3037 1773 3104 Suffece-

305 3125 348 3190 rit
353 3129 479 3209 praeter
487 3129 610 3190 textum
618 3126 812 3209 praelectum
821 3149 920 3192 uuum
928 3131 1024 3212 atque
1032 3125 1170 3194 alterum
1178 3130 1330 3194 selectum
1337 3127 1643 3205 testimonium,cum
1650 3127 1774 3192 ratione

171 3225 176 3236 '
305 3219 368 3278 und
388 3217 484 3297 atque
504 3214 605 3278 altera
617 3214 782 3292 adducere,
799 3215 916 3298 quibus
932 3217 1103 3301 aliquando
1119 3218 1159 3283 ad
1174 3217 1334 3283 hominem
1357 3217 1392 3280 in
1404 3214 1555 3280 doctrinis
1568 3215 1653 3280 inter
1677 3219 1775 3284 nos&

304 3301 1037 3474 tsnthttettlssteinaha:
1051 3303 1775 3477 :rrurrtetaluttttur:ts

305 3479 462 3563 Epistulae
471 3479 570 3545 ludus
580 3502 639 3563 pro
651 3479 799 3544 concione
811 3482 993 3564 propositis,
1004 3481 1028 3546 dr
1039 3487 1150 3566 postea
1162 3416 1331 3548 veinaculo
1343 3442 1490 3548 scrniona
1498 3481 1603 3562 editis,
1612 3482 1774 3548 doctrinas

305 3569 474 3651 plerasque
489 3567 655 3632 oenfirmat
670 3567 755 3633 dicto
766 3565 961 3652 Scripturas,
979 3572 1136 3655 exemplo,
1150 3572 1284 3636 ratione.

351 3655 392 3721 V.
404 3653 859 3742 Testruaampaficuimws
879 3661 975 3744 atque
985 3660 1249 3745 exaggerationes
1259 3659 1445 3746 (secundum
1455 3661 1558 3723 artem
1565 3657 1775 3742 rhetoricam)

304 3743 339 3807 in
351 3744 461 3809 usibus
473 3744 739 3825 adhortationum,
753 3745 1020 3827 dehortationem,
1033 3749 1327 3832 reprehensionum,
1340 3748 1573 3832 quaerelarum,
1582 3749 1776 3813 consolatio·

306 3855 393 3911 num,
407 3831 575 3916 praecipue
588 3833 692 3897 locum
703 3833 839 3924 habent:
856 3857 919 3900 non
931 3835 1009 3901 item
1017 3837 1052 3900 in
1063 3836 1230 3902 doctrinis:
1242 3837 1346 3902 rarius
1358 3836 1457 3902 etiam
1468 3858 1506 3901 ac
1516 3836 1645 3920 parcius
1656 3837 1692 3900 in
1704 3836 1774 3922 qui·

306 3919 557 4072 buispistusibus
577 3921 751 3986 elencticis:
772 3921 835 3987 nisi
850 3945 937 3989 error
957 3923 1126 4006 haeresim,
1143 3930 1199 3992 aut
1214 3925 1459 4011 blasphemiam,
1476 3928 1532 3990 aut
1543 3924 1775 4008 profanitatem
1846 4003 1850 4010 Ι

307 4029 380 4071 1nv0
395 4029 434 4071 va
450 4055 459 4072 .

354 4092 411 4158 VI.
439 4097 519 4161 Usus
538 4099 672 4163 emmer·
688 4100 820 4164 tractari
839 4121 903 4165 non
921 4101 1045 4180 debent,
1068 4102 1131 4167 nisi
1152 4102 1208 4168 ubi
1229 4125 1351 4168 errores
1371 4101 1533 4168 refutandi
1551 4101 1775 4168 invisceribus

308 4180 469 4247 Ecclesiae
481 4189 623 4268 serpunt,
635 4191 692 4251 aut
703 4209 773 4252 eam
786 4189 1001 4269 circumstant,
1014 4196 1071 4255 aut
1081 4190 1111 4255 ei
1123 4192 1278 4275 adjacent.
1290 4189 1327 4256 Si
1338 4214 1418 4277 quos
1429 4195 1537 4256 antem
1557 4191 1701 4276 postulet
1711 4189 1775 4255 Ec·

307 4269 422 4335 clasiae
441 4271 628 4352 aedificatio,
648 4295 711 4339 non
731 4279 888 4342 sunt-tam
906 4282 1047 4362 operose,
1064 4283 1186 4360 exacte,
1206 4281 1229 4347 tr
1248 4280 1412 4346 subtiliter
1429 4280 1600 4360 tractandi,
1620 4279 1669 4344 uti
1689 4280 1776 4344 inter

307 4357 447 4428 eruditos
464 4358 498 4427 in
517 4357 715 4432 Academicis
734 4365 923 4434 lectionibus
934 4369 958 4437 tr
969 4368 1240 4458 disputationibus
1252 4369 1323 4438 fieri
1334 4368 1426 4438 solet.
1437 4368 1622 4458 Aliquando
1635 4367 1777 4526 qugffi
