3712 4850
308 273 371 338 182
510 343 537 370 ,γ
668 270 749 335 Pras
773 267 798 333 Ι.
824 253 870 333 bc
895 268 1028 336 Oararro
1052 267 1156 333 Ponn.
1180 271 1270 332 acer..
1295 265 1360 331 Lra.
1385 266 1460 357 I.¹

306 464 493 544 conceptum
503 460 640 526 formare
653 481 758 544 posse.
771 455 881 520 Nolim
889 460 997 522 tamen
1010 459 1102 520 autor
1115 477 1194 531 esse,
1212 457 1248 518 ut
1257 453 1312 518 ubi
1327 476 1391 518 non
1404 458 1489 530 sunt,
1502 454 1540 518 de
1553 474 1635 518 novo
1648 438 1781 516 institu-

306 554 415 613 antur:
428 549 504 634 quin
519 549 625 634 potins
638 541 699 613 hod
711 546 893 611 enitendum
907 550 943 610 ut
956 545 1073 630 ubique
1084 542 1394 627 Presbyteriorunr&
1407 541 1607 628 synodorum
1617 541 1780 606 communi

310 639 442 703 consilio
464 637 627 702 Ecclesiae
647 640 810 723 regantur.
835 633 1006 712 Hoeenim
1026 638 1074 697 est
1095 631 1175 716 juris
1195 632 1294 696 divini
1315 633 1337 696 d
1358 633 1482 718 antiqui
1495 631 1726 696 Ecclesiastici.
1741 670 1780 678 κ

310 729 366 792 ΙΙΙ.
382 727 505 809 Quaen.
521 726 603 803 Quid
617 726 820 792 statuendum
833 725 870 788 de
880 724 979 789 Oelsis
988 722 1273 798 commissionibus,
1283 721 1424 786 Cameris
1432 721 1610 798 stellatis&
1619 720 1782 785 Convoca-

208 833 222 852 ·
307 816 448 880 tionibus
461 815 708 900 Episcoporum:
723 815 854 898 adquae
867 835 940 898 pars
953 813 1070 898 aliqua,
1085 815 1141 876 aut
1149 811 1335 875 exercitium
1345 811 1474 896 aliquod
1482 809 1659 874 Potestatis
1668 809 1782 874 Eccle-

307 899 453 969 siasticae
465 905 601 968 antehac
610 904 728 969 alicubi
736 902 872 967 derivari
881 903 971 966 solet.
983 903 1071 984 desp.
1081 899 1149 964 Aut
1155 900 1286 964 fuerunt
1295 889 1438 984 Collegia
1446 901 1533 977 mere
1542 899 1782 978 Ecclesiastiea,

309 999 364 1058 aut
377 997 462 1058 mere
474 993 615 1078 politica,
633 999 689 1058 aut
700 992 818 1056 mixta:
832 990 939 1077 lisque
952 990 1074 1054 tributa
1086 989 1149 1053 fuit
1165 988 1311 1054 Potestas
1321 989 1555 1066 Ecclesiastica,
1569 993 1626 1052 aut
1639 987 1784 1072 politica,

309 1087 365 1148 aut
373 1083 474 1146 mixta
485 1104 492 1146 τ
506 1084 600 1169 idque
613 1105 652 1147 ex
664 1081 863 1166 delegatione
880 1085 935 1148 aut
948 1078 1046 1164 Regis
1059 1083 1213 1163 tanquam
1226 1077 1340 1161 capitis
1353 1077 1783 1162 Ecclesiae,‚autEpiscopo-

263 1201 273 1220 ·
308 1195 389 1250 rum,
403 1177 459 1236 aut
471 1171 633 1236 Ecclesiae
644 1171 853 1256 Anglicanae.
862 1168 961 1244 Nulla
971 1167 1116 1232 Potestas
1126 1166 1349 1231 Ecclesiastica
1358 1167 1485 1252 proprie
1494 1165 1578 1230 dicta
1587 1167 1627 1230 ad
1636 1165 1785 1252 Collegia

309 1261 375 1326 sive
387 1261 498 1339 mixta,
508 1261 574 1326 sive
584 1261 714 1345 politica
722 1257 888 1333 transferri
899 1261 1003 1342 potest
1012 1255 1051 1320 ab
1060 1256 1213 1334 Ecclesia,
1223 1255 1350 1340 proprio
1359 1254 1532 1319 Potestatis
1542 1256 1610 1338 ejus
1619 1255 1784 1338 subjecto:

309 1373 366 1434 per
388 1372 608 1436 quemcunque
632 1349 690 1414 hoc
714 1350 780 1412 fiat.
808 1349 903 1413 Nulla
927 1345 1072 1410 Potestas
1097 1345 1331 1422 Ecclesiastico,
1356 1367 1412 1408 seu
1434 1344 1537 1408 mavis
1560 1345 1686 1408 nullum
1712 1346 1782 1428 ejus

312 1439 497 1503 exeroitirmr
514 1439 655 1522 delegari
667 1441 772 1522 potest
784 1437 807 1502 tr
820 1435 955 1500 conferri
968 1434 1101 1519 collegio
1114 1434 1210 1498 alicui
1222 1433 1446 1498 Ecclesiastico
1459 1437 1515 1496 aut
1531 1433 1607 1498 viris
1620 1433 1785 1508 Ecclesia-

312 1529 399 1592 stiois
413 1551 469 1612 per
487 1529 576 1613 [pag.
592 1527 671 1612 217]
686 1528 768 1605 illos,
786 1525 840 1611 qui
856 1525 917 1610 ipsi
931 1547 1001 1589 eam
1013 1523 1205 1588 nonhabent
1217 1521 1395 1586 formaliter
1408 1527 1464 1586 aut
1477 1521 1664 1586 eminenter.
1678 1523 1784 1608 Atqui

310 1617 488 1700 Principes,
502 1615 723 1700 Magistratus,
732 1614 882 1698 Episcopi
896 1615 946 1678 &a
955 1635 1018 1677 uon
1031 1612 1167 1676 habent:
1182 1611 1237 1676 sed
1248 1613 1316 1676 sola
1324 1611 1477 1692 Ecclesia,
1487 1613 1510 1678 b
1519 1611 1786 1695 CollegiaEccle-

311 1706 449 1770 siastica.
470 1705 616 1769 Breviter
634 1727 734 1770 novae
752 1704 832 1767 tales
845 1709 996 1773 πολιτεῖαιι,
1009 1702 1043 1766 in
1055 1702 1151 1766 verbo
1164 1700 1224 1765 Dei
1236 1723 1299 1765 non
1313 1706 1507 1785 comparent,
1524 1700 1786 1786 apostolicaeque

312 1795 489 1880 &antiquis
505 1793 657 1859 Ecclesiis
678 1795 771 1878 plane
792 1791 972 1876 incognitae
993 1790 1132 1856 fuerunt.
1157 1789 1247 1866 Quod
1268 1790 1346 1855 satis
1367 1793 1529 1873 suspectas
1550 1811 1604 1854 eas
1619 1790 1740 1866 reddjt3
1763 1791 1786 1854 d

312 1884 441 1947 reddere
462 1883 608 1967 inprimis
629 1883 790 1948 debuisset
802 1881 888 1965 apud
903 1880 985 1957 illos,
998 1880 1053 1965 qui
1065 1879 1146 1943 nihil
1159 1879 1221 1943 nisi
1233 1878 1460 1965 antiquitatem
1475 1878 1750 1957 Ecclesiasticam,
1763 1879 1787 1942 fv

310 1972 648 2038 Ecclesiaehodiernae
656 1967 1448 2056 adejusmodulumatqueexemplarrevocationem
1458 1990 1572 2052 praese
1580 1968 1798 2032 ferebant-1

312 2064 365 2127 IV.
392 2063 516 2144 Quaeri.
541 2060 593 2125 An
608 2083 692 2146 papa
716 2061 759 2125 sit
781 2058 1002 2126 immediatum
1022 2058 1202 2142 &primum
1222 2059 1399 2142 subjectum
1424 2056 1597 2121 Potestatis
1617 2056 1784 2122 Ecclesia-

314 2151 429 2215 sticae:
439 2151 485 2214 ita
498 2155 534 2214 ut
546 2173 655 2215 omnes
665 2151 720 2213 alii
733 2147 895 2222 Rectores,
909 2146 1068 2225 Pastores,
1083 2147 1241 2231 Episcopi,
1256 2147 1397 2210 habeant
1408 2145 1499 2210 illam
1511 2146 1671 2210 mediante
1689 2145 1788 2230 Papa,

185 2293 196 2312 .
313 2228 335 2302 b
347 2262 404 2323 per
413 2239 551 2325 gratiam
563 2240 646 2304 sedis
658 2237 862 2322 apostolicae.
878 2239 966 2320 Hesp.
980 2235 1062 2300 Vide
1076 2235 1261 2300 Andabatas
1274 2235 1458 2300 Pontificios
1471 2235 1684 2320 digladiantes
1699 2238 1789 2320 apud

313 2329 547 2396 Belbuvninroa
564 2329 615 2392 lib.
629 2329 659 2390 4.
676 2329 713 2393 de
732 2327 847 2412 Pontis.
861 2349 885 2392 c.
900 2328 952 2388 22.
966 2326 1187 2392 &indistorta
1203 2326 1315 2390 Coricit.
1336 2325 1512 2390 Trirloatini
1524 2325 1576 2389 lib.
1592 2325 1622 2388 7.
1640 2323 1716 2402 ‚Nos
1732 2325 1789 2390 hic

313 2420 506 2501 spectatores
519 2439 639 2482 sumus.
652 2417 785 2481 Interim
798 2415 993 2480 remittimus
1007 2415 1139 2479 lectores
1153 2413 1192 2478 ad
1214 2415 1427 2492 turinorum,
1441 2413 1643 2481 Circaeis-rura
1652 2415 1690 2478 de
1701 2415 1790 2479 Pon·

314 2509 401 2662 thusca
421 2507 559 2592 aliosque
574 2507 796 2591 ,tritupoaians
810 2505 999 2570 Bellormiai
1006 2529 1015 2568 :
1028 2507 1050 2569 b
1065 2507 1208 2568 Marcum
1220 2505 1393 2568 Antonium
1406 2504 1443 2568 dc
1454 2504 1598 2568 doctrinis
1604 2503 1642 2567 dc
1654 2504 1789 2588 sepior.

342 2596 535 2674 eclesiastici,
557 2598 579 2662 tr
599 2617 756 2677 nuperum
778 2597 957 2659 Tractatum
974 2592 1056 2657 Gall.
1069 2594 1203 2658 Doridis
1218 2593 1384 2671 Bioadclli,
1399 2593 1458 2656 viri
1475 2593 1508 2655 in
1521 2592 1715 2676 antiquitate
1728 2593 1792 2658 Ec·

314 2685 491 2749 olesiastica
503 2685 723 2762 versatissimi,
736 2684 773 2748 cic
786 2683 945 2749 Primam.
953 2722 986 2728 —
1002 2684 1031 2746 V.
1044 2685 1166 2765 (luccat.
1178 2681 1226 2746 An
1238 2682 1391 2746 (lonclare
1403 2703 1458 2746 seu
1467 2681 1698 2746 consistorium
1708 2681 1791 2746 Gar-

319 2774 486 2852 dinalium,
509 2778 636 2837 mortno
655 2772 763 2856 Papa?
789 2774 878 2856 Resp.
903 2771 1054 2846 Quaestio
1072 2771 1316 2836 Andabatarum
1329 2771 1366 2835 de
1379 2771 1534 2834 creaturis
1546 2794 1601 2836 seu
1614 2770 1791 2835 chimaeris

315 2863 475 2927 humanis.
500 2862 549 2926 De
567 2863 628 2926 hoc
651 2862 735 2926 infra
754 2864 840 2926 Puri.
858 2863 888 2925 2.
902 2861 957 2925 nbi
974 2882 1105 2946 agemus
1118 2861 1155 2924 de
1169 2859 1407 2924 (lardinalibum
1423 2863 1445 2926 t
1454 2860 1522 2943 jam
1535 2859 1791 2944 praelibavimus

315 2953 347 3016 in
364 2953 492 3036 Despcr.
515 2949 618 3016 Oarrsd
636 2953 777 3034 ,Populus
798 2949 850 3014 tt.
864 2953 893 3013 2.
908 2963 974 3014 recl.
990 2953 1019 3013 3.
1033 2987 1076 2998 -
1087 2951 1133 3013 VI.
1148 2951 1271 3032 Qrmcst
1285 2947 1337 3012 An
1351 2948 1512 3032 Episcopi,
1530 2948 1789 3034 archiepiscopi,

317 3064 372 3114 sen
391 3040 624 3124 Metropolitae,
651 3039 872 3115 Patriarcbae;
891 3040 996 3103 euriae
1009 3039 1241 3122 Episcopales?
1268 3040 1357 3122 drap.
1374 3040 1447 3128 Nep.
1471 3037 1561 3102 Infra
1576 3037 1792 3103 12022211-

316 3152 427 3194 manas
448 3130 506 3193 bas
529 3134 690 3194 creaturas
710 3129 973 3193 examinabimus.
997 3127 1130 3192 Interim
1155 3128 1275 3192 consuli
1297 3132 1431 3210 possunt
1444 3125 1633 3211 Scriptores
1646 3127 1702 3210 qui
1717 3130 1792 3213 epi-

317 3241 484 3302 scoporum
497 3219 694 3283 Potestatem
703 3218 893 3296 refutarunt,
904 3217 1034 3281 indicati
1048 3217 1165 3280 anobis
1175 3217 1244 3280 libr.
1255 3217 1284 3279 2.
1296 3217 1441 3282 Bibliolb.
1450 3217 1589 3302 Theolop.
1599 3229 1668 3281 secl.
1677 3219 1708 3280 2.
1717 3240 1792 3304 cup.

320 3311 396 3372 8.-
405 3311 466 3374 Vll.
483 3311 607 3390 (luccat.
620 3307 673 3372 An
685 3307 826 3371 Concilia
838 3307 1078 3390 Episcoporum,
1093 3306 1280 3390 praesertim
1293 3303 1528 3371 Oecumenica?
1543 3307 1631 3390 Rcap.
1650 3305 1700 3369 lta
1713 3308 1793 3390 qui-

318 3400 389 3462 dem
408 3398 486 3462 velit
508 3395 661 3470 Sorboua,
687 3398 816 3480 ejusque
837 3397 962 3460 frenum
986 3395 1107 3458 sanctio
1130 3395 1337 3478 pragmatica,
1358 3417 1438 3478 quae
1458 3394 1579 3478 Ptrpam
1596 3395 1793 3462 subordinat

317 3487 467 3552 Concilio.
485 3486 604 3568 Dequo
619 3486 687 3548 vide
702 3487 885 3550 Bello-maia.
899 3486 949 3548 lid.
965 3486 995 3548 4.
1007 3484 1045 3548 de
1060 3483 1207 3567 Pontifici?
1219 3506 1243 3548 c.
1260 3485 1311 3546 22.
1331 3483 1397 3548 Nos
1410 3485 1515 3548 neutri
1529 3507 1599 3548 eam
1611 3483 1793 3551 tribuimus

269 3607 283 3630 ·
318 3575 351 3640 Si
373 3581 478 3640 tamen
500 3599 538 3638 ex
555 3575 676 3640 duobus
694 3575 786 3638 malis
799 3575 904 3638 minus
917 3574 1117 3637 tolerandum
1131 3578 1222 3652 esset,
1240 3579 1396 3638 staremus
1410 3577 1428 3636 a
1440 3573 1678 3657 portationcilii
1691 3597 1793 3640 oeen-

318 3665 434 3730 menici
455 3664 624 3748 aequivoce
647 3664 691 3728 sic
712 3663 804 3727 dieti:
827 3686 902 3726 nam
915 3662 1090 3726 Concilium
1104 3663 1340 3726 oecumenicum
1353 3663 1480 3746 proprie
1493 3663 1612 3727 dietum
1621 3667 1695 3746 post
1704 3669 1793 3730 tem-

318 3777 396 3839 pora
416 3754 591 3838 apostolica
612 3754 765 3816 hactenus
785 3753 942 3824 ε’κευμένη.
964 3751 1087 3836 (Orbis)
1114 3753 1253 3814 nondum
1271 3751 1350 3814 vidit
1369 3789 1412 3798 -—
1424 3753 1499 3817 l'lll.
1516 3754 1639 3833 Ouessa.
1657 3751 1710 3816 An
1726 3753 1793 3818 Ec-

320 3844 433 3908 clesiae
446 3843 662 3919 Catlredrales,
675 3845 697 3906 dr
711 3840 987 3922 Metropolitanus,
1001 3847 1056 3903 aut
1069 3862 1176 3903 earum
1190 3840 1362 3920 Capitula‘?
1379 3843 1470 3925 Hesp.
1486 3842 1557 3924 d'cp.
1572 3841 1620 3904 De
1634 3840 1728 3906 Ercle
1760 3843 1792 3908 Iis

319 3933 384 3996 illis
396 3932 535 3995 hnmana
548 3935 615 3994 arte
632 3929 823 3995 &industria
839 3929 1014 3999 fabricatis,
1028 3929 1152 4014 egimus
1172 3932 1268 3994 Trurl.
1282 3929 1430 3996 praeced.
1443 3931 1480 3993 de
1494 3929 1642 4014 capitulo
1655 3933 1677 3996 d
1692 3929 1724 3995 Cr
1760 3931 1792 3994 d-

320 4021 489 4098 tularibuS,
503 4023 524 4086 a
539 4043 670 4103 agemus
685 4019 767 4082 infra
783 4018 868 4084 Part.
885 4019 957 4082 20⁶*
974 4019 1028 4084 IX.
1045 4022 1169 4100 errresl.
1184 4019 1234 4082 dn
1248 4019 1306 4082 soli
1317 4018 1457 4082 Ministri
1466 4020 1532 4083 sive
1542 4019 1674 4083 seorsim
1684 4042 1724 4084 ro¹
1760 4021 1790 4085 :i-

321 4109 432 4181 derati,
449 4109 515 4172 sive
525 4108 693 4185 collectim,
707 4109 738 4172 lr.
757 4132 783 4172 e.
798 4114 970 4172 conventus
983 4107 1204 4172 Ministrorum
1220 4107 1337 4192 Synodi
1351 4109 1417 4172 scil.
1433 4111 1454 4174 b
1468 4109 1591 4172 Classes
1605 4114 1736 4192 constar
1760 4113 1790 4176 'es

322 4221 360 4261 ex
372 4197 527 4280 delegatis
540 4196 765 4273 Ecclesiarum,
779 4198 854 4260 solis
868 4198 934 4261 soil.
951 4197 1118 4274 Ministris,
1132 4197 1297 4260 autetiam
1311 4196 1513 4262 Senioribus:
1527 4197 1573 4261 ita
1586 4203 1621 4261 nt
1639 4199 1714 4262 inde
1760 4223 1790 4263 o·

321 4291 420 4350 testas
443 4287 475 4349 in
496 4286 703 4368 particulares
725 4310 866 4370 quasque
888 4287 1056 4362 Ecclesias,
1078 4310 1249 4369 earumque
1271 4287 1465 4350 (lorrsistoria
1485 4286 1670 4350 derivetur?
1698 4291 1720 4354 d
1760 4310 1791 4372 p.

323 4378 396 4456 Nep.
422 4373 561 4437 Tantum
582 4374 665 4437 eninr
679 4376 779 4454 abest,
793 4381 829 4438 ut
843 4375 1001 4439 Ecclesias
1019 4377 1058 4440 ab
1073 4375 1137 4440 illis
1151 4376 1293 4440 coetibus
1309 4376 1384 4439 oriri
1398 4381 1551 4460 tanquam
1570 4376 1685 4460 primis
1703 4401 1728 4461 p*
1760 4401 1790 4441 n·

1699 4490 1727 4530 er
1760 4490 1791 4530 rs
