3766 4866
324 304 439 376 Tener.
452 305 509 374 ΠΙ.
533 302 582 374 Dc
596 261 731 374 Arruns
743 301 922 375 Oammnus
935 299 1224 376 Parnaco-ruamus.
1249 300 1319 376 Car.
1333 303 1392 375 ΠΙ.
1520 308 1584 374 335

119 499 219 585 llepni
232 499 409 578 wemmam,
423 494 455 563 a
467 499 503 563 in
515 495 669 563 Dicentis
683 495 804 564 nostra
815 495 853 560 de
867 493 1225 579 Correptioncsrctecnd,
1234 493 1310 564 aa
1320 496 1439 584 Officiis
1445 496 1585 562 caritatis
1661 549 1665 556 .

118 609 191 674 erpa
204 588 395 673 pronianum
405 592 592 672 peccantem.
617 585 646 648 3.
661 587 756 651 conct.
771 583 946 668 Nunquam
958 587 1066 648 tamen
1078 587 1232 668 perpetua
1244 584 1372 649 omissio
1384 585 1407 650 tr
1420 585 1584 650 abstinen-

118 678 165 743 tia
189 677 372 743 averitatis'
389 676 476 741 illius
489 673 684 760 professione
698 678 762 759 qua
773 673 924 757 privatim
936 677 1000 757 qua
1012 672 1147 756 publice,
1161 694 1225 752 ore,
1239 673 1481 758 subscriptione,
1494 675 1584 758 jura·

118 770 228 830 mento
240 765 467 849 promittenda.
491 763 590 828 Aliud
608 764 693 827 enim
706 759 899 838 essetecum
908 761 961 826 hic
976 764 999 828 tc
1021 766 1105 826 riunc
1117 762 1238 846 aliquid
1249 762 1319 845 ipso
1330 762 1415 828 facto
1427 763 1585 842 omittere,

118 855 270 932 reticeret
283 843 471 938 praeteriret
486 855 508 918 b
521 853 618 932 aliud,
630 853 695 917 tale
708 851 893 936 impositum
904 850 1068 916 silentium
1080 850 1203 915 solenni
1215 851 1458 935 subscriptione,
1470 852 1503 933 in
1513 875 1583 917 sus·

119 944 265 1028 ceptione
285 947 342 1008 aut
361 942 599 1008 continuatione
612 941 782 1006 ministerii
793 939 989 1025 promittere.
1015 938 1189 1023 Praecepta
1203 939 1406 1020 affirmativa,
1424 941 1533 1028 (quale
1556 963 1583 1006 e.

119 1055 167 1116 gr.
175 1031 535 1119 praedicacatprofitere
542 1030 623 1096 borco
630 1042 686 1096 ont
694 1031 783 1095 illurn
791 1028 967 1114 unitatem)
974 1028 1120 1114 obligant·
1128 1050 1261 1112 semper,
1270 1029 1395 1094 sednon
1402 1029 1441 1094 ad
1449 1052 1583 1115 semper:

118 1121 175 1186 sed
185 1124 358 1206 praecepta
369 1120 520 1205 negativa
531 1119 638 1206 (quale
652 1141 678 1184 e.
688 1140 737 1204 gr.
748 1118 830 1183 nitit
841 1117 1024 1202 sedendum.
1036 1117 1324 1198 concrescentem
1337 1129 1394 1183 cuc
1405 1119 1584 1204 inqnadnn

117 1209 367 1295 praejudicinm)
387 1208 534 1294 obligant
556 1229 691 1292 semper,
712 1207 791 1273 &ad
803 1227 936 1290 semper.
961 1204 1012 1271 Ita
1024 1205 1185 1272 Ecclesiae
1196 1209 1324 1271 nostrae
1335 1229 1508 1292 earumque
1520 1207 1584 1272 Mi-

118 1299 215 1363 nistn'
228 1298 263 1362 in
280 1295 481 1363 Gallicanae
494 1296 591 1361 1606.
605 1297 642 1360 de
655 1295 740 1360 facto
755 1295 946 1360 destiterunt
970 1295 1030 1380 (ita
1042 1295 1166 1360 volente
1183 1292 1272 1380 Rege
1283 1294 1423 1360 Henrioo
1439 1294 1508 1376 IV,
1527 1296 1583 1381 qui

119 1387 228 1472 ajebat
250 1385 389 1451 rationes
414 1408 488 1452 suas
511 1387 534 1450 o
545 1389 746 1468 praesentem
758 1406 865 1448 rerum
878 1387 997 1449 statum
1009 1381 1108 1448 talem
1119 1383 1329 1452 mutationem
1341 1385 1375 1448 in
1387 1384 1583 1450 confessione

94 1545 99 1553 ,
119 1476 213 1629 Eag.
229 1474 311 1560 902]
324 1475 442 1539 factam
455 1495 519 1538 non
530 1472 627 1556 ferre)
641 1473 681 1537 ab
695 1473 911 1538 additamento
925 1471 1073 1556 publicae
1089 1494 1165 1538 suae
1179 1471 1404 1555 confessionis,
1416 1496 1482 1559 quo
1495 1473 1584 1559 Papa

170 1586 287 1630 manns
309 1563 512 1648 praedicatur
533 1583 669 1648 magnus
689 1561 745 1626 ille
757 1559 986 1626 Antichristus.
1011 1559 1085 1626 Non
1097 1561 1584 1645 promiserunttamea,sehanc
1704 1625 1705 1630 ,

119 1652 314 1718 sententiam
336 1674 428 1716 suam
450 1651 603 1736 privatim
626 1650 793 1734 publicave
816 1651 850 1714 in
870 1650 1012 1728 Ecclesit
1032 1650 1354 1736 nonpraedica'tnros,
1367 1673 1513 1717 necvoce
1527 1655 1584 1716 sut

119 1736 974 1896 tdttrtttoetttlittterlttlssttl
986 1736 1492 1894 tttlttttttlltttc
1507 1763 1584 1895 su

120 1918 295 1998 messione,
312 1917 345 1983 in
361 1915 488 2003 Synodo
506 1849 720 1983 Dbrdraeenci
728 1913 831 1981 Nobis
851 1916 952 1981 relata
972 1938 1040 1981 esse
1060 1918 1079 1980 a
1099 1914 1280 1982 Tronchino
1298 1914 1462 2004 Theologo
1479 1875 1583 1984 liene-

107 2007 221 2073 uensi.
245 2009 276 2072 4.
292 2007 388 2074 cenet.
404 2005 440 2071 Si
450 2004 594 2071 Ecclesia
605 2005 709 2070 ticina
721 2005 863 2088 ejusdem
875 2005 1034 2089 synodalis
1047 2004 1353 2088 correspondentiae,
1366 2011 1421 2072 aut
1429 2007 1583 2092 aliaquae

120 2100 285 2176 extranea,
310 2096 343 2160 in
368 2117 443 2161 casu
466 2093 665 2160 necessitatis
688 2093 748 2159 hoo
771 2093 921 2178 postulet,
942 2093 992 2158 cui
1007 2093 1128 2177 alioqui
1143 2093 1312 2174 scismatis,
1325 2099 1382 2160 aut
1397 2097 1583 2176 vexationis,

120 2184 387 2271 &persecutionis
399 2183 577 2268 periculum
588 2183 805 2260 metuendum,
817 2181 880 2246 nisi
888 2182 1007 2266 judicio
1019 2183 1043 2248 te
1055 2203 1209 2248 consensu
1218 2181 1354 2248 aliorum
1360 2188 1583 2250 extraneorum

119 2277 213 2340 extra
234 2275 342 2358 partes
364 2273 541 2358 positorum
568 2274 693 2356 promte
708 2271 856 2354 juvetur:
881 2293 945 2336 non
961 2270 1063 2351 video,
1087 2271 1244 2354 quomodo
1255 2293 1313 2355 per
1328 2274 1582 2340 communionem

120 2366 304 2428 sanctorum
316 2359 760 2439 clementissimeque
774 2360 790 2423 1
807 2361 889 2425 Patr.
902 2359 932 2424 3.
945 2379 975 2425 v.
993 2358 1044 2426 16.
1057 2357 1199 2424 officium
1211 2360 1434 2448 subterfugere
1450 2363 1584 2447 possint.

120 2450 196 2518 Nisi
203 2449 286 2516 forte
298 2451 331 2515 vi
342 2449 455 2532 majori
467 2449 693 2532 impediantur,
702 2449 725 2514 tu
734 2470 791 2532 per
802 2447 892 2512 illam
905 2447 1055 2516 damnum
1064 2469 1231 2535 emergens
1239 2449 1445 2536 longemajus
1455 2474 1584 2537 exspec-

120 2540 266 2618 tandum,
279 2559 375 2622 quam
394 2539 647 2604 emolumentum
667 2535 829 2602 Ecclesiae
841 2536 1019 2621 postulanti
1034 2559 1073 2602 ex
1089 2537 1236 2623 suffragii
1247 2538 1271 2603 tt
1283 2561 1453 2605 consensus
1466 2541 1585 2606 auxilio

121 2627 328 2782 didita·
344 2624 1584 2800 itittltttttlllltttttbttttltilctttttlttltlt

120 2806 204 2870 lium
226 2805 452 2890 praestandum
474 2826 537 2870 non
553 2803 782 2868 convolabant:
800 2803 884 2886 quod
895 2803 935 2867 ab
948 2803 1023 2884 illis,
1036 2803 1091 2886 qui
1101 2825 1209 2868 rerum
1221 2808 1298 2871 tunc
1308 2805 1343 2870 in
1356 2805 1470 2890 politia
1480 2806 1586 2891 poue-1

120 2895 250 2974 bantur,
272 2893 528 2978 prohiberentur.
548 2890 705 2976 Alioquin
727 2913 799 2956 cum
822 2891 887 2957 illis
903 2891 960 2976 qui
975 2892 1182 2976 consuluntur
1198 2893 1221 2960 te
1237 2893 1441 2974 advocantur,
1452 2917 1511 2961 neo
1522 2917 1582 2980 po-

121 2986 223 3048 testas
235 2983 258 3049 dc
269 2981 414 3066 potentia
426 2981 524 3061 deest,
537 3002 596 3046 nec
607 2983 626 3045 a
637 2983 795 3065 potestate
807 2982 831 3047 te
841 2980 985 3065 potentini
993 2980 1147 3048 saeculari
1155 2981 1387 3068 impediuntur:
1397 2980 1584 3050 nondebent

121 3070 239 3136 fratres
263 3071 454 3151 laborantes,
479 3072 502 3138 t
523 3069 606 3135 forte
623 3091 697 3134 mox
716 3068 922 3156 naufragium
941 3069 1072 3156 aliquod
1090 3091 1239 3154 passuros
1254 3070 1439 3138 destituere.
1461 3071 1545 3149 Quid
1556 3074 1585 3139 si

121 3160 185 3225 hue
201 3181 259 3225 suo
278 3160 371 3225 modo
391 3158 569 3244 applicetur
580 3159 661 3223 illud
671 3157 694 3223 J
695 3157 776 3223 udic.
790 3158 820 3223 5.
833 3181 864 3224 v.
877 3159 930 3223 23.
943 3157 1115 3226 maledicite
1130 3158 1264 3238 Menoec,
1277 3159 1381 3246 inquit
1392 3163 1524 3247 anqctne
1535 3163 1584 3227 Je-

120 3249 229 3328 touue,
252 3248 463 3314 indesinenter
486 3248 658 3314 maledicite
672 3247 898 3314 habitatoribus
909 3248 986 3332 cjnc,
998 3247 1075 3335 qnia
1086 3266 1152 3314 non
1165 3248 1360 3315 anmmrnm
1371 3250 1414 3315 ud
1425 3251 1584 3318 ancilium

120 3337 269 3404 Jelrovne.
292 3334 388 3402 Anno
414 3337 510 3401 1616.
526 3336 560 3400 in
582 3334 766 3415 Hollandia,
791 3337 808 3399 ὸ
832 3335 969 3420 publicis
991 3335 1132 3420 templis,
1144 3335 1168 3400 tt
1180 3337 1276 3402 variis
1288 3337 1322 3402 iu
1334 3337 1410 3403 locis
1423 3337 1584 3405 Ecclesiae

121 3428 278 3512 aliquota
290 3424 572 3494 concionatoribus
584 3424 649 3490 suis
662 3447 720 3509 pro
732 3423 891 3504 concione,
908 3425 1070 3490 nonnullis
1083 3425 1180 3490 etiam
1193 3425 1319 3510 publice
1335 3426 1429 3492 editis
1441 3426 1584 3510 bibellis,

121 3517 192 3582 sine
204 3515 272 3580 ulla
283 3513 513 3580 emendationis
524 3536 580 3599 spe
592 3513 677 3578 viam
689 3513 1125 3598 dominitnnitatisacpaeis
1134 3514 1363 3580 ecclesiasticae
1371 3515 1585 3582 defensionem

121 3603 431 3690 blasphemantibus,
456 3606 661 3683 secesserant,
684 3602 718 3666 in
741 3597 891 3688 segreges
914 3605 1032 3682 coetus,
1053 3603 1220 3687 tantisper,
1242 3603 1585 3673 donecdesideratus&

122 3689 1585 3866 lttttttttttf‘tttt'ldimittebatllttttlttlssttl

122 3871 245 3950 dentis3
271 3868 447 3936 Orthodoxi
469 3871 492 3936 tu
515 3869 597 3934 aliae
620 3867 781 3934 Ecclesiae
803 3868 942 3933 monitae
963 3868 1001 3934 de
1011 3868 1072 3934 hoc
1083 3868 1234 3952 periculo,
1247 3890 1376 3935 causam
1387 3871 1479 3936 illam
1494 3894 1585 3938 suam

122 3961 278 4039 fecerunt,
302 3957 555 4024 communionem
580 3960 607 4025 a·
627 3956 863 4023 fraternitatem
886 3979 956 4022 cum
977 3957 1018 4022 iis
1037 3961 1173 4022 testatae
1185 3959 1269 4037 sunt,
1281 3955 1447 4026 Ministros
1459 3981 1532 4026 suos
1545 3961 1586 4026 ad

122 4054 252 4134 tempus
264 4052 301 4114 eb
313 4047 516 4134 ablegarunt,
529 4050 566 4111 ut
577 4046 789 4126 concionibus,
801 4045 1040 4111 &sacramentis
1047 4067 1106 4130 pro
1114 4049 1258 4132 tempore
1269 4045 1396 4112 easdem
1403 4055 1584 4133 pascerent;

123 4137 242 4205 coactis
261 4137 398 4224 denique
420 4135 679 4208 extraordinariis
691 4134 815 4220 aliquot
830 4133 1076 4200 arumnorum
1087 4134 1240 4214 coetibus,
1253 4134 1387 4201 consilia
1398 4159 1456 4202 sua
1471 4137 1511 4204 iis
1523 4139 1586 4204 im·

122 4227 312 4313 partierunt.
337 4225 359 4291 J
360 4228 466 4290 ustam
490 4224 587 4309 hujus
609 4223 687 4289 facti
709 4222 892 4309 apologiam
917 4221 1125 4310 b'l'heologis
1137 4222 1254 4289 exteris
1267 4223 1449 4291 institutam
1465 4225 1536 4294 vide
1550 4229 1585 4292 in

56 4377 60 4386 .
122 4317 209 4383 Actis
299 4315 352 4381 odi
374 4313 595 4381 Dondrnccnne
609 4334 683 4379 seca.
698 4313 751 4378 19.
774 4311 895 4377 Eorum
911 4312 1056 4396 exemplo
1073 4311 1246 4395 Ecclesiae,
1259 4335 1432 4399 earumque
1444 4313 1586 4381 Ministri

123 4403 251 4474 &Theo
265 4403 319 4491 ogi
331 4402 519 4490 praesertim
531 4406 622 4468 extra
633 4405 741 4488 partes
754 4403 776 4468 le
787 4400 1047 4486 praesentissima
1062 4401 1204 4487 pericula
1215 4401 1321 4487 positi,
1334 4403 1374 4468 ad
1386 4425 1584 4470 communem

1422 4493 1584 4560 flammam
