3752 4858
220 291 331 362 Taaer.
344 295 389 364 H.
411 294 498 364 Saos.
511 290 569 363 IV.
594 292 772 362 DsOoauir
784 291 959 362 Doriurcas
972 293 1260 363 Aomursraarrora.
1285 291 1428 364 (laassl.
1498 291 1562 362 227

95 487 224 564 ,mento
239 482 301 548 hoc
321 505 395 548 mox
405 482 535 567 inopere
551 505 629 568 opus
640 483 770 548 habent.
784 483 874 568 Hesp.
887 482 923 549 Si
935 481 1013 550 haec
1025 482 1108 549 ratio
1121 485 1290 565 concludit,
1304 484 1402 550 etiam
1414 485 1483 549 sani
1495 486 1564 551 sine

90 595 235 653 numero,
248 572 304 657 qui
317 575 340 640 dt
351 572 475 658 quoties
487 573 537 638 vel
550 573 636 638 intus
647 572 878 637 desertionibus
890 573 1121 658 spiritualibus,
1135 578 1190 638 aut
1198 573 1396 660 gravissimis
1406 574 1445 638 ad
1454 575 1564 659 despe-

91 662 500 750 rationem‚infidelitatem,
509 662 582 727 fidei
590 662 846 748 abnegationem,
854 661 1234 747 blasphemiam,aliaqrre
1242 668 1372 748 peccata
1380 664 1565 729 tentationi-

88 753 161 832 bus,
174 753 227 816 rel
239 751 378 817 externis
391 751 565 836 incorpore
582 774 649 832 suo,
665 751 699 815 in
715 749 849 830 familia,
862 751 897 815 in
911 751 1009 831 fama,
1023 752 1155 816 inbonis
1168 752 1315 818 fortunae
1328 753 1565 819 calamitatibus

89 840 295 927 affliguntur,
307 841 450 906 solitaria
462 839 667 906 Eucharistia
674 839 872 905 refocillandi
882 846 997 908 essent.
1007 839 1098 916 Quod
1107 863 1170 906 uon
1179 847 1256 926 puto
1268 846 1461 927 opponentes
1472 841 1566 908 facile

9 975 10 1008 3
90 953 305 995 concessuros.
329 929 421 995 Addo
445 930 543 994 ctiam
566 930 649 1009 illos,
673 929 729 1013 qui
752 930 837 993 inter
859 929 1002 994 infideles
1026 934 1082 994 aut
1105 931 1257 996 idolatras
1274 931 1365 1015 qrrasi
1379 931 1567 997 adflumina

9 1015 10 1040 ¹
91 1018 269 1104 Babylonis
293 1021 354 1105 (pe.
381 1019 452 1083 137.
477 1041 505 1084 a.
532 1020 576 1104 1.)
601 1019 726 1084 assidue
739 1023 884 1104 gemunt,
896 1019 1054 1103 imprimis
1067 1019 1271 1085 Eucharistiat
1283 1020 1525 1086 refocillandos:
1544 1023 1567 1088 ft

92 1109 223 1193 quidem
240 1131 298 1192 per
313 1108 547 1173 idololatricam
563 1112 618 1172 aut
633 1107 829 1173 haereticum
842 1108 1034 1188 ministrum,
1052 1113 1107 1172 aut
1123 1132 1179 1193 per
1187 1110 1347 1194 privatum
1356 1109 1491 1188 fidelem,
1512 1115 1569 1175 aut

9 1221 10 1224 ¹
91 1197 299 1282 perseipsum
313 1202 369 1262 ant
381 1197 593 1282 perseipsam,
604 1196 775 1283 (siquidem
785 1196 977 1262 orthodoxus
984 1196 1163 1264 Minister&
1175 1199 1354 1262 communio
1373 1199 1567 1282 cumaliqui-
1648 1199 1653 1206 ’

91 1288 152 1351 bus
173 1285 322 1351 fidelibus
332 1286 399 1351 illic
411 1286 524 1351 haberi
535 1287 681 1368 nequiret
690 1293 712 1366 t)
726 1308 816 1351 secus
836 1286 904 1350 sine
917 1286 1138 1362 consolatione,
1154 1287 1393 1367 refocillatione,
1416 1287 1568 1353 &viatico

9 1371 10 1378 '
92 1376 150 1440 illo
163 1399 203 1441 ex
226 1375 287 1440 hac
300 1376 367 1439 vita
378 1375 591 1460 migrandum,
605 1375 856 1442 &ardentissimo
865 1373 987 1440 Coenae
996 1376 1150 1440 desiderio
1163 1376 1418 1441 imuroriendum.
1444 1374 1479 1440 Si
1496 1378 1571 1460 quis'

93 1465 244 1549 excipiat,
258 1465 383 1528 nullum
396 1468 505 1528 extera
518 1461 703 1528 mandatum
715 1468 771 1528 aut
784 1464 1004 1548 exemplum'in
1013 1462 1187 1548 Scriptura,
1197 1466 1329 1549 ideoque
1338 1465 1437 1530 talorn
1455 1465 1569 1529 debere

93 1555 295 1638 acquiescere
312 1553 345 1616 in
357 1553 413 1618 illo
426 1553 699 1638 dapastr'aacredc
712 1554 735 1618 da
748 1553 955 1617 manducasti.
966 1551 1073 1618 Recto:
1084 1555 1168 1618 idem
1181 1577 1241 1639 ego
1251 1577 1361 1638 regero
1370 1555 1407 1618 de
1426 1554 1569 1618 solitaria

93 1642 356 1708 manducatione:
377 1643 466 1725 cujus
482 1642 593 1706 itidem
609 1643 734 1706 nullum
753 1642 940 1706 mandatum
956 1642 1080 1707 nullum
1097 1645 1278 1727 exemplum
1295 1643 1427 1707 indicari
1452 1647 1568 1726 potest.

144 1733 193 1811 ,8.
223 1733 290 1798 nor.
313 1731 352 1795 ln
373 1730 473 1796 veteri
491 1732 589 1796 etiam
604 1731 748 1796 Ecclesia
760 1731 911 1815 Aegrotis
924 1731 1061 1795 Coenam
1075 1731 1225 1815 privatim
1237 1733 1401 1817 porrigere
1414 1732 1569 1797 usitatum

98 1823 140 1900 ,b
165 1825 353 1886 consuetum
377 1819 450 1898 fuit,
473 1825 508 1883 ut
531 1843 569 1884 ex
595 1820 752 1906 Dponpsii
765 1820 947 1884 narratione
961 1821 999 1884 de
1011 1819 1184 1904 Serapione
1197 1825 1295 1905 patet.
1312 1823 1399 1906 desp.
1416 1822 1445 1885 l.
1459 1821 1569 1886 Etiam

92 1910 126 1974 in
137 1910 240 1975 veteri
248 1909 1097 1993 Ecclesiausitatumfuitpanembeuedictumdomurn
1107 1909 1385 1993 deferre,eumque
1395 1932 1568 1991 asservare,

93 2005 130 2064 ut
158 2021 349 2083 quacunque
372 2001 507 2082 urgente
530 1998 702 2078 occasione,
727 1999 861 2082 quisque
884 1998 951 2062 sive
974 1997 1034 2061 Vir
1058 1999 1124 2062 sive
1137 1997 1289 2062 Fooruina
1302 1999 1365 2064 sibi
1380 2002 1437 2062 aut
1449 1998 1520 2062 aliis
1533 1999 1566 2062 in

93 2092 331 2154 sacramentum
356 2087 579 2152 Eucharistiae
599 2087 672 2151 inde
693 2088 856 2172 porrigere
881 2091 997 2170 posset.
1025 2086 1186 2152 Usitatum
1199 2088 1296 2152 etiarn
1309 2088 1372 2152 fuit
1385 2087 1567 2152 infantibus

94 2177 335 2242 Eucharistiam
347 2176 549 2241 distribuere.
572 2175 700 2262 Ergone
713 2177 972 2254 concludendum,
985 2177 1083 2240 taleni
1092 2177 1353 2242 consuetudinem
1366 2177 1568 2256 laudandam,

93 2266 311 2330 imitandam?
323 2263 372 2328 De
384 2263 567 2330 Infantibus
583 2288 679 2349 supra
690 2264 843 2330 indicium
856 2263 933 2339 feci;
952 2266 991 2329 de
1002 2266 1167 2349 quibusvis
1180 2265 1314 2349 privatis
1327 2265 1529 2350 Baptismunr
1547 2268 1569 2332 ft

93 2355 237 2421 Coenam
259 2355 557 2418 administrantibus
581 2355 677 2438 paulo
690 2359 763 2418 ante
774 2377 812 2419 ex
830 2355 1020 2420 Tertulliano
1033 2356 1071 2419 de
1086 2355 1308 2420 dehortatione
1326 2357 1480 2421 Castitatis
1493 2355 1568 2419 edit.

94 2445 236 2530 Rigaltii
257 2466 295 2508 ex
315 2441 359 2506 M.
384 2441 417 2508 S.
438 2443 623 2527 exemplari,
636 2444 719 2527 quod
733 2447 806 2508 ante
821 2443 894 2506 800.
912 2466 1010 2508 annos
1024 2445 1063 2507 ab
1076 2444 1250 2530 Agobardo
1265 2444 1424 2528 Episcopo
1437 2443 1567 2529 Lugdu-

96 2534 191 2600 nensi
198 2532 359 2597 Ecclesiae
367 2532 416 2596 illi
425 2533 578 2596 donatum
590 2537 668 2596 erat:
682 2531 737 2596 ubi
752 2531 901 2597 verbasic
914 2537 1036 2597 sonant:
1050 2535 1131 2598 Adeo
1142 2546 1175 2602 at
1184 2534 1568 2600 ntiecclcaiasticiordiais

96 2633 395 2700 nonestcoaaessas,
407 2619 541 2708 &offers
552 2621 719 2707 dtinpais,
738 2619 928 2687 aSaeerdos
943 2641 974 2686 cs
986 2622 1041 2686 titi
1052 2624 1146 2688 solas.
1159 2623 1219 2688 Sed
1231 2623 1286 2688 ati
1298 2623 1389 2708 [pag.
1404 2622 1483 2707 766]
1500 2634 1570 2702 tres,

98 2712 238 2780 masta
259 2722 311 2790 est,
331 2711 395 2776 licet
407 2712 487 2776 laici.
501 2709 565 2774 Ubi
577 2711 739 2776 Pometiae
751 2713 841 2774 notat
853 2711 880 2794 ᾗ.
894 2711 946 2772 40.
962 2711 1001 2775 ad
1014 2711 1159 2775 haeresin
1172 2710 1317 2775 Montani
1329 2711 1390 2775 hoc
1401 2709 1570 2794 pertinere.

102 2803 142 2868 ln
168 2799 306 2866 editione
330 2800 398 2884 ejus
421 2798 518 2864 verba
538 2797 729 2864 Tertulliani
745 2798 843 2864 citata
855 2801 900 2864 sic
915 2800 1108 2884 interpolata
1120 2801 1271 2885 leguntur
1283 2823 1351 2882 cap.
1366 2800 1395 2864 7.
1414 2799 1470 2864 ati
1481 2802 1569 2864 ecclc-

93 2891 216 2958 siaatiei
228 2889 351 2954 ordinis
366 2900 409 2952 eat
420 2909 591 2968 consessas,
607 2886 639 2953 a
654 2887 784 2974 offert&
796 2888 1077 2973 tinpaitSacerdor,
1091 2890 1146 2974 qen
1157 2901 1199 2954 est
1213 2890 1276 2953 dtic
1287 2890 1381 2953 sotus.
1396 2887 1483 2962 Quae
1496 2909 1568 2952 cum

94 2982 249 3046 contextu
273 2979 295 3044 dt
318 2977 466 3042 instituta
489 2977 709 3042 dissertatione
733 2975 925 3046 Tertulliani
949 2978 1037 3042 nullo
1050 2979 1142 3041 modo
1154 2978 1331 3057 convenire,
1345 2976 1438 3040 facile
1451 2977 1568 3060 depre-

94 3069 227 3146 hendet,
251 3067 305 3149 qui
318 3067 409 3130 modo
421 3065 636 3150 perfunctorie
648 3070 744 3148 caput
756 3065 836 3130 illud
847 3067 954 3150 legere
967 3067 1159 3150 dignabitur.
1174 3066 1366 3152 Albaspiraus
1387 3065 1566 3149 Episcopus

93 3156 340 3226 Aurelianensis
361 3155 426 3220 Lib.
450 3155 479 3220 1.
506 3155 662 3220 Obscr'uat.
676 3155 869 3220 dcueteritas
882 3156 1030 3220 Ecclesiae
1041 3155 1154 3220 ritibus
1166 3155 1282 3220 observ.
1300 3158 1329 3220 5.
1345 3156 1374 3219 6.
1391 3161 1418 3220 7.
1436 3157 1567 3238 operose

96 3246 236 3332 probare
252 3247 394 3320 conatur,
407 3267 497 3308 voces
512 3244 676 3310 adlectionis
695 3241 726 3309 a
741 3248 864 3330 offerre,
876 3243 910 3307 in
923 3242 1073 3308 Patribus
1089 3245 1112 3310 b
1125 3244 1275 3310 Conciliis
1288 3267 1452 3328 nunquam
1464 3243 1567 3328 signi·

94 3339 193 3402 ficare
203 3333 451 3398 Eucharistiam.
473 3332 514 3397 Ei
532 3334 669 3398 occurrit
691 3334 818 3399 Grati-as
839 3334 873 3398 in
897 3333 1030 3399 Dissert.
1050 3335 1098 3399 cit.
1124 3333 1179 3398 ubi
1196 3334 1311 3418 probat
1330 3331 1569 3398 Tertulliano&

94 3425 260 3510 Cypriano
272 3420 307 3480 ri
316 3427 428 3509 offerre
439 3422 462 3487 dr
473 3422 657 3488 oblationem
666 3423 790 3506 quoties
799 3446 871 3488 cum
879 3423 1209 3507 tinacreconjungunt,
1218 3427 1329 3488 notare
1340 3419 1376 3480 rt
1387 3419 1570 3500 εὐχαριστεῖν

94 3537 155 3580 seu
167 3511 418 3589 Edatur-istiara3
443 3512 582 3591 daliter,
595 3535 658 3576 non
670 3533 761 3595 posse
779 3511 879 3595 accipi
892 3513 955 3577 loco
967 3514 1016 3577 cit.
1029 3535 1068 3576 ex
1080 3513 1161 3590 serie
1174 3516 1348 3590 contextus,
1362 3511 1385 3576 δι
1401 3508 1569 3573 collatione

95 3603 160 3669 loci
178 3601 408 3680 concordantis,
421 3601 458 3666 de
472 3603 594 3666 Coronat
607 3602 723 3680 Militis,
735 3622 802 3686 cap.
817 3604 847 3664 3.
860 3599 995 3684 Insuper
1010 3601 1125 3684 probat
1136 3601 1225 3665 illam
1241 3604 1382 3665 veterum
1400 3601 1568 3662 cousuetu-

94 3694 219 3770 dinem,
227 3713 268 3754 ne
279 3689 407 3773 quidem
419 3689 619 3774 sequioribus
632 3689 765 3754 saeculis
774 3691 869 3774 plane
882 3690 1063 3754 exolevisse.
1077 3689 1177 3754 Miror
1190 3686 1569 3770 autenicu1·Atbaspirtus
1652 3766 1653 3770 Ἰ

93 3803 163 3846 non
176 3779 301 3864 ruperit
312 3777 404 3844 illmn
413 3779 540 3856 nodum,
550 3780 698 3858 docenda,
712 3781 796 3862 quod
808 3778 979 3857 Pamelius,
991 3779 1076 3843 olere
1089 3779 1167 3843 hacc
1179 3777 1440 3854 Montauismum,
1452 3775 1569 3841 &hunc

95 3869 234 3935 Librum
258 3868 296 3932 de
318 3867 465 3933 castitate
487 3869 691 3933 damnantem
711 3869 864 3932 secundas
885 3867 1023 3951 nuptiae,
1041 3873 1113 3951 post
1131 3868 1315 3951 prolapsum
1336 3865 1368 3928 iu
1389 3864 1569 3928 lraeresiua

94 3957 301 4024 Tertulliano
309 3956 473 4040 scriptum.
482 3957 554 4043 Ego
566 3957 709 4040 opinioni
721 3957 743 4022 tt
757 3957 884 4041 proprio
893 3955 1011 4040 judicio
1024 3954 1215 4023 Tertulliani
1228 3955 1302 4019 hinc
1314 3953 1392 4018 satis
1408 3953 1568 4036 praejudi-

9 4131 10 4134 ,
94 4051 208 4114 catam
230 4045 350 4110 fateor:
372 4047 426 4110 sed
450 4068 512 4110 non
535 4046 652 4130 pariter
663 4045 833 4110 historicae
845 4045 1002 4123 relationi,
1015 4067 1071 4110 sen
1087 4043 1261 4110 narrationi
1274 4043 1350 4108 facti
1363 4043 1385 4106 tt
1398 4046 1568 4106 cousuetu-

95 4137 183 4204 dinis
196 4135 248 4200 his
262 4135 383 4199 verbis:
397 4135 524 4220 tinguis,
537 4134 643 4214 offers,
656 4135 689 4199 id
697 4138 746 4200 est
753 4135 839 4200 solus
851 4135 912 4199 hoc
924 4133 1044 4212 facero3
1063 4135 1110 4200 uti
1124 4133 1284 4198 verbailln
1294 4132 1395 4196 editor
1404 4132 1569 4216 respuatur,

95 4228 121 4292 dr
133 4229 210 4310 post
222 4245 297 4288 cum
310 4224 436 4291 Grotius
448 4224 618 4309 accipiunt.
641 4221 710 4288 Nos
726 4224 823 4288 misso
835 4221 1044 4302 Tertulliano,
1058 4223 1171 4288 Basilii
1194 4219 1412 4286 testimouium
1425 4243 1452 4284 a.
1472 4219 1567 4284 tout.

100 4315 137 4380 in
144 4311 785 4397 Desper.causaPapatusexhibitmn,hic
797 4311 990 4397 reponimus.
1001 4313 1093 4394 Quod
1099 4331 1196 4398 porro
1202 4310 1426 4396 persecutionis
1435 4322 1571 4393 tempore

98 4415 234 4490 cupatur
253 4403 380 4488 aliquia,
403 4423 458 4468 arec
481 4402 641 4470 Sacerdote
664 4403 727 4470 sive
749 4402 916 4470 celebrante
939 4403 1001 4489 (gr.
1023 4404 1202 4486 λειτουργοῦ)
1213 4411 1384 4485 praesente,
1397 4419 1498 4463 artatur
1509 4399 1569 4462 sad

1423 4506 1568 4550 mirratu-
