3668 4856
326 271 389 336 292
625 272 714 367 Prasx
730 271 788 339 ΙΙΙ.
817 273 865 338 Da
889 271 1041 338 Reatinus
1065 273 1157 340 Ecca.
1181 297 1211 339 ru
1235 273 1449 340 crassulae.
1473 271 1501 339 l.

331 459 519 537 „ostendunt
538 460 642 544 primo
665 461 807 526 coetibus
827 461 969 527 fidelium
990 464 1013 528 b
1036 461 1189 529 Ecclesiis
1199 462 1312 549 primis
1324 462 1404 528 haec
1419 462 1516 528 verba
1529 462 1772 536 conveniremus

329 549 408 626 „nisi
417 549 603 616 secundario
612 549 757 635 Synodis.
774 589 813 598 -—
827 549 970 616 Secundi>
982 553 1083 636 major
1096 557 1144 617 est
1157 552 1312 618 autoritas
1324 551 1539 617 Ecclesiamm
1552 549 1772 616 Parochialiun

329 659 442 722 „quam
455 635 653 722 Syncdorum
668 641 789 705 ratione
802 641 983 728 finalitatis:
996 662 1072 705 narn
1084 663 1145 706 non
1158 640 1320 706 Ecclesiae
1332 641 1530 726 parochiales
1538 639 1704 705 institutae
1712 645 1775 705 sunl

328 731 476 812 „propter
494 725 647 812 Synod0s‚
667 729 723 793 sed
747 727 868 813 Synodi
890 729 1057 795 institutae
1078 735 1152 796 sunt
1172 736 1303 815 propter
1314 729 1473 796 Ecclesias
1485 729 1694 813 parochiales.
1717 728 1775 794 Hoc

329 815 393 893 „ita
412 838 484 880 curn
503 816 555 896 sit,
571 817 702 902 perinde
714 817 837 883 iaciunt
849 817 1057 898 Hierarchici‚
1070 842 1106 884 ac
1119 819 1230 904 siquis
1243 841 1368 885 servum
1381 820 1539 904 imperare
1551 817 1697 883 dominae
1711 841 1774 884 suae

328 904 480 988 ‚juberet
504 903 655 972 Ecclesiis
675 907 832 993 siquidem
852 907 1089 992 parochialibus
1109 909 1288 973 inserviunt
1306 907 1436 993 Synodi‚
1452 912 1579 972 tantum
1592 907 1684 973 abest
1694 911 1729 972 ut
1739 908 1774 972 eis

328 994 502 1078 ‚imperare
530 996 620 1081 [pag.
635 995 715 1081 175]
740 997 886 1074 debeant,
904 1000 960 1061 aut
971 1019 1081 1062 earum
1095 997 1301 1063 autoritatem
1314 996 1577 1062 Aristocraticam
1588 995 1774 1062 Democrati·

328 1103 477 1167 „eamque
490 1089 546 1149 aut
554 1084 747 1150 labefactare
759 1089 815 1150 aut
824 1085 960 1150 abolere.
972 1125 1011 1134 —
1021 1085 1130 1152 Tertio
1140 1088 1240 1171 major
1248 1091 1297 1152 est
1305 1087 1460 1151 autoritas
1468 1085 1775 1170 Ecclesiarumparo·

328 1171 497 1250 „chialium
517 1195 614 1257 quam
633 1171 832 1258 Synodorum
851 1175 972 1240 raticue
988 1176 1192 1260 socialitatis:
1212 1198 1284 1240 cum
1308 1175 1431 1240 nullam
1443 1174 1584 1239 habeant
1596 1172 1711 1260 Syncdi
1722 1175 1774 1238 nisi

328 1265 524 1339 „mutuatam
540 1263 563 1328 lt
575 1263 615 1327 ab
628 1262 780 1346 Ecclesiis
796 1263 908 1347 primis
920 1264 1157 1347 parochialibus
1168 1264 1209 1329 ab
1221 1265 1307 1350 ipsas
1319 1264 1506 1329 derivatam.
1527 1262 1612 1340 Quid
1625 1263 1730 1329 enim?
1740 1285 1773 1328 au

328 1373 408 1429 „non
432 1348 577 1436 Synodus
593 1351 755 1417 Ecclesiae
768 1353 997 1437 representatio
1009 1358 1139 1419 vocatur
1151 1354 1192 1418 ab
1204 1353 1444 1418 Hierarchicisl
1457 1352 1539 1418 sicut
1550 1351 1653 1438 igitur
1664 1353 1697 1418 in
1708 1375 1774 1438 spe-

329 1440 418 1516 „culo
440 1439 523 1504 nihil
546 1444 595 1506 est
617 1441 680 1506 nisi
703 1441 787 1525 quod
811 1444 830 1505 a
852 1464 992 1525 corpore,
1012 1441 1059 1507 ita
1082 1443 1116 1506 in
1139 1440 1274 1527 Synodis
1287 1441 1469 1507 autoritatis
1481 1441 1611 1506 omnino
1622 1441 1712 1522 nihil,
1723 1440 1775 1505 nisi

329 1527 429 1613 „quod
445 1528 485 1592 ab
499 1528 650 1594 Ecclesiis
666 1530 778 1614 primis
791 1534 886 1615 alque
899 1531 1135 1614 parochialibus
1147 1531 1229 1610 fluit,
1242 1553 1320 1615 quas
1333 1528 1478 1614 Synodus
1490 1534 1697 1615 representat.
1720 1529 1776 1596 (lar

328 1639 408 1695 „non
426 1622 542 1696 ratum,
556 1618 665 1698 fixum,
681 1619 889 1684 constitutum
901 1619 1005 1685 illud?
1028 1619 1079 1686 lta
1091 1619 1231 1686 Thomas
1246 1619 1404 1685 Bilsonus.
1429 1621 1518 1687 Nulli
1529 1620 1673 1704 liquatur
1683 1619 1775 1685 coteci-

327 1707 396 1785 „tta
417 1707 482 1772 uisi
501 1707 556 1794 qui
572 1709 615 1773 ad
636 1708 801 1774 caecilium
820 1709 960 1774 mittunt.
986 1709 1118 1776 Nullum
1137 1710 1303 1775 cucullium
1322 1709 1397 1794 lipat
1417 1719 1513 1774 totam
1527 1709 1705 1788 Ecclesiam,
1719 1709 1776 1774 cisi

325 1817 511 1874 „cousensus
523 1797 563 1862 sit
573 1798 737 1881 pecoralis.
761 1795 812 1862 Ita
825 1796 925 1862 Hadr.
938 1796 1079 1863 Seravia.
1102 1799 1321 1883 Repraesentat
1334 1798 1500 1863 concilium
1516 1797 1667 1864 Ecclesias
1677 1799 1776 1864 cullas

326 1886 407 1963 „cisi
418 1905 497 1972 quae
510 1887 623 1972 topatus
638 1907 712 1952 suos
727 1886 770 1951 ad
780 1888 947 1952 concilium
959 1887 1099 1953 mittunt.
1123 1887 1245 1952 Eadem
1262 1886 1348 1952 Guil.
1362 1885 1538 1951 Wittakeri
1550 1887 1775 1952 sententiaest:

327 1996 407 2053 „non
428 1975 528 2059 ligare
544 1997 658 2059 nempe
670 1975 839 2040 concilium
852 1976 913 2040 nisi
926 1997 1061 2060 quorum
1075 1977 1174 2060 legati
1186 1976 1227 2041 ad
1238 1975 1408 2040 concilium
1420 1975 1611 2040 mittuntur:
1625 1975 1777 2041 Ecclesia

326 2085 415 2141 „rum
435 2085 509 2128 vero
529 2086 597 2129 esse
613 2064 737 2150 legatos
749 2065 887 2145 mittere,
900 2068 1033 2148 apparet
1045 2088 1083 2130 ex
1096 2064 1223 2150 Synodo
1235 2063 1538 2149 Hierosolymitana,
1551 2085 1634 2148 quae
1645 2065 1777 2148 reliquo·

326 2174 415 2230 „rum
437 2153 580 2217 omnium
601 2175 714 2218 norma
737 2157 801 2218 est:
826 2154 866 2218 ad
886 2175 983 2237 quam
994 2153 1117 2240 legatos
1134 2176 1208 2218 suos
1223 2154 1324 2218 mitt't
1336 2157 1406 2218 tota
1417 2153 1561 2218 Ecclesia
1573 2151 1779 2218 Antiocheno.

326 2240 405 2319 „Ast
427 2241 562 2326 inquies,
582 2263 687 2306 nonne
699 2242 778 2308 alias
790 2241 949 2308 Ecclesiae
961 2243 1075 2326 ligavit
1087 2242 1166 2308 haec
1177 2241 1334 2327 Synodus‚
1349 2264 1484 2327 quarum
1496 2242 1598 2326 legati
1610 2265 1673 2307 non
1684 2243 1778 2308 inter·

326 2329 497 2408 „fueruntl'
514 2330 629 2417 ligarit
645 2353 731 2411 sanc,
752 2332 806 2397 sed
826 2354 865 2396 ex
881 2331 1035 2397 accidenti
1055 2331 1314 2409 extraordinaria,
1336 2354 1452 2416 nempe
1463 2331 1540 2415 qnia
1553 2331 1678 2397 decreta
1689 2331 1779 2416 hujus

325 2417 463 2503 ,Synodi
483 2441 540 2504 per
559 2419 729 2504 Apostolos
749 2421 871 2486 sancita
891 2424 993 2500 erant,
1022 2443 1157 2504 quorum
1177 2420 1332 2486 autoritas
1356 2420 1608 2485 extraordinaria
1619 2420 1676 2486 illa
1688 2443 1778 2505 quam

326 2506 524 2585 „habuerunt
540 2531 688 2574 mensura
711 2509 843 2593 spiritus
855 2509 956 2574 sancti
972 2509 1135 2593 profluxit,
1148 2511 1237 2594 cujus
1251 2509 1356 2595 gratia
1368 2509 1446 2576 haec
1460 2510 1586 2574 decreta
1597 2511 1779 2576 autocratica

325 2600 443 2674 ,erant
463 2635 502 2644 —
516 2595 636 2674 Quarto
648 2599 750 2682 major
762 2603 810 2663 est
822 2598 976 2664 autoritas
991 2597 1206 2664 Ecclesiarum
1219 2599 1396 2682 primarum
1408 2597 1431 2664 ds
1443 2597 1674 2682 parochialium
1688 2621 1779 2684 quam

326 2684 542 2770 „Synodornm
559 2699 689 2772 propter
708 2687 927 2752 stabilitatem:
947 2687 1082 2752 sublatis
1102 2687 1187 2753 enim
1206 2687 1357 2752 Ecclesiis
1373 2686 1486 2771 primis
1509 2687 1607 2772 periit
1631 2690 1780 2752 autoritas

324 2772 554 2859 „Synodorum
568 2781 602 2840 at
617 2781 760 2841 remanet
771 2781 911 2860 potestas
924 2775 1157 2854 Ecclesiastica,
1170 2777 1296 2841 etiamsi
1305 2775 1424 2861 Synodi
1432 2776 1539 2841 nullae
1548 2777 1624 2856 sint,
1634 2777 1780 2861 quamdin

324 2863 503 2941 „Ecclesiae
526 2865 690 2948 primae&
710 2865 907 2949 parochiales
926 2865 1113 2948 superstites
1133 2864 1263 2930 fuerint.
1295 2864 1372 2932 Fuit
1391 2865 1517 2949 quando
1538 2862 1658 2949 Synodi
1676 2866 1780 2930 nullae

324 2957 433 3031 „erant
444 2953 477 3016 in
491 2977 560 3034 usu,
573 2955 628 3018 sed
640 2953 799 3018 Ecclesiae
812 2959 938 3018 tantum
949 2976 1007 3038 per
1015 2954 1124 3019 literas
1137 2953 1415 3034 communicarent,
1429 2954 1536 3039 inquit
1548 2955 1706 3020 Bilsonus.
1720 2953 1780 3020 Ubi

324 3045 411 3121 „tum
424 3064 501 3127 rogo
514 3044 657 3128 regimen
663 3041 1157 3109 HierarchicumbSararianum
1167 3042 1495 3127 Aristocraticumper
1503 3041 1668 3128 Synodcs?
1691 3043 1781 3110 certe

324 3130 475 3216 „longum
495 3137 620 3216 tempus
641 3137 709 3197 erat
730 3133 916 3216 priusquam
939 3133 1148 3198 conderentur
1169 3153 1305 3197 canones
1324 3132 1375 3196 illi
1390 3154 1447 3217 per
1461 3154 1542 3217 quos
1556 3131 1780 3200 Aristocratice

324 3269 337 3299 „
339 3220 406 3302 jam
418 3221 660 3305 gubernandam
672 3244 739 3286 esse
748 3221 925 3286 Ecclesiam
933 3220 1064 3286 Saravia
1073 3222 1171 3286 docet.
1189 3221 1272 3298 Quid
1281 3221 1406 3286 nullum
1414 3225 1484 3286 tum
1493 3220 1637 3306 regimen
1649 3225 1780 3306 quaeso?

324 3308 502 3387 „Ecclesiae
525 3310 715 3375 reformatae
739 3332 791 3374 eas
816 3309 958 3395 Synodos
982 3312 1005 3375 lt
1029 3309 1171 3375 Oenones
1197 3311 1398 3393 rejecerunt?
1415 3312 1480 3374 irno
1492 3311 1638 3396 regimen
1651 3311 1780 3376 Hierat-

324 3397 466 3476 „chicum
494 3422 549 3482 per
573 3397 715 3484 Synodos
738 3399 958 3483 repudiarunt:
983 3420 1076 3463 verae
1102 3404 1210 3464 tamen
1237 3399 1398 3464 Ecclesiae
1425 3403 1510 3478 sunt,
1529 3402 1678 3465 &reram
1689 3399 1780 3465 Pote-

324 3490 458 3564 „statem
485 3487 742 3553 Ecclesiasticam
768 3489 898 3552 habent.
923 3487 1006 3564 Quid
1029 3488 1066 3552 de
1090 3487 1241 3554 Ecclesiis
1264 3488 1329 3554 illis
1356 3489 1534 3567 dicendum,
1561 3510 1782 3574 quaesepara·

325 3575 402 3654 ,tim
425 3576 555 3660 degunt,
578 3577 623 3642 sic
646 3579 682 3642 ut
705 3575 848 3661 Synodos
870 3576 976 3641 nullas
991 3576 1110 3641 habere
1122 3582 1265 3661 queant?
1290 3576 1382 3643 Certe
1394 3582 1451 3642 aut
1463 3577 1608 3662 regimen
1621 3577 1781 3644 Ecclesiae

325 3665 589 3742 „ambulatorium
604 3671 652 3730 est
665 3668 688 3732 b
699 3667 861 3744 caducum,
874 3665 897 3731 dt
910 3665 1074 3742 mutabile,
1087 3667 1110 3732 la
1122 3666 1267 3730 interitui
1278 3667 1451 3731 obnoxium
1464 3665 1561 3753 (quod
1570 3670 1678 3732 tamen
1687 3665 1781 3733 Sara·

326 3753 395 3831 ,via
419 3754 599 3837 diffitetur),
623 3759 680 3819 aut
703 3755 791 3820 aliud
815 3759 863 3820 est
886 3755 1073 3838 aregimine
1089 3753 1295 3820 Hierarchico
1314 3755 1543 3820 Aristocratico
1559 3754 1780 3841 perSynodoa.

326 3840 426 3920 „Quid
442 3844 526 3927 quod
541 3842 670 3928 synodi,
683 3845 810 3928 quando
822 3848 913 3908 erant
924 3844 1143 3923 creberrimae,
1160 3844 1253 3910 binae
1265 3848 1390 3924 tantum
1404 3845 1437 3908 in
1450 3865 1533 3910 anno
1549 3849 1650 3925 erant,
1663 3845 1687 3912 d
1700 3867 1781 3910 nunc

326 3937 615 4017 „rarocoguntur‘t
647 3931 766 4017 Objicit
789 3932 1003 3997 Bellarminus
1026 3933 1202 3998 Ecclesiam
1223 3934 1435 3998 universalem
1457 3955 1562 3998 carere
1585 3935 1676 4020 [pag.
1703 3935 1781 4022 176]

326 4021 529 4100 ¹‚rectoribus
553 4023 579 4086 si
601 4044 664 4087 non
680 4023 713 4086 in
728 4022 818 4106 Papa
830 4021 1019 4086 universalis
1031 4026 1172 4106 potestas
1187 4021 1335 4102 resideat,
1346 4024 1421 4105 quia
1434 4022 1566 4088 concilia
1578 4043 1650 4087 raro
1662 4045 1781 4110 cogun-

327 4113 411 4186 „tum
425 4109 501 4193 quid
514 4111 553 4175 ad
565 4111 643 4176 haec
652 4108 839 4176 Ohamierus
850 4111 1022 4176 PEcctcsiac
1035 4112 1222 4176 universalis
1234 4113 1359 4177 taculum
1370 4124 1415 4177 est
1423 4113 1582 4196 capotium
1591 4111 1780 4180 abstractum

327 4196 383 4275 „ab
400 4199 541 4264 Ecclesiis
556 4200 818 4284 particularitatem
831 4200 966 4284 prolude
980 4201 1134 4287 quamdiu
1145 4202 1288 4286 siupulac
1303 4202 1451 4266 &etesiae
1462 4212 1538 4266 recte
1550 4202 1781 4268 adruiuistraa-

327 4297 407 4366 „tua
427 4309 492 4354 acu
512 4310 591 4374 opus
613 4310 813 4356 essesumma
826 4291 1022 4374 rrtapistratu,
1036 4290 1111 4376 quia
1123 4291 1266 4376 siapulac
1276 4290 1631 4358 Ecclesiacsucshatcat
1642 4303 1783 4358 remores.

327 4376 412 4451 „Ant
429 4399 504 4460 ergo
524 4379 669 4464 singulae
693 4379 854 4444 Ecclesiae
875 4401 1035 4444 summum
1048 4378 1169 4444 habent
1179 4378 1333 4464 regimen,
1345 4382 1402 4444 aut
1417 4379 1533 4444 misero
1545 4379 1579 4444 in
1591 4385 1675 4446 statu
1690 4387 1781 4446 sunt:

1708 4491 1783 4555 qma
