3736 4860
318 269 430 334 Tener.
444 269 484 335 ll.
509 271 598 336 Srer.
611 270 669 336 Ill.
694 271 743 336 Dr
758 269 1035 336 Aorasrsrarmoss
1048 275 1201 337 Barrrsm.
1227 273 1296 336 Car.
1312 272 1368 338 lV.
1507 273 1569 336 169

104 481 201 541 qnam
222 457 404 528 immersio:
429 464 465 524 ut
487 460 510 524 la
525 457 629 542 magis
642 459 752 523 decore
765 479 801 522 ac
812 461 893 535 tuto,
906 457 933 522 si
949 457 1115 522 hominum
1128 458 1319 541 pravitatem
1331 459 1491 542 respicias.
1510 459 1571 523 Pro

7 621 9 634 ἱ
103 551 243 630 negante
257 552 345 612 stant
358 546 568 612 communiter
586 548 728 632 Theolopi
744 547 891 624 Naslr·r',8a
903 569 974 610 cnm
987 547 1027 609 iis
1047 548 1170 612 Vossias
1183 549 1237 612 lec.
1249 549 1297 613 eie.
1311 548 1365 612 ubi
1379 571 1416 612 ex
1430 548 1571 633 antiqui-

104 640 172 699 tate
197 636 383 702 testimonia
406 638 515 722 aliqua
537 659 594 720 pro
614 635 795 720 aspersione
812 636 948 700 adducit.
974 637 1573 722 Pontisiaiicommuniterconsentiunt.

103 725 196 800 erod
212 727 321 790 autem
345 725 474 800 addant,
503 725 588 809 apud
600 727 751 810 Ariopanr
769 725 863 808 Disp.
887 725 939 786 24.
967 725 1015 789 eit.
1028 725 1155 790 sectaret.
1170 727 1201 788 2.
1215 726 1359 790 sulficere
1377 727 1572 790 ablutionem

103 814 204 878 etiam
225 813 259 876 in
282 815 416 878 minima
442 819 533 898 parte
549 815 687 897 corporis
702 836 730 878 e.
754 835 802 898 gr.
826 814 860 876 in
876 813 977 897 digito
990 813 1122 877 infantis
1134 813 1168 876 in
1185 817 1289 896 partu,
1302 815 1361 898 qai,
1371 815 1536 892 exseritur,
1550 816 1573 879 dn

7 971 8 980 ,
104 903 156 966 rel
173 903 304 986 ganisis
328 925 446 988 aquae:
471 904 549 987 ipsis
577 902 797 986 relinquimus.
822 902 871 966 De
886 903 1067 985 quantitate
1079 925 1181 986 aquae
1194 903 1329 985 positive
1344 925 1407 968 non
1423 903 1574 968 determi-

103 1013 221 1056 namus
234 1013 241 1054 :
256 992 311 1056 sed
322 992 481 1076 negative,
494 997 530 1056 ut
542 992 656 1056 saltem
672 1014 735 1056 non
749 996 816 1055 tam
831 991 936 1054 tenuis
949 991 992 1054 sit
1012 991 1183 1074 applicatio
1196 1014 1297 1074 aquae
1310 993 1349 1055 ad
1362 1015 1475 1075 corpus
1487 992 1572 1074 bap-

103 1079 237 1157 tizandi,
251 1085 315 1162 quat
327 1080 379 1143 vix
392 1081 458 1144 ulla
475 1079 601 1144 lotionis
618 1085 673 1144 arnt
686 1078 859 1144 ablutionis
873 1079 1021 1164 analogia
1036 1079 1127 1162 pingi
1141 1080 1333 1144 assensibus
1349 1080 1444 1163 objici
1456 1085 1573 1163 posset.

105 1169 213 1232 Hodie
225 1169 259 1232 in
272 1167 451 1246 Occidente,
466 1171 549 1252 quod
561 1169 669 1245 sciam,
682 1191 745 1232 non
758 1173 832 1232 siant
845 1168 1006 1232 Ecclesiae
1017 1168 1076 1232 sub
1088 1168 1215 1232 nomine
1229 1169 1475 1246 Christianismi,
1492 1191 1574 1252 quae

104 1280 231 1322 morem
254 1258 463 1339 immergendi
488 1261 624 1335 servant,
650 1261 705 1321 aut
722 1257 906 1321 restitutam
923 1257 1043 1320 volunt.
1067 1255 1106 1320 ln
1122 1255 1253 1321 Oriente
1266 1281 1337 1321 eum
1355 1259 1475 1322 servari
1499 1280 1574 1322 con-

104 1350 173 1410 stat
200 1369 240 1410 ex
263 1347 428 1430 Lilrrrpieis
447 1367 502 1412 serr
517 1347 705 1428 Aperrdariis
724 1348 916 1411 Graecorum
926 1369 937 1420 ;
953 1367 1034 1428 quae
1046 1346 1267 1428 praescribunt
1279 1347 1319 1410 ad
1331 1347 1449 1410 trinam
1462 1347 1574 1410 verbo-

62 1513 67 1519 ·
108 1457 182 1498 rum
207 1435 429 1518 prolationem,
443 1435 623 1519 taprizatar
634 1456 742 1499 sersus
758 1435 827 1508 Dei,
841 1435 876 1498 r'n
887 1436 1014 1499 rrarrrine
1028 1437 1139 1518 patris,
1153 1438 1203 1500 &a
1216 1435 1334 1498 trinam
1347 1436 1576 1500 demersionem

110 1524 307 1606 baptizandi,
336 1525 359 1588 ta
386 1525 585 1588 eductionem
614 1527 768 1607 exaquii.
794 1523 876 1586 Vide
885 1524 1109 1607 Eaelrolopianr
1123 1545 1178 1588 sea
1191 1525 1310 1588 llinmle
1324 1527 1515 1591 Graecornrn
1531 1524 1576 1587 til.

111 1614 263 1700 Officium
286 1614 385 1677 sarrai
407 1613 614 1697 Baptismalis
623 1634 696 1696 pap.
711 1613 785 1677 355.
810 1612 854 1675 Et
868 1614 1017 1677 Ieremias
1030 1612 1217 1676 Patriaroha
1230 1612 1529 1696 Constantinopolit.
1542 1613 1577 1676 ia
1595 1639 1597 1642 ·

111 1702 256 1766 marram
279 1723 334 1766 sca
358 1703 449 1785 llesp.
476 1703 519 1766 ad
540 1703 704 1786 Tlreolopos
730 1701 966 1784 Wileberpenses
981 1723 1063 1784 resp.
1088 1703 1117 1764 2.
1142 1723 1210 1785 cap.
1224 1703 1468 1766 anonumum
1484 1725 1575 1766 risum

109 1790 325 1854 immersionis
349 1791 433 1872 apud
457 1789 591 1856 Graecos
615 1790 759 1854 obtinere
779 1794 926 1866 testatur,
950 1790 1004 1853 sed
1020 1793 1043 1856 ta
1060 1813 1118 1873 pro
1144 1796 1181 1852 ert
1211 1790 1270 1854 has
1294 1783 1431 1854 rationes
1455 1790 1575 1854 adfert:

115 1879 348 1963 „Baptiaabant
361 1878 506 1956 Veteres,
519 1901 581 1943 non
596 1879 742 1942 manibus
759 1879 824 1943 suis
837 1901 953 1961 aquam
969 1879 1159 1962 baptizando
1179 1884 1400 1962 aspergentes:
1425 1880 1480 1944 sed
1493 1879 1577 1942 trina

115 1967 340 2042 ,immersione
366 1967 426 2032 hoc
449 1968 610 2052 euangelii
635 1972 824 2051 sequentes:
848 1968 991 2032 Ascendit
1003 1990 1040 2030 es
1055 1969 1149 2053 anecd.
1173 1967 1261 2053 Ergo
1277 1972 1351 2031 ante
1364 1969 1576 2046 descenderat.

111 2057 195 2122 Ecce
221 2057 394 2134 immersi0,
422 2079 485 2120 non
515 2057 665 2140 aspersio
689 2054 803 2140 Nuper
826 2055 856 2119 in
886 2056 1006 2140 Anglia
1029 2057 1131 2120 exorti
1145 2060 1229 2133 sunt,
1247 2057 1577 2138 dictiAnabaptistae‚

111 2145 283 2210 vernacule
307 2146 434 2230 dippers
450 2145 505 2229 qui
528 2144 764 2209 immersionem
787 2167 850 2208 nan
874 2149 1001 2208 tanturn
1014 2145 1177 2208 reductam
1188 2145 1349 2222 volebant,
1366 2146 1420 2209 sed
1435 2146 1532 2209 etiam
1545 2145 1577 2207 in

113 2235 240 2319 praxim
251 2233 464 2298 deducebant:
480 2255 614 2317 quorum
626 2231 785 2300 Concessio
794 2255 877 2297 anno
889 2233 983 2297 1644.
998 2233 1083 2298 edita
1092 2238 1140 2298 est
1151 2234 1279 2298 nomine
1292 2235 1413 2318 Septem
1430 2235 1580 2299 Cesaram

112 2344 168 2388 sen
177 2323 453 2407 conprepalianam
466 2324 501 2388 in
513 2321 800 2388 artabasdi-nansi.
813 2320 879 2386 Ubi
891 2323 979 2387 artie.
994 2323 1046 2385 40.
1061 2322 1298 2387 immersionem
1311 2327 1458 2387 statuunt
1469 2345 1580 2387 neces-

112 2412 243 2476 sariam.
253 2409 343 2487 Quod
352 2413 391 2476 ad
402 2411 525 2495 praxim
535 2434 654 2490 eorum,
663 2433 773 2475 omnes
782 2410 1201 2476 tamVirostumFaeminas
1210 2411 1242 2475 in
1256 2411 1394 2476 infantia
1405 2434 1578 2496 perasper-

112 2501 235 2566 sionem
252 2500 440 2584 baptizatos,
464 2506 620 2585 tanquam
642 2500 901 2583 non-baptizatos
925 2500 1091 2584 baptizans
1103 2501 1293 2564 descendens
1313 2523 1385 2565 cum
1400 2501 1493 2565 iis'in
1513 2499 1577 2563 'fa-

113 2590 228 2654 mesim
251 2595 307 2653 aut
322 2590 420 2653 alium
445 2589 579 2653 fluvium
591 2589 785 2672 baptizabat,
807 2592 903 2672 caput
919 2611 1027 2652 eorum
1039 2589 1281 2673 submergenda.
1296 2589 1414 2654 Contra
1426 2613 1479 2653 eos
1492 2590 1577 2652 cala·

113 2702 202 2744 mrim
227 2678 356 2742 strinxit
380 2676 515 2742 eximius
539 2677 622 2742 inter
646 2677 765 2762 Auglos
789 2676 972 2762 Theologus
999 2679 1111 2743 Daniel
1130 2679 1236 2763 Fcatly
1248 2677 1360 2760 ;cujus
1374 2679 1455 2741 libro
1468 2678 1580 2762 linguat

113 2766 286 2832 vernacule
297 2767 475 2850 conscripto
487 2765 540 2830 hic
552 2767 667 2831 titulus
679 2766 839 2850 praefixus
853 2770 916 2830 est:
931 2763 1186 2838 assenserant
1195 2767 1404 2826 κατάπτυστοι
1417 2765 1485 2830 The
1500 2767 1580 2849 Ilip-

111 2878 186 2940 pers
194 2856 272 2940 dipl.
284 2854 348 2920 Ubi
356 2856 484 2920 modum
493 2855 834 2938 eommbaptizandiin
842 2855 1087 2919 rabellainseaa
1099 2855 1259 2937 depictum
1271 2855 1411 2919 exhibet.
1424 2853 1577 2918 Rationes

113 2967 197 3029 quae
209 2948 321 3009 contra
332 2943 415 3008 hane
430 2946 605 3020 κακοζηλίαν
618 2943 770 3016 militant,
787 2965 884 3026 supra
896 2943 1014 3008 allatae
1026 2947 1110 3007 sunt.

157 3033 200 3098 V.
228 3034 352 3116 Qaaesl.
377 3033 427 3098 An
447 3034 525 3110 cerret,
548 3053 593 3098 aa
611 3053 641 3097 a.
661 3033 746 3098 trina
761 3033 940 3115 aspersione
951 3034 990 3097 aa
1006 3031 1245 3116 baptizandam.
1259 3034 1349 3115 Resp.
1363 3037 1411 3096 est
1427 3031 1580 3116 adiapho-

114 3146 195 3188 rum.
222 3120 260 3186 ln
272 3121 467 3188 Reformatis
480 3121 631 3186 Ecclesiis
644 3120 786 3198 Gallicis,
807 3121 830 3185 da
843 3121 989 3204 Anglicis
1002 3121 1193 3204 quibusdam
1205 3121 1238 3184 in
1255 3121 1366 3206 Belgio
1375 3125 1448 3195 arnt,
1462 3120 1496 3184 in
1509 3121 1581 3184 aliis

114 3209 275 3288 omnibus
299 3211 383 3293 quod
402 3210 511 3276 seiam.
538 3211 623 3274 trinat
636 3213 780 3274 utuntur.
804 3207 891 3273 Deus
914 3210 948 3272 in
968 3211 1059 3293 cujus
1072 3209 1199 3273 nomine
1215 3209 1424 3293 baptizamur,
1439 3231 1521 3272 unrrs
1534 3213 1583 3272 est

115 3299 304 3376 emerant&
326 3299 430 3362 trinus
453 3299 613 3383 personis:
638 3303 810 3382 utrumque
837 3298 993 3362 credimus
1017 3299 1246 3382 &profitemur
1261 3300 1346 3364 Beza
1359 3300 1393 3362 ia
1411 3300 1534 3380 Qrmest.
1552 3297 1582 3362 a

117 3391 208 3472 Resp.
230 3400 314 3472 part.
332 3389 361 3450 2.
382 3409 435 3474 qn.
451 3389 524 3450 152.
547 3387 667 3452 fatetur
680 3386 872 3450 Tertulliani
891 3391 1034 3471 tempore
1048 3389 1139 3472 [pag.
1153 3387 1235 3472 693]
1246 3389 1366 3452 trinam
1378 3387 1477 3452 fnisse
1490 3387 1582 3450 adhi-

115 3479 219 3542 bitam
235 3476 385 3541 adversus
398 3499 603 3560 personarum
620 3476 787 3540 unitatem.
804 3476 848 3540 Et
861 3476 934 3540 inid.
948 3475 1092 3558 subjicit:
1116 3499 1218 3559 neque
1239 3477 1332 3542 licere
1349 3476 1442 3540 uniet
1454 3475 1501 3538 uti
1515 3475 1581 3556 sig-

116 3567 266 3630 nificetur
286 3587 343 3630 nos
370 3565 404 3628 in
428 3587 525 3628 unnim
545 3587 652 3628 verum
664 3565 769 3629 Deum
785 3565 952 3648 baptizari.
982 3567 1057 3629 Tarn
1075 3567 1170 3643 enirn,
1183 3565 1298 3648 inquit,
1311 3565 1525 3650 periclitamini
1540 3577 1583 3630 aa

115 3657 284 3720 rasennam
309 3655 527 3737 ieaalapneaa,
553 3675 650 3739 peram
671 3674 842 3737 personam
869 3655 1154 3719 arriearnslalaere.
1180 3655 1339 3737 Iapenere
1353 3653 1474 3718 vereda
1488 3654 1583 3717 aaaron

116 3747 162 3810 erl
177 3745 266 3809 trina
277 3743 431 3808 mersione
446 3764 502 3807 sea
515 3744 695 3826 aspersione
710 3763 776 3806 non
793 3743 932 3808 arbitror
942 3743 1201 3808 contradendam.
1226 3742 1264 3806 In
1288 3743 1397 3807 eadem
1425 3742 1584 3806 sententia
1632 3767 1635 3774 ’

116 3833 268 3918 Gregorii
284 3831 329 3895 M.
341 3831 410 3896 Lib.
431 3833 460 3897 l.
472 3832 564 3915 epist.
580 3833 632 3894 41.
646 3833 685 3894 ad
698 3830 894 3908 Leandrum3
912 3855 993 3915 qnae
1005 3832 1026 3896 J
1030 3832 1079 3895 uri
1099 3831 1248 3896 canonico
1264 3832 1384 3894 insert-d
1397 3854 1464 3913 cap.
1481 3831 1533 3895 80.
1547 3832 1584 3896 (le

116 3923 215 4000 trinit,
229 3921 268 3986 de
280 3942 416 3984 consecr.
430 3920 502 3984 dist.
515 3921 546 3982 4.
559 3919 624 3985 Ubi
636 3921 774 3984 notanda
785 3921 889 3986 rerba:
899 3921 975 4006 qrria
984 3921 1018 3984 in
1029 3921 1237 4007 rcrrdfirleaon
1248 3921 1339 4008 officit
1350 3921 1499 3984 Ecclesiae
1510 3941 1583 3984 eea-

115 4011 250 4076 snenalo
266 4010 398 4086 dirersa,
412 4011 461 4074 aa.
488 4010 578 4091 Qraod
590 4010 618 4073 si
633 4011 705 4095 queis
716 4011 796 4092 forre
812 4011 905 4074 etiarn
915 4030 975 4092 pro
987 4029 1131 4073 srrrnrnae
1150 4010 1298 4072 trinitatis
1310 4010 1506 4073 manalione
1517 4011 1584 4074 esi-

115 4103 219 4166 slimel
230 4099 310 4186 fieri,
322 4120 420 4184 rrepne
432 4099 514 4164 istrael
522 4099 645 4183 aliquid
656 4099 772 4162 obsistit
785 4099 991 4182 baptizandae
1003 4099 1096 4162 senrel
1109 4098 1242 4182 iaaqnis
1255 4119 1408 4179 neerpere:
1422 4098 1496 4183 qnia
1506 4099 1585 4163 elsarn

118 4188 268 4254 intritae
278 4189 419 4271 personis
433 4208 501 4252 arm
513 4187 688 4252 substantia
699 4200 751 4265 est,
767 4187 1005 4271 reprehensibile
1019 4209 1082 4252 esse
1096 4188 1279 4251 rrrrllalenas
1299 4199 1406 4270 polest,
1430 4187 1583 4271 infantem
1654 4243 1659 4252 .

118 4281 153 4342 ia
167 4278 353 4360 baptismale
364 4279 410 4341 vel
423 4278 524 4341 lervel
535 4278 628 4340 senat
644 4277 844 4360 irnrnerpere:
856 4275 983 4361 parando
999 4273 1076 4340 [tin
1092 4275 1191 4340 tribas
1203 4276 1412 4342 rrrersioaibns
1426 4297 1584 4361 persona-

119 4389 195 4432 rum
223 4365 359 4444 trinitas,
386 4364 551 4432 stirnnrni
563 4377 662 4449 polest
674 4366 846 4432 divinitatis
861 4365 1066 4450 sirrprdaritas
1078 4364 1247 4451 desiperem.
1273 4364 1405 4432 Trinam
1420 4369 1528 4430 tamar
1551 4365 1584 4428 in

1502 4453 1570 4526 auti
