3712 4850
333 298 397 361 230
645 271 648 281 ι
696 295 777 360 Pras
801 294 827 360 l.
851 294 899 358 Dr
925 292 1058 359 Oarnrro
1083 293 1185 358 Pomr.
1212 293 1304 358 Ecca.
1328 291 1394 356 Ins.
1418 291 1444 357 I.

334 484 431 549 donec
443 506 502 568 per
516 480 678 567 synodus
692 504 789 566 quam
803 480 1022 566 apostolicam,
1036 484 1091 544 aut
1106 481 1351 564 subsequentem
1368 480 1612 555 oecumenicam,
1626 477 1725 543 Canon
1737 477 1782 540 ille

334 577 476 637 mutatus
494 575 585 636 esset.
604 569 748 636 Minime.
764 569 816 636 Nc
834 570 961 654 quidem
973 593 1030 654 per
1041 569 1199 634 sexdecim
1215 569 1341 634 saecula
1353 568 1565 646 meminimus,
1579 569 1621 632 ab
1631 566 1778 632 universali

334 665 390 726 aut
410 660 563 726 nationali
584 665 646 744 qut
671 659 797 744 Synodo
816 660 909 724 illum
929 659 1089 724 Canonem
1109 663 1269 723 mutatum
1293 679 1374 722 esse:
1397 657 1472 741 quin
1487 661 1596 722 contra
1614 656 1778 720 ridemuain

338 752 473 817 Concilio
496 751 672 834 Conprcnsi
692 750 794 834 (cujus
815 748 957 814 Canones
977 739 1102 832 partem
1119 748 1242 814 faciunt
1254 746 1368 812 codicis
1381 745 1544 811 Canonum
1556 745 1713 811 Ecclesiae
1724 745 1778 809 uni·

336 840 456 921 versae)
479 863 506 904 a.
530 840 604 901 324.
627 837 704 906 Can.
719 840 748 902 2.
762 837 989 904 abstinentiam
1003 837 1092 902 illam
1109 837 1256 901 stabiliri.
1281 835 1324 900 Et
1338 841 1357 899 ir
1369 837 1466 900 Leone
1479 838 1668 921 Imperatore
1683 833 1779 902 lloarll.

336 930 387 992 58.
400 928 463 1003 περὶ
475 933 527 986 τοῦ
536 926 647 1002 μηδένα
661 925 696 987 τὸ
710 921 784 1003 αἷμα
796 930 959 986 correctae:
973 926 1029 992 ubi
1049 929 1180 990 renovat
1197 926 1356 991 Canonem
1376 924 1602 1008 apostolorum.
1619 924 1699 988 Ante
1709 923 1778 1007 ipsos

339 1019 477 1083 Clemens
495 1017 699 1082 Alexandrin.
714 1015 778 1082 Lib.
793 1016 821 1078 3.
835 1015 1008 1100 paedapopi
1019 1035 1086 1100 cup.
1101 1016 1131 1079 3,
1144 1015 1319 1080 detestatus
1331 1035 1451 1078 morem
1465 1012 1657 1098 Schytarum
1668 1013 1779 1097 sangui·

335 1129 408 1171 nem
433 1129 470 1170 ex
489 1105 578 1188 equis
599 1105 666 1169 suis
686 1105 832 1170 eductum
851 1104 1042 1187 potantium,
1060 1104 1094 1167 in
1105 1104 1185 1169 haec
1201 1103 1297 1168 verba
1314 1103 1452 1186 erumpit
1464 1099 1527 1164 ott}
1539 1101 1602 1176 γὰρ
1617 1107 1708 1176 &lyae
1721 1095 1780 1173 αἷμα

335 1206 396 1264 τοῖς
407 1193 573 1270 ἀνθρώποις
587 1194 687 1269 θέμις,
698 1195 730 1257 id
751 1197 809 1271 est,
829 1213 927 1278 neque
944 1194 1028 1257 enim
1045 1194 1224 1259 bonrinitns
1236 1194 1288 1277 sas
1302 1205 1345 1257 esc
1359 1204 1483 1276 tenpore
1494 1191 1690 1274 scripuinenr.
1713 1187 1779 1252 Hinc

337 1285 511 1348 etiamnum
523 1281 616 1346 hodie
629 1283 714 1365 apud
726 1281 862 1348 Graecos
876 1281 1070 1346 abstinentia
1082 1282 1160 1347 haec
1176 1282 1306 1347 obtinet.
1324 1280 1420 1365 Apud
1433 1279 1652 1345 Occidentales
1665 1279 1714 1343 din
1725 1298 1780 1340 eam

336 1377 493 1437 servatam
506 1371 605 1436 fuisse
617 1375 741 1436 constat
757 1394 795 1436 ex
811 1369 1002 1435 Tertulliani
1015 1371 1184 1456 Apologet.
1199 1393 1223 1435 c.
1235 1371 1266 1434 9.
1277 1372 1333 1456 qni
1339 1382 1501 1454 propterea
1513 1366 1781 1456 q‘ooqnesaffocolis

339 1460 370 1526 a
388 1461 565 1526 rnorlicinis
586 1460 788 1537 abstinemus,
812 1481 851 1524 ne
871 1481 931 1545 qno
944 1461 1100 1544 scarpariae
1111 1461 1372 1536 coretorninenlnr,
1385 1462 1431 1524 cel
1443 1461 1528 1523 incra
1544 1458 1660 1523 issara
1672 1457 1779 1541 sep-olle.

337 1550 421 1638 Huic
446 1550 524 1614 adde
545 1548 718 1613 Minatium
738 1549 772 1613 in
790 1547 938 1614 Octavio:
961 1561 1145 1635 canteturque
1164 1549 1202 1614 ab
1215 1550 1356 1613 bnrnano
1369 1549 1524 1632 scrmreine
1535 1567 1688 1624 cavanna,
1699 1559 1782 1612 istnc

336 1640 477 1704 edulium
494 1659 642 1722 pecorrnn
665 1639 699 1702 in-
714 1637 787 1703 cibis
801 1638 987 1722 sanquinem
1000 1640 1191 1703 noverimus.
1216 1637 1298 1713 Quid
1320 1639 1401 1721 quod
1420 1637 1593 1703 Concilium
1612 1635 1782 1702 Proeirniele

337 1729 561 1794 Aurelianense
581 1728 611 1789 2.
636 1751 664 1791 a.
683 1727 756 1790 540.
776 1724 853 1793 Can.
867 1728 919 1788 20.
934 1727 992 1791 sub
1005 1733 1106 1810 poena
1119 1726 1451 1791 excommunicationis
1464 1725 1690 1790 abstinentiam
1702 1729 1719 1790 a
1732 1722 1782 1787 srf·

337 1817 441 1882 focato
461 1815 642 1900 praescibit.
666 1815 710 1880 Et
728 1820 836 1879 tamen
862 1816 1017 1898 paulatim
1035 1815 1196 1880 Ecclesiae
1216 1816 1434 1899 particulares,
1455 1819 1597 1880 cessante
1609 1813 1781 1879 causaillios

337 1905 453 1970 decreti
474 1905 645 1970 &Canonis
659 1904 824 1989 apostolici
837 1905 995 1982 (scandalo
1009 1905 1074 1970 scil.
1088 1911 1231 1970 recenter
1246 1927 1284 1968 ex
1299 1904 1321 1969 J
1322 1905 1465 1968 udaismo
1481 1905 1520 1968 ad
1533 1904 1627 1968 fidem
1640 1923 1781 1968 converso·

339 1996 434 2076 rum),
447 2017 504 2079 per
516 1993 754 2058 desuetudinem
768 1993 1019 2058 observationem
1033 1995 1172 2076 ejusdem
1186 1994 1402 2070 aboleverunt
1415 2015 1477 2057 non
1486 1993 1782 2076 exspectataunirer·

340 2084 415 2148 salis
428 2104 598 2148 consensus
612 2083 834 2159 declaratione,
847 2085 903 2146 aut
915 2083 1059 2166 synodali
1072 2083 1138 2147 sive
1149 2083 1350 2148 oecumenica
1359 2083 1425 2147 sive
1433 2081 1588 2146 nationali
1596 2082 1782 2168 abrogatione

339 2172 513 2258 Augustin.
533 2171 602 2235 Lib.
625 2172 677 2235 32.
696 2193 720 2235 c.
747 2171 900 2236 Faustum
914 2169 1118 2236 Manicheum
1131 2171 1206 2256 Cap.
1224 2172 1274 2235 13.
1300 2172 1356 2237 Uti
1366 2172 1500 2237 Ecclesia
1515 2172 1662 2237 Gentium
1674 2171 1738 2236 lulis
1747 2169 1783 2252 es·

338 2265 415 2346 secta
426 2273 479 2338 cst,
493 2271 528 2326 nt
541 2262 575 2324 in
586 2263 621 2324 cd
634 2262 744 2326 niellus
757 2260 899 2326 Israelita
911 2261 1048 2326 correctis
1056 2273 1216 2346 appareat,
1227 2263 1371 2347 pulejum
1379 2261 1435 2325 hoe
1447 2260 1647 2327 Christianus
1655 2261 1782 2326 obscum,

338 2363 372 2416 nl
397 2350 506 2415 bardos
525 2351 571 2414 ccl
583 2350 767 2415 rninrstiores
779 2351 917 2414 aviculas
929 2371 995 2414 non
1006 2352 1148 2435 accirique,
1163 2352 1226 2415 nisi
1239 2371 1378 2436 querum
1395 2352 1526 2435 scrip-uis
1538 2354 1659 2436 offusces
1671 2349 1783 2414 celfam

339 2443 472 2523 leporem
493 2459 558 2503 non
578 2439 657 2514 edat,
671 2439 700 2503 si
714 2459 815 2504 monn
830 2439 850 2502 ὰ
866 2440 978 2503 ceruice
986 2460 1155 2523 percussus
1173 2441 1262 2504 retello
1274 2451 1402 2504 merente
1418 2443 1545 2504 varniae
1560 2440 1677 2504 occisus
1689 2433 1784 2504 calfit

337 2531 392 2614 qni
412 2530 490 2613 sorte
507 2528 604 2613 ponci
627 2539 751 2612 cancere
771 2529 830 2592 isla
850 2528 1032 2612 formident
1056 2530 1075 2592 ὰ
1094 2530 1217 2594 caeteris
1238 2530 1421 2593 irrideatur.
1447 2527 1498 2592 Sic
1513 2528 1568 2592 ille
1581 2529 1619 2592 de
1636 2523 1781 2612 apostolici

339 2615 474 2681 Canonis
494 2617 713 2681 observatione
738 2639 795 2701 per
816 2617 1279 2682 contrariamconsuetudinem
1292 2618 1411 2702 passim
1425 2618 1550 2696 (saltem
1562 2617 1595 2680 in
1612 2615 1726 2692 Africa,
1737 2612 1781 2677 nbi

338 2705 538 2791 Augustinus
550 2705 749 2788 versabatur)
763 2706 879 2769 omissa
892 2707 915 2770 dr
927 2705 1095 2791 abrogata:
1110 2706 1272 2790 &quidem
1285 2708 1405 2790 absque
1418 2706 1576 2770 communi
1585 2705 1782 2770 consensuaul

291 2790 297 2803 ¹
339 2793 489 2879 Synodali
511 2795 678 2873 sententia,
696 2794 761 2859 sive
781 2793 990 2858 Oecumenict
1014 2795 1079 2858 sive
1100 2793 1282 2868 Nationali;
1298 2795 1397 2860 immo
1409 2817 1472 2858 non
1484 2795 1632 2860 obstante
1646 2791 1781 2859 contraria
1805 2861 1808 2868 ,

339 2885 473 2948 aliarum
494 2883 708 2947 Ecclesiarum
727 2883 830 2967 praxi,
851 2885 873 2949 d
894 2885 984 2968 [pag,
1005 2885 1085 2969 277]
1107 2881 1225 2967 Synodi
1246 2883 1440 2970 Cangrensis
1460 2885 1596 2950 decreto,
1623 2883 1780 2951 &carrdm

338 2976 514 3056 semiplum
530 2972 775 3036 absurdissimae
791 2972 900 3038 huic&
916 2972 956 3035 ab
968 2973 1054 3036 omni
1068 2972 1185 3037 Politia
1197 2973 1420 3038 Ecclesiastica
1432 2973 1647 3038 alienissimae
1661 2968 1782 3057 opinioni

339 3062 520 3146 oppositum
533 3062 618 3125 dedit
630 3060 772 3125 Ecclesia
784 3062 916 3144 antiqua
927 3063 950 3126 dr
963 3061 1083 3138 media;
1097 3085 1179 3146 quae
1191 3067 1263 3147 post
1274 3063 1400 3127 condita
1409 3066 1427 3127 ξι
1435 3066 1572 3146 quatuor
1579 3063 1689 3146 primis
1696 3060 1781 3125 Oeca-

338 3151 469 3215 manicis
482 3149 630 3215 Conciliis
643 3154 774 3226 statuta,
788 3155 859 3232 post
875 3150 1092 3215 collectionem
1105 3151 1268 3216 Canonum
1281 3151 1443 3216 Ecclesiae
1455 3151 1645 3216 universalis
1654 3155 1781 3236 (quorum

339 3238 466 3304 Codices
480 3261 624 3303 unacum
638 3237 750 3302 Codice
764 3237 795 3302 S.
809 3238 990 3322 Scripturae
1002 3240 1036 3304 iir
1049 3239 1197 3304 Consiliis
1210 3241 1244 3304 in
1257 3241 1361 3305 medio
1373 3263 1536 3306 consessus
1544 3241 1621 3324 poni
1631 3233 1780 3314 solentuti

339 3328 487 3392 discimus
508 3351 546 3391 ex
565 3328 640 3392 aclis
661 3327 772 3394 Concil.
791 3325 1046 3393 Chalcedonensis
1058 3330 1181 3394 Actione
1193 3329 1224 3393 4.
1239 3328 1270 3394 a
1285 3332 1333 3392 12.
1348 3323 1780 3414 d·13.lpostconstitutossi-

340 3417 430 3480 miles
443 3417 571 3481 Codices
584 3417 747 3480 Canonum
760 3415 920 3481 Ecclesiae
932 3416 1103 3493 Romanae,
1117 3418 1279 3483 Ecclesiae
1292 3417 1473 3496 Africanae,
1482 3423 1555 3502 post
1563 3419 1681 3483 editum
1690 3411 1778 3482 Photii

339 3505 607 3583 Nomocanonem
624 3508 695 3589 post
707 3505 827 3568 sancita
840 3504 1036 3590 Capitularia
1049 3503 1154 3571 Caroli
1166 3505 1222 3586 M„
1235 3506 1395 3586 Ludovici‚
1409 3507 1515 3572 Caroli
1527 3507 1629 3582 Calvi,
1641 3508 1678 3572 ad
1689 3505 1777 3570 obser·

340 3594 497 3658 rationem
518 3594 715 3678 singulorum
736 3592 900 3658 Canonum
916 3596 1231 3660 circumstantialium
1249 3601 1304 3661 aut
1320 3597 1590 3662 occasionatorum
1607 3588 1777 3686 (italcquar)

338 3682 497 3747 Ecclesiae
520 3683 663 3768 singulas
676 3704 873 3768 quocumque
885 3683 918 3748 in
931 3687 1016 3748 statu
1029 3688 1085 3748 aut
1100 3707 1174 3749 casu
1188 3686 1334 3750 astrictas
1346 3709 1409 3751 non
1422 3689 1585 3770 putarunt,
1598 3677 1677 3752 utin
1690 3677 1775 3765 appli-

338 3771 460 3835 catione
481 3774 521 3836 ad
544 3771 705 3856 quaelibet
724 3771 810 3836 facta
830 3775 852 3837 a
869 3774 1000 3858 agenda,
1015 3796 1123 3856 parem
1136 3775 1227 3859 quasi
1240 3775 1460 3840 necessitatem
1475 3775 1704 3850 &autoritatem
1716 3788 1774 3832 cunr

338 3861 406 3938 iure
426 3860 533 3925 divino
553 3861 629 3944 ipsis
645 3860 741 3924 tacite
757 3860 907 3940 tribuere,
924 3866 980 3926 arrt
991 3862 1104 3946 majori
1120 3864 1187 3927 zelo
1199 3886 1257 3946 pro
1269 3865 1308 3929 iis
1321 3887 1417 3948 quam
1430 3887 1487 3948 pro
1500 3862 1585 3948 Lege
1599 3863 1653 3948 lllci
1665 3881 1707 3924 coi
1723 3869 1773 3921 aln-

339 3948 411 4012 dere
435 3949 626 4014 viderentur.
643 3948 725 4012 Vide
737 3950 907 4034 Scriptores
919 3965 1041 4016 nostros
1057 3952 1276 4032 Cbemnitinne,
1298 3953 1512 4030 ll'ittulrernm,
1526 3949 1695 4024 Melinum,
1723 3945 1774 4010 :lc-

342 4039 484 4114 acierum,
507 4040 659 4106 necet-um.
683 4039 720 4102 de
748 4040 980 4105 Traddionilms
999 4040 1197 4105 disserentes.
1222 4042 1265 4105 Et
1278 4065 1359 4127 quae
1371 4066 1428 4108 nos
1443 4044 1476 4106 in
1492 4044 1585 4127 Disp.
1600 4043 1632 4126 ple
1649 4041 1697 4102 'Tm
1723 4053 1773 4096 nrt*

340 4127 510 4190 nocie-iluna
533 4129 647 4192 Christi
659 4126 854 4192 Montacntio
867 4129 912 4192 nil
932 4129 993 4193 nisi
1013 4125 1053 4187 τὰ
1067 4129 1259 4210 ἥθἠἀρχκῖα,
1283 4132 1480 4209 traditiones,
1493 4131 1590 4196 Conci
1610 4131 1639 4202 'a
1651 4125 1699 4190 Car*
1724 4142 1771 4184 112⁵

340 4215 482 4297 crepanti
494 4216 684 4298 reponimus.
715 4217 851 4282 Tadiano
863 4221 1039 4302 encrnplrnn
1051 4220 1126 4284 huic
1139 4221 1279 4304 opinioni
1292 4221 1473 4305 oppositum
1489 4227 1538 4286 est
1550 4244 1583 4285 ce
1620 4211 1690 4281 muni
1723 4207 1769 4271 Ec·

340 4302 506 4366 etesiarum
526 4305 769 4370 reformaturum
788 4307 913 4389 praxis;
931 4330 1012 4392 quae
1036 4313 1072 4372 ut
1095 4309 1128 4372 in
1152 4309 1377 4375 reformatione
1397 4311 1566 4386 doctrinae
1600 4309 1631 4374 ila
1647 4299 1695 4368 dir
1723 4295 1768 4359 rb-

341 4391 517 4456 servatione
541 4397 596 4456 aut
614 4393 781 4457 omissione
802 4393 945 4469 ltituum,
966 4396 1103 4476 Ordinis
1125 4400 1148 4464 b
1169 4396 1348 4484 Regiminis
1371 4399 1565 4464 Ecclesiastir
1589 4401 1594 4414 '
1615 4387 1695 4459 necti
1723 4405 1765 4533 11}

1723 4497 1728 4534 l
