3668 4856
324 289 391 356 336
623 289 704 355 Pars
727 287 786 356 III.
810 289 858 358 Du
881 289 1034 356 Remulus
1056 289 1148 356 Ecca.
1173 311 1203 354 m
1227 309 1351 356 carrae.
1374 285 1441 356 Lis.
1464 287 1492 360 I.

325 478 429 542 solent
452 475 570 561 Synodi
592 475 880 563 Zuydhollandicae
903 478 1032 563 negotia
1055 481 1112 542 aut
1134 499 1244 541 causas
1267 477 1302 540 in
1324 473 1468 542 Ecclesia
1490 477 1548 541 illa
1564 481 1620 541 aut
1633 475 1771 560 aliaque·

325 588 459 649 cunque,
484 569 503 629 a
522 566 668 650 synedrio
688 570 744 631 aut
763 567 863 632 classe
879 567 1044 632 tractanda
1063 569 1087 634 ta
1106 588 1169 630 non
1187 569 1334 643 tractata,
1357 587 1414 630 nec
1426 567 1465 630 ad
1481 588 1515 632 se
1527 565 1636 650 aliquo
1652 564 1771 630 istorum

320 656 490 734 ¹modorum
510 658 602 739 (quos
625 678 721 739 supra
742 677 809 740 cap.
831 657 861 720 2.
885 654 1113 737 recensuimus)
1134 656 1240 719 delata
1257 658 1313 719 aut
1332 655 1491 733 devoluta,
1512 659 1669 730 tractare3
1691 659 1772 737 atque
1824 675 1825 678 ’

322 745 368 809 ita
387 743 545 808 Ecclesiae
570 745 777 827 particulares
800 745 823 810 ta
837 745 993 828 synedria,
1010 745 1096 808 omni
1109 744 1275 829 regimine,
1289 745 1480 827 &potestate
1493 744 1631 828 privare.
1654 741 1689 808 Si
1699 763 1769 826 quae

323 832 435 917 synodi
453 835 509 896 aut
525 832 640 898 classes
661 833 725 898 tale
746 833 822 917 quid
841 833 1000 911 fecissent,
1022 855 1074 898 cas
1095 855 1159 897 non
1178 833 1361 911 secundum,
1382 834 1437 897 sed
1456 836 1567 897 contra
1584 832 1723 896 ordinem
1736 829 1751 894 f
1759 865 1775 886 «-

322 922 402 987 cisse
421 921 587 986 dicendum
611 926 709 999 esset;
732 922 780 987 uti
801 923 841 986 ad
863 922 1189 1008 Conpreqationalinm
1206 919 1390 986 Achilleum
1410 925 1520 987 contra
1537 921 1771 986 ordinemtre-

323 1011 429 1094 gimen
454 1011 683 1094 presbyteriale
706 1015 931 1096 argumentum
952 1012 1086 1076 antehac
1109 1010 1339 1094 respondimus.
1363 1010 1408 1074 nt
1426 1011 1460 1075 in
1480 1010 1560 1076 actis
1583 1008 1774 1094 synodalibus
1824 1095 1825 1100 η

325 1098 523 1164 Hollandicis
550 1099 755 1164 inveniuntur
778 1105 936 1164 correctae
960 1105 1016 1164 aut
1042 1099 1240 1183 improbatae
1267 1099 1439 1185 aliquando
1461 1099 1687 1184 usurpationes
1708 1119 1774 1181 qun·
1824 1113 1825 1116 ’

325 1189 458 1252 rundam
481 1187 641 1266 classium,
665 1189 698 1252 in
715 1189 889 1254 tractandis
907 1189 1044 1274 negotiis
1069 1194 1125 1252 aut
1152 1189 1265 1266 ceasia,
1290 1188 1324 1252 in
1346 1189 1490 1254 Ecclesia
1515 1187 1775 1272 particularium
1824 1187 1825 1192 ’

326 1277 415 1361 prius
437 1277 593 1356 tractatis,
612 1277 678 1342 sive
690 1278 770 1342 bene
782 1278 849 1342 sive
860 1278 953 1342 male.
978 1277 1022 1340 Et
1034 1279 1172 1361 synodus
1188 1277 1283 1360 hujus
1296 1278 1476 1360 provinciae
1490 1276 1717 1360 Ultrajectinae
1729 1297 1775 1339 an·

326 1365 420 1431 tehao
432 1365 598 1452 negotium
611 1368 634 1432 ln
645 1388 773 1431 causam
785 1367 923 1432 ministri
939 1367 1144 1452 negligentis,
1161 1367 1201 1430 ad
1211 1367 1345 1430 classem
1357 1367 1506 1444 delatam,
1519 1366 1553 1430 in
1569 1367 1714 1450 synedrio
1724 1363 1775 1428 Εε-
1824 1397 1825 1448 j

326 1455 474 1520 clesiolae
497 1454 631 1537 alicujus
654 1455 783 1520 vicanus
802 1455 891 1538 prius
914 1456 1112 1520 tractandam
1128 1455 1293 1538 judicavit,
1325 1477 1424 1538 eoque
1444 1455 1576 1520 remisit.
1601 1454 1664 1520 Sed
1682 1455 1717 1518 de
1736 1453 1777 1517 his

325 1544 461 1628 aliisque
473 1543 506 1606 in
515 1543 668 1620 historiis,
681 1545 704 1609 a
717 1544 874 1630 apologiis
887 1545 929 1630 (si
945 1544 1115 1609 necessitas
1127 1545 1248 1622 tulerit,
1262 1548 1298 1608 ut
1309 1545 1391 1608 tales
1404 1544 1574 1628 aliqnando
1591 1544 1733 1620 edantur)
1744 1563 1776 1606 ex

327 1632 468 1716 professo
482 1633 505 1698 6]
518 1632 662 1716 pluribus
675 1634 833 1718 agendum
846 1635 915 1697 erit.
940 1633 1069 1708 Quodsi
1081 1655 1257 1716 anonymus
1270 1655 1366 1697 ausus
1377 1633 1476 1698 fuerit
1488 1634 1519 1696 in
1534 1633 1639 1697 lucem
1648 1631 1776 1716 prodire
1824 1635 1825 1638 ’

327 1722 466 1805 spondeo
481 1743 542 1798 me,
555 1720 682 1786 fabulas
694 1745 749 1786 seu
763 1722 905 1788 infelices
918 1723 1079 1799 historias,
1091 1723 1265 1800 mendacia,
1278 1722 1465 1802 calumnias,
1483 1720 1690 1786 Hobbesiana
1701 1719 1775 1784 axio·
1824 1765 1825 1768 ,

327 1814 424 1888 mata,
449 1810 511 1894 ipsi
530 1811 570 1874 ob
594 1811 700 1876 oculos
723 1812 918 1895 positurum:
941 1811 1098 1895 imprimis
1118 1811 1252 1898 synodos
1268 1807 1453 1875 Delfensem
1472 1811 1567 1874 1628.
1594 1808 1776 1874 Leidensem.

329 1901 423 1963 1629.
445 1899 741 1964 Schoenhovianam
764 1900 859 1964 1630.
878 1900 1007 1986 (quibus
1021 1919 1080 1984 ego
1097 1897 1239 1980 interfui)
1252 1900 1293 1964 ab
1304 1900 1511 1984 usurpatione
1524 1901 1547 1966 6
1559 1897 1678 1977 ἀταξίᾳ,
1694 1919 1777 1981 quam

331 1988 397 2053 illis
409 1987 555 2072 imponit,
569 1993 791 2073 purgaturum.
1342 2023 1345 2030 ’

372 2075 429 2142 IV.
447 2075 570 2156 Qaaesa
581 2078 631 2143 Aa
643 2090 748 2157 satae,
757 2079 820 2143 aiae
826 2079 1070 2156 anniversariae,
1079 2079 1143 2143 aiae
1149 2091 1306 2144 semestres
1315 2079 1428 2166 synodi
1435 2076 1687 2146 siaaeaaemaer
1697 2076 1777 2157 Rasa.

376 2170 402 2230 l.
431 2163 533 2233 Conci.
549 2165 599 2231 De
622 2167 831 2232 oecumenicis
846 2189 901 2232 seu
918 2167 1149 2232 universalibus
1173 2166 1205 2232 N
1207 2189 1257 2252 eg.
1281 2167 1363 2243 Quia-
1386 2166 1439 2230 vix
1452 2166 1605 2252 possibile
1619 2169 1677 2244 est,
1690 2169 1722 2229 ut
1733 2185 1778 2228 or-

328 2255 468 2319 dinariae
492 2255 646 2338 ejusmodi
668 2256 779 2340 synodi
800 2257 989 2322 habeantur.
1014 2254 1078 2320 Vir
1091 2256 1189 2320 etiam
1204 2256 1356 2340 possibile
1369 2259 1405 2320 ut
1421 2277 1562 2338 unquam
1574 2255 1779 2320 occasionatae

327 2344 515 2410 habeantur.
540 2342 661 2409 Saltem
684 2367 825 2428 unquam
848 2350 919 2430 post
931 2350 1076 2429 tempora
1087 2345 1303 2428 apostolorum
1316 2345 1443 2410 habitas
1456 2343 1650 2408 fnissemihi
1663 2363 1724 2407 non
1742 2341 1778 2404 sit

327 2432 510 2498 verisimile.
534 2431 620 2497 Nam
643 2435 727 2517 quod
738 2433 860 2519 primae
873 2439 1010 2518 quatuor
1025 2433 1156 2498 habitae
1168 2436 1191 2500 tr
1203 2434 1305 2500 dictae
1318 2433 1448 2499 fuerunt
1460 2434 1671 2498 occurracnioae
1683 2433 1706 2497 dt
1717 2431 1779 2495 uni·

326 2522 463 2588 rersales
487 2520 633 2607 (Nicena,
657 2522 1017 2607 Constantinopolitana,
1028 2523 1202 2607 ldphesina,
1220 2522 1508 2606 Chalcedonensis),
1524 2523 1557 2586 id
1569 2521 1691 2586 factum
1702 2519 1778 2604 stylo

328 2611 451 2676 curiae:
474 2609 604 2676 fuerunt
619 2611 704 2676 enim
716 2612 892 2677 celebratae
905 2613 945 2676 ab
958 2611 1123 2696 Episcopis
1136 2611 1350 2678 Ecclesiamm
1366 2613 1399 2676 in
1412 2611 1547 2695 imperio
1563 2633 1617 2675 seu
1632 2611 1709 2675 orbe
1722 2607 1779 2674 Ro·

329 2722 439 2776 man03
463 2699 579 2783 quibus
602 2700 771 2785 aliquando
794 2702 1007 2784 adjunxerunt
1030 2723 1062 2765 se
1083 2701 1183 2784 aliqui
1195 2701 1336 2785 episcopi
1352 2704 1408 2766 ant
1420 2700 1560 2785 delegati
1574 2699 1780 2764 Ecclesiamm

328 2789 526 2873 quarundam
548 2789 581 2852 in
605 2789 776 2854 Barbarieo
792 2790 864 2868 (hoc
879 2794 937 2870 est,
950 2793 1041 2856 extra
1052 2789 1221 2873 imperium
1236 2789 1446 2868 Romanum:
1471 2789 1521 2853 uti
1532 2793 1659 2854 constat
1671 2809 1709 2852 ex
1719 2807 1779 2852 can.

328 2878 380 2942 23.
406 2875 535 2946 Consilii
548 2879 811 2945 Chatrachmenaia
825 2879 943 2943 Orbem
956 2901 1029 2944 vero
1045 2901 1100 2943 seu
1113 2879 1257 2963 regiones
1274 2883 1364 2944 extra
1379 2879 1498 2942 limites
1510 2877 1638 2962 imperii
1653 2874 1779 2942 Romani

327 2967 406 3032 sitas
428 2966 526 3032 fuisse
549 2968 726 3051 appellatas
739 2968 960 3036 Barbariem&
977 2968 1183 3034 Barbaricum
1197 2968 1346 3033 discimus
1363 2990 1402 3033 ex
1418 2965 1693 3052 Carthaginiensis
1705 2965 1779 3032 Con·

328 3055 394 3120 cilii
416 3077 499 3121 anno
523 3055 596 3121 397.
619 3078 688 3122 εαη.
704 3057 754 3122 16.
771 3058 867 3124 Gellia
879 3058 930 3123 lib.
946 3057 996 3121 19.
1010 3079 1077 3141 cap.
1094 3058 1144 3122 12.
1157 3057 1326 3122 Ammiano
1340 3057 1519 3122 Marcellino
1532 3055 1584 3121 lib.
1600 3057 1652 3120 18.
1664 3056 1699 3120 L.
1712 3056 1741 3118 2.
1753 3054 1780 3118 C.

329 3145 367 3209 de
394 3165 559 3210 commerc.
584 3147 766 3230 lanipendio
786 3147 822 3212 in
841 3147 1019 3214 Alexandro
1041 3146 1160 3212 &ocra
1183 3146 1235 3211 Ex
1253 3146 1398 3230 opposito
1410 3146 1497 3211 orbis
1513 3143 1779 3209 Romanusdietus

328 3233 391 3298 luit
403 3235 568 3312 Romania,
584 3235 755 3302 Athanasio
767 3237 807 3300 ad
818 3236 994 3300 solitariam
1007 3236 1106 3300 vitam
1125 3239 1275 3320 agentes3
1292 3233 1474 3319 Epiphanio
1486 3233 1612 3299 haeresi
1625 3233 1679 3298 66.
1703 3233 1779 3300 Eua·

328 3323 398 3408 prio
411 3323 461 3388 lib.
477 3324 507 3386 6.
520 3345 587 3408 cap.
605 3324 657 3389 20.
684 3326 794 3392 Oresio
805 3325 917 3390 histor.
931 3324 983 3390 lib.
998 3324 1027 3389 7.
1040 3345 1107 3410 cap.
1124 3327 1177 3390 43.

374 3413 405 3476 2.
432 3413 533 3478 Concl.
556 3411 603 3478 Ut
614 3414 724 3497 synodi
739 3413 771 3478 N
773 3414 927 3478 ationales
939 3421 1032 3498 (quas
1045 3415 1141 3478 etiam
1152 3415 1308 3500 pectorales
1320 3413 1496 3498 appellant)
1510 3413 1602 3498 [pag.
1624 3410 1715 3498 234]
1732 3432 1779 3474 ex-

328 3502 556 3566 traordinariae
569 3503 591 3568 la
603 3503 818 3567 occasiouatae
831 3503 964 3566 subinde
976 3503 1156 3567 habeantur
1168 3504 1344 3588 (occasione
1356 3503 1473 3568 &statu
1484 3523 1591 3566 rerum
1600 3502 1647 3566 ita
1655 3497 1779 3578 ferente)

329 3590 541 3655 necessarium
565 3594 622 3670 est,
643 3592 683 3654 ad
699 3591 772 3656 fidei
784 3593 807 3657 a
823 3591 1043 3656 substantialis
1056 3614 1092 3656 ac
1104 3591 1263 3676 generalis
1275 3592 1441 3678 regiminis
1452 3589 1670 3656 Ecclesiastici
1683 3588 1778 3653 unita·

328 3682 394 3744 tem
416 3679 669 3764 &integritatem
682 3682 937 3758 conservandam,
951 3682 974 3746 6]
986 3680 1125 3745 defectus
1137 3683 1350 3765 cujuscunque
1362 3681 1498 3766 ingressi
1511 3685 1568 3744 aut
1579 3676 1778 3764 ingredientis

329 3791 384 3834 seu
411 3768 590 3853 irrepentis,
621 3770 874 3835 emendationem
897 3774 953 3833 aut
976 3769 1214 3853 impeditionem
1231 3771 1469 3853 procurandam.
1494 3768 1545 3834 Sic
1561 3763 1779 3840 sentiebant&

328 3857 536 3922 consulebant
555 3858 699 3943 theologi
712 3859 744 3922 in
757 3858 881 3942 Belgio,
895 3857 1093 3924 &reformati
1106 3864 1196 3923 extra
1206 3859 1365 3944 Belgium,
1378 3863 1534 3944 quotquot
1546 3856 1709 3922 orthodox³
1737 3853 1779 3918 ab

329 3946 462 4011 unitatis
485 3969 521 4010 ac
538 3948 624 4031 pacis
636 3947 877 4012 Ecclesiasticus
890 3947 994 4012 studio
1009 3947 1204 4013 ferebantur.
1228 3949 1271 4012 m
1287 3950 1332 4014 sic
1346 3953 1418 4033 post
1430 3948 1548 4012 multas
1560 3945 1701 4014 Remonsl
1737 3964 1779 4006 in·

328 4034 456 4102 tium&
479 4033 728 4121 Magistratuum
751 4038 948 4119 quorundam
972 4037 1012 4100 ab
1034 4037 1113 4119 ipsis
1137 4037 1338 4103 seductorum
1354 4037 1717 4122 tergiversationesdcc.
1737 4035 1779 4094 tra

331 4124 441 4208 synodi
466 4122 647 4190 Nationalis
670 4125 924 4190 convocationem
949 4125 1172 4209 oppositiones,
1200 4127 1376 4210 potioribus
1399 4124 1561 4211 suffragiis
1580 4121 1717 4190 decemc¹
1737 4121 1779 4183 int

330 4211 503 4296 Supremas
526 4214 820 4279 confoederatarnm
844 4214 1078 4298 provinciarum
1102 4215 1306 4300 Belgicarurn
1330 4219 1520 4300 potestates;
1547 4211 1693 4278 Geldriae
1737 4207 1778 4283 il,

331 4300 511 4380 Zelandiae,
523 4302 654 4381 Frisiaa
669 4301 1045 4388 Groning.-Omlandiae:
1063 4309 1172 4368 contra
1184 4327 1280 4387 quam
1291 4306 1449 4370 decretam
1461 4303 1573 4385 synodi
1584 4301 1717 4366 indictio·
1737 4317 1778 4360 em

331 4388 366 4456 in
389 4412 533 4456 consessu
556 4389 606 4456 Ill.
621 4415 657 4456 ac
673 4389 744 4456 DD.
759 4391 854 4457 Ordd.
869 4393 1015 4458 General.
1028 4397 1104 4457 tunc
1127 4395 1388 4477 protestabantur
1403 4392 1543 4478 delegati
1554 4392 1705 4476 provincia
1737 4405 1777 4534 up

1737 4495 1752 4536 0
1766 4507 1779 4520 .
