3732 4840
459 165 471 213 l

314 271 376 335 150
668 267 750 332 Pras
773 264 799 332 I.
824 264 871 329 Da
895 217 1028 334 Oasedro
1052 268 1156 334 Pouir.
1182 269 1272 335 Eea.
1298 245 1362 334 Lis.
1386 267 1413 332 Ι.

317 550 501 624 ,externum
513 546 659 610 ordinare
671 543 781 608 Duum
793 541 942 608 N0m1n1s
954 545 1091 609 cultum:
1118 544 1243 610 Subditi
1256 546 1580 611 tenerentur-obedire
1595 545 1788 612 reformati-

318 636 398 715 ,oni,
428 640 464 700 ut
495 635 551 700 alii
575 634 670 699 alicui
693 631 843 717 politicae
870 633 1026 698 sanctioni
1042 657 1228 719 semperque
1245 634 1410 700 mutabilis
1423 635 1537 720 religio
1550 641 1641 700 esset.
1667 633 1789 720 Aequ'c

317 726 420 804 ,enim
440 723 697 790 Architectonica
713 724 870 806 potestate
884 721 953 787 lter
966 723 1122 788 Ethnicus
1135 725 1157 790 81
1170 724 1348 788 haereticus
1361 725 1490 808 gaudet,
1507 729 1607 808 eaque
1620 729 1789 809 potestate

317 815 384 892 ,uti
406 814 513 894 vellet,
537 813 613 899 quia
640 834 732 876 nemo
756 834 789 875 se
802 811 862 877 hac
874 811 907 874 in
920 817 1010 895 parte
1024 835 1128 878 errare
1142 812 1249 890 credit,
1264 813 1312 877 rel
1325 813 1513 898 religionem
1526 814 1598 878 aliis
1611 814 1788 878 conatibus

318 907 544 988 ,praetexeret
568 900 654 966 Nam
677 901 814 966 varietas
835 901 1027 986 religionum
1052 904 1111 987 (ait
1133 903 1369 968 Euerlcarrlascl
1391 903 1695 988 ll'eibedcpracrop.
1710 924 1788 968 arre-

319 457 553 544 ,gravissimas
576 455 604 521 l.
622 453 673 520 nb
697 453 828 557 Imperii
853 407 898 554 ait
917 455 1040 556 jurisve
1065 454 1160 540 Regii
1184 455 1211 519 si
1231 456 1383 538 penderet
1401 457 1525 540 judicio
1545 458 1595 521 uel
1613 415 1789 541 potestate

214 1035 222 1050 ·
318 1014 406 1070 „cesa
419 994 455 1058 E.
471 991 499 1055 5.
514 991 559 1079 b.)
572 991 651 1056 citra
668 989 913 1054 controversiam
929 991 1001 1056 inde
1013 996 1089 1056 nata
1098 997 1156 1070 est,
1169 993 1253 1076 quhd
1265 991 1388 1056 somnia
1400 992 1587 1057 traditiones
1595 1015 1631 1058 ac
1639 992 1789 1057 scabiem

277 1126 287 1158 ,
318 1082 500 1168 ,geminum
526 1081 755 1166 gubernatores
779 1079 901 1162 politici
914 1081 1073 1145 voluerint
1089 1080 1206 1146 Christi
1221 1081 1381 1146 doetrinae
1397 1080 1558 1146 conferre:
1572 1085 1699 1146 tantum
1716 1082 1787 1146 sal·

318 1193 408 1248 ,vam
434 1175 470 1240 ut
494 1170 650 1234 haberent
672 1167 927 1252 Rempublicam.
952 1171 1010 1254 (2.)
1031 1170 1153 1235 Deinde
1166 1169 1331 1234 dissentire
1345 1170 1382 1234 de
1395 1170 1549 1256 religione
1561 1194 1623 1236 non
1636 1171 1788 1236 haeresis

318 1260 472 1344 ,amplius
493 1263 550 1323 aut
562 1257 700 1323 schisma
712 1257 804 1336 foret,
818 1258 873 1322 sed
889 1259 1011 1330 crimen¹
1020 1258 1137 1323 Laesae
1154 1257 1343 1342 Majestatis.
1368 1259 1426 1344 (3.)
1451 1258 1522 1344 Ipse
1535 1259 1693 1326 Dominus
1706 1283 1789 1326 nos-

318 1353 385 1426 ,ter
408 1349 429 1413 J
431 1372 503 1414 esus
527 1346 673 1412 Christus
693 1346 779 1412 haud
791 1347 944 1412 mimdani
956 1346 1086 1432 Imperii
1100 1348 1240 1412 subsidio
1253 1369 1388 1434 regnum
1401 1372 1493 1414 suum
1506 1349 1672 1434 spirituale
1686 1349 1788 1416 insti-

318 1442 425 1516 ,tuere
454 1437 643 1522 firmareque
669 1436 780 1500 voluit.
805 1435 891 1500 Nam
915 1438 987 1521 quis
1008 1461 1046 1502 ex
1060 1437 1251 1521 primoribus
1264 1437 1440 1502 crediditis
1455 1443 1595 1503 eumaut
1608 1463 1645 1504 ex
1662 1439 1788 1504 Phari·

318 1527 436 1604 ,saeis3
460 1527 515 1592 sed
527 1527 622 1591 turba
634 1548 715 1610 quae
729 1548 791 1591 non
805 1527 894 1590 novit
906 1525 1025 1612 Legem
1037 1528 1150 1592 loaisa.
1165 1527 1194 1590 7.
1213 1549 1238 1592 a.
1254 1528 1305 1590 48.
1320 1526 1467 1606 Gemitis,
1480 1527 1585 1612 inquit
1601 1527 1643 1593 D:
1659 1527 1790 1592 Paulus

318 1617 367 1693 ,l.
391 1618 433 1681 ad
458 1616 598 1683 Cariath.
613 1616 643 1680 l.
666 1637 694 1678 o.
705 1615 758 1678 26.
784 1615 978 1680 vocationem
997 1620 1137 1681 vestram
1148 1617 1263 1680 fratres
1274 1639 1281 1680 :
1294 1639 1349 1680 vos
1363 1637 1426 1680 non
1438 1639 1506 1681 esse
1519 1618 1637 1682 multos
1649 1618 1789 1702 sapien·

317 1710 383 1784 ,tes
406 1705 578 1772 secundum
598 1727 735 1782 carnem,
756 1726 819 1769 non
831 1706 948 1770 multos
961 1710 1115 1789 potentes
1133 1727 1195 1770 non
1208 1706 1326 1770 multos
1339 1705 1472 1771 nobiles.
1496 1705 1609 1790 Neque
1622 1731 1661 1771 ex
1674 1730 1790 1772 neees-

317 1795 430 1872 ,sitate
443 1793 588 1860 Christus
601 1797 624 1859 11
639 1792 783 1877 Apostoli
796 1793 864 1858 sine
876 1793 1086 1880 Magistratus
1099 1795 1256 1878 praesidio
1269 1817 1359 1859 suam
1371 1801 1640 1880 propagaverunt,
1649 1798 1673 1862 81
1683 1797 1790 1860 tutati
1818 1839 1822 1847 -

319 1888 412 1961 ,sunt
435 1883 621 1960 doctrinam,
643 1882 718 1966 quia
749 1886 862 1967 nempe
890 1885 996 1948 nullus
1020 1885 1130 1948 aderat
1149 1883 1358 1969 Magistratus
1372 1882 1571 1949 Christianus
1584 1883 1715 1970 Religio
1732 1886 1790 1950 cui

319 1973 421 2050 ,cordi
445 1976 544 2038 esset:
570 1971 646 2036 Fuit
671 1994 807 2056 namque
832 1973 1032 2058 omnipotens
1048 1974 1186 2052 taliter,
1199 1974 1227 2038 si
1240 1977 1256 2038 e
1268 1997 1302 2038 re
1315 1973 1475 2038 Ecclesiae
1491 1973 1614 2053 fuisset,
1627 1997 1706 2040 sane
1722 1975 1789 2040 hoc

320 2062 463 2140 ,efficere
490 2061 657 2146 potuisset,
682 2084 784 2145 neque
807 2083 865 2145 pro
888 2061 1031 2128 bonitate
1055 2085 1112 2127 sua
1139 2063 1260 2146 optima
1283 2062 1442 2127 omisisset
1459 2063 1622 2128 Christus:
1637 2064 1694 2128 sed
1706 2065 1789 2146 quia

319 2172 471 2238 ,regnum
482 2150 573 2228 illud,
590 2150 673 2232 quod
684 2151 905 2215 introducebat
922 2150 1119 2216 Mundanum
1131 2152 1217 2217 haud
1229 2152 1292 2216 fuit
1307 2153 1420 2216 laurea.
1440 2152 1489 2217 18.
1504 2173 1530 2216 υ.
1546 2153 1599 2218 36.
1612 2153 1673 2239 (4.)
1686 2151 1789 2217 Vim-

319 2263 399 2325 ,que
426 2239 508 2324 legis
531 2238 773 2304 Ecclesiasticae
796 2240 979 2306 habuerunt
994 2240 1130 2306 Decreta
1142 2242 1237 2326 primi
1249 2241 1374 2306 concilii
1390 2244 1452 2306 Acl.
1467 2241 1518 2304 15.
1533 2241 1653 2326 absque
1666 2241 1789 2307 afflatu

320 2329 429 2408 ,aulae
453 2328 637 2394 Caesareae.
661 2328 706 2393 At
729 2329 787 2407 ais,
814 2329 880 2394 vim
904 2353 968 2394 non
991 2331 1140 2395 habuisse
1165 2330 1379 2415 corporalibus
1393 2331 1533 2395 censuris
1545 2332 1734 2410 coactivam,
1750 2336 1789 2397 ut

319 2419 470 2503 „replicat
500 2419 672 2483 Concordia
699 2420 885 2504 Artprrslaaa
909 2421 964 2504 sol.
990 2421 1041 2484 49.
1067 2419 1332 2504 Responderetur.
1357 2419 1432 2484 Non
1460 2443 1527 2484 eam
1554 2421 1685 2504 requiri,
1699 2421 1789 2488 alias

319 2508 423 2586 ,enim
447 2507 611 2591 primitiva
638 2507 781 2572 Ecclesia
805 2531 843 2573 ea
870 2509 1376 2593 carens,haudperfectafuisset.
1403 2511 1462 2595 (5.)
1479 2509 1787 2577 InDeuteronomio

320 2598 575 2676 ,commendatur
598 2595 681 2681 Regi
704 2596 812 2661 Lectio
835 2597 930 2683 Legis
943 2597 1088 2676 Divinae,
1102 2601 1157 2664 sed
1169 2600 1294 2664 additur
1310 2599 1393 2683 quod
1409 2599 1551 2684 accipere
1564 2599 1678 2664 debeat
1694 2599 1789 2667 hunc

320 2687 455 2764 ,librmn
481 2685 643 2766 aberitis,
656 2687 825 2752 Deuterou.
842 2688 891 2752 17.
908 2709 986 2752 cers.
1002 2688 1074 2752 18³².
1089 2687 1178 2753 Haec
1189 2689 1430 2766 fere‘Bcsoldus.
1454 2689 1598 2754 ll'cteras
1612 2690 1645 2753 ia
1658 2699 1801 2756 tractat·

267 2760 276 2782 ⁸
315 2777 352 2842 dc
373 2778 448 2840 Jrrrc
470 2775 501 2842 a·
528 2776 656 2841 Helicae
688 2778 952 2842 Consistorioruar
964 2799 1030 2861 capr.
1048 2778 1098 2843 19.
1112 2777 1272 2842 Ecclesiae
1284 2776 1479 2842 Potestatem
1495 2780 1518 2844 t
1533 2778 1788 2862 presbyterium,

315 2870 425 2930 eontra
449 2865 649 2948 exceptiones
669 2865 777 2930 Erasti
789 2867 811 2931 11
825 2863 976 2930 Saraviae
989 2867 1087 2932 solide
1100 2872 1224 2944 tuetur3
1238 2870 1260 2933 81
1273 2890 1341 2951 cap.
1352 2868 1403 2931 27.
1417 2871 1491 2932 sect.
1508 2867 1537 2932 5.
1551 2868 1589 2932 de
1605 2867 1787 2934 vocatione

315 2953 485 3018 Pastorum
510 2955 554 3019 sic
581 2954 734 3038 loquitur:
759 2957 893 3021 Ecclesia
918 2956 1065 3021 libertatis
1078 2959 1140 3041 lepc
1147 2959 1211 3040 jus,
1226 2959 1277 3041 fas
1292 2957 1504 3042 Epolcrrliaru
1516 2969 1658 3022 calcitare
1671 2959 1787 3041 proui-

315 3045 414 3109 sioais
438 3044 638 3128 magistratui
661 3048 750 3130 offert
775 3044 806 3110 a·
827 3045 953 3110 cohibet.
980 3047 1082 3132 rl'cqae
1109 3059 1212 3110 tereres
1236 3047 1302 3110 ideo
1322 3048 1438 3111 vocatio
1453 3047 1789 3113 Marianorum-arti

315 3135 416 3217 sepulc
434 3133 594 3216 politicam
614 3133 757 3220 efficitur,
779 3136 954 3200 terramala
967 3136 1009 3200 lla
1022 3148 1195 3201 arrlrrureal.
1219 3134 1300 3200 lbid.
1313 3139 1423 3200 taxato
1437 3136 1538 3200 abusu
1552 3137 1788 3219 praesentatio-

315 3222 365 3286 nis
381 3244 436 3286 seu
449 3221 713 3287 denominationis
726 3223 810 3307 apud
822 3223 986 3308 Principes
999 3227 1021 3290 81
1035 3223 1245 3310 Magistratus
1257 3225 1403 3302 usitatae,
1417 3226 1586 3290 exclamat:
1601 3226 1636 3290 Si
1645 3225 1701 3290 boc
1716 3248 1787 3292 noa

314 3323 358 3376 est
382 3333 418 3375 ea
454 3312 610 3376 lbcaliouc
635 3313 855 3378 illisislroraru
867 3315 1017 3378 Ecclesiae
1029 3315 1129 3398 facere
1144 3317 1245 3398 repale
1262 3316 1462 3402 Pontificense
1470 3339 1482 3390 ;
1494 3317 1521 3380 si
1532 3316 1587 3380 lroc
1599 3335 1663 3379 riou
1675 3328 1719 3380 cst
1734 3329 1787 3403 ly·

317 3401 485 3465 retundere
510 3402 544 3464 ia
566 3403 699 3466 Ecclesia
720 3423 864 3480 recreare,
884 3404 992 3488 ccqrrid
1011 3405 1138 3469 clericum
1150 3405 1231 3468 erit?
1247 3403 1297 3467 Ex
1309 3403 1455 3468 omnibus
1465 3405 1532 3487 jam
1545 3404 1690 3468 indicatis
1704 3427 1786 3469 con-

317 3493 382 3554 stat
404 3489 474 3572 quis
499 3489 596 3555 fuerit
620 3493 642 3556 81
663 3491 705 3556 sit
717 3514 837 3568 sensus,
851 3492 935 3576 quod
951 3493 1141 3557 desiderium
1154 3491 1369 3557 Ecclesiarum
1381 3496 1404 3558 b
1416 3491 1663 3579 Theologomm,
1680 3493 1786 3560 irnnro

317 3580 340 3644 81
363 3579 488 3662 piorum
511 3577 533 3642 J
534 3579 593 3644 CC.
606 3583 712 3644 torum
725 3581 758 3644 iu
772 3579 943 3646 Gerrnauia
956 3581 993 3646 de
1009 3582 1171 3646 Potestate
1184 3585 1206 3648 da
1218 3582 1396 3666 Disciplina
1411 3581 1651 3658 Ecclesiasticd;
1665 3605 1786 3666 quam·
1826 3653 1834 3670 .

317 3667 365 3731 vis
387 3669 424 3732 de
441 3667 526 3733 facto
542 3669 636 3733 aliter
652 3669 739 3754 loqui
759 3671 849 3756 [pag.
874 3671 954 3755 178]
974 3672 1141 3735 videantur
1164 3673 1186 3736 a
1206 3693 1326 3736 morem
1346 3676 1500 3754 tanquam
1519 3671 1639 3736 malum
1652 3677 1708 3736 aut
1726 3673 1786 3738 de-

317 3757 437 3822 fectum
449 3757 529 3822 bene
543 3758 682 3841 positum
693 3759 905 3838 tolerandum,
918 3783 1028 3844 eoque,
1053 3763 1089 3824 ut
1112 3765 1242 3844 queunt,
1267 3761 1299 3824 in
1321 3761 1439 3826 bonum
1451 3760 1612 3826 Ecclesiae
1625 3762 1785 3827 utendum

317 3846 504 3930 approbare.
528 3845 735 3913 Obtestamur
758 3849 891 3914 lectores
907 3855 944 3913 ut
956 3851 989 3914 in
1002 3849 1149 3915 Lectione
1163 3873 1272 3914 eorum
1289 3851 1461 3934 prudenter
1473 3850 1681 3936 distinguant,
1694 3850 1744 3915 iul
1772 3875 1786 3916 r

317 3935 579 4019 approbationem
594 3937 640 4001 rei
652 3937 686 4001 in
698 3961 731 4002 se
744 3939 870 4021 quidem
887 3962 950 4004 non
962 3939 1074 4017 bonae,
1087 3944 1194 4003 tamen
1210 3940 1389 4004 necessario
1403 3944 1532 4024 propter
1543 3939 1690 4004 duritiem
1709 3963 1744 4004 co
1772 3979 1785 3991 -

318 4024 405 4088 dium
418 4026 604 4104 tolerandae,
620 4025 651 4092 a
665 4029 744 4092 irater
756 4029 1012 4112 approbationem
1025 4029 1219 4093 necessariae
1233 4029 1432 4112 &prudentis
1445 4029 1644 4094 tolerantiae.
1669 4027 1744 4092 Hah
1771 4069 1784 4080 ·

317 4136 388 4178 mrrs
415 4118 491 4197 ergo
515 4115 727 4181 universalem
750 4118 782 4181 in
795 4118 854 4182 hac
867 4118 1025 4183 sententia
1037 4141 1240 4194 consensum3
1254 4122 1277 4185 s
1289 4119 1391 4202 ipsam
1405 4119 1544 4201 ejusdem
1558 4118 1728 4182 veritatem
1742 4143 1756 4183 e
1772 4145 1784 4184 r

318 4201 350 4268 S.
374 4201 489 4268 Liberis
516 4204 614 4268 solide
639 4205 791 4270 hactenus
816 4208 962 4272 anostris
978 4231 1075 4292 supra
1087 4207 1258 4272 nominatis
1270 4209 1454 4292 probatam:
1469 4230 1550 4291 quae
1568 4207 1663 4272 etiam
1677 4229 1744 4292 nrrp
1772 4233 1784 4272 r

317 4295 426 4357 contra
450 4292 606 4378 Papatum
621 4296 824 4372 saecularem,
838 4298 860 4362 11
872 4319 969 4361 noros
983 4297 1015 4360 in
1027 4297 1148 4381 Angla
1159 4302 1229 4361 turn
1240 4297 1427 4362 Erastianos
1442 4301 1511 4360 tum
1529 4296 1752 4362 ceremoniaru.
1772 4321 1783 4362 1

317 4381 351 4445 in
375 4379 480 4446 Scotia
504 4383 620 4447 zelotes
641 4384 852 4448 eruditissime
865 4386 995 4450 defensa
1010 4391 1059 4451 est
1071 4387 1103 4450 in
1115 4387 1242 4470 scriptis
1255 4387 1445 4470 quibusdam
1458 4387 1652 4462 vernaculis3
1670 4387 1752 4468 qual
1772 4411 1785 4451 1

1636 4477 1784 4560 ,1111911-
