3668 4856
254 299 366 384 Talon.
391 298 450 366 ΙΙΙ.
474 298 522 364 Da
546 298 750 366 Oouvaurrens
775 321 810 364 ar
834 299 978 364 Gennaes.
1004 299 1130 364 accras.
1154 299 1226 366 (lar.
1249 297 1306 364 VI.
1443 299 1508 364 299

80 487 399 572 valetconsequentia.
425 486 564 552 (lencilia
587 487 747 572 Papistica
768 487 968 572 improbant;
992 486 1178 552 nominatim
1202 487 1281 552 illud
1294 485 1516 552 Tridentinum

81 577 157 661 plant
174 576 387 662 illegitimum,
413 579 435 644 tc
462 579 530 642 toto
551 577 637 642 coelo
659 576 779 642 distans
802 577 842 641 ab
855 577 995 661 antiquis
1007 599 1043 642 ac
1059 575 1212 662 legitimis
1227 576 1378 642 conciliis.
1402 575 1440 642 ln
1453 601 1515 661 quo

80 665 159 730 secuti
177 669 250 730 sunt
267 666 413 750 exempla
434 667 640 745 nazianzeni,
661 666 836 746 Athanasii,
858 664 1077 752 Chrysostomi,
1099 665 1233 732 aliorum
1252 664 1516 731 Orthodoxorum.

81 751 128 818 Sed
151 759 256 820 contra
279 754 411 820 concilia
427 755 571 840 legitime
585 755 708 833 habita,
722 778 817 839 quern
834 756 970 820 maxime
983 756 1134 840 probant:
1148 755 1197 820 uti
1213 755 1317 820 videre
1330 754 1422 820 estin
1435 755 1517 819 libro

82 842 242 928 Principum
266 843 518 910 Protestantium
542 845 690 910 adversus
703 843 834 910 Consilii
847 843 1025 909 Tridentini
1038 844 1316 920 continuationem,
1330 867 1402 909 ann.
1422 845 1517 910 1562.

81 931 153 996 iPio
166 931 221 998 IV.
234 933 396 1013 indictam,
410 931 596 1000 Germanice
604 934 637 997 in
649 935 678 998 4.
690 955 771 999 anno
783 935 877 998 1564.
889 934 972 998 edito
981 955 989 999 :
998 935 1087 1018 cujus
1096 956 1253 998 summam
1264 935 1447 1000 Goalnrtias
1463 956 1521 1016 ap·

81 1021 183 1105 pandici
196 1021 235 1086 ad
246 1020 366 1108 Illyrici
380 1023 516 1108 catalog.
529 1023 669 1100 testium,
682 1045 757 1108 pag.
771 1024 823 1088 20.
841 1024 893 1089 31.
908 1023 1051 1088 inseruit.
1077 1019 1192 1088 Confer
1204 1024 1226 1090 tc
1238 1023 1375 1090 Stridon.
1388 1023 1440 1088 bb.
1454 1023 1483 1086 9.
1497 1024 1520 1087 tr

83 1110 123 1174 ll.
144 1112 164 1177 le
185 1109 363 1176 Historiam
386 1111 519 1177 Concilii
547 1112 682 1196 Tridcat.
706 1112 758 1180 tib.
783 1115 810 1176 1.
825 1113 847 1180 b
865 1113 894 1177 7.
906 1133 978 1198 pay.
995 1112 1067 1176 747.
1082 1112 1294 1196 &proemium
1307 1111 1520 1177 Confessionis

80 1198 279 1286 Augustanos.
304 1199 426 1278 Quibus
447 1202 525 1268 adde
537 1205 719 1267 nostrorum
735 1224 933 1266 communem
949 1203 1139 1266 sententiam
1153 1201 1186 1265 in
1199 1201 1276 1267 locis
1288 1201 1520 1279 communibus,

80 1289 189 1372 scriptis
203 1289 374 1366 elencticis,
387 1293 410 1358 tc
421 1290 635 1375 peculiaribus
647 1291 846 1370 tractatibus,
856 1290 1086 1358 Ecclesiasticis
1096 1291 1253 1373 imprimis
1262 1313 1521 1374 quarumcunque
1557 1309 1561 1316 ·

80 1377 225 1446 nationum
239 1380 517 1446 constitutionibus
530 1381 552 1446 b
565 1385 720 1465 perpetua
731 1381 823 1465 praxi
834 1379 1035 1446 declaratam.
1053 1379 1112 1446 His
1126 1379 1250 1444 abunde
1262 1383 1414 1446 testatum
1427 1380 1520 1444 dede-

79 1471 143 1532 runt
152 1491 183 1534 se
194 1473 346 1546 statuere,
360 1469 563 1534 conciliorum
575 1469 817 1536 saluberrimam
829 1492 897 1535 esee
914 1469 1129 1535 autoritatem.

119 1555 171 1622 ΠΙ.
196 1559 307 1644 Objecl.
334 1555 502 1634 Quaelibet
525 1559 669 1625 Ecclesia
691 1558 893 1643 particularis
906 1581 961 1624 seu
977 1556 1084 1628 coarat
1108 1558 1517 1643 habetomnemtrplenam

79 1649 255 1729 potestatem
274 1647 548 1713 Ecclesiasticam:
567 1670 625 1713 nec
642 1671 705 1712 une
721 1647 864 1714 Ecclesia
878 1647 978 1712 habet
990 1650 1046 1712 aut
1058 1669 1211 1731 usurpare
1228 1648 1321 1713 debet
1332 1650 1523 1732 potestatem

80 1735 107 1798 in
123 1735 230 1800 aliam:
252 1757 330 1822 ergo
345 1758 409 1801 non
428 1736 552 1802 videtur
564 1737 705 1802 conciliis
718 1737 890 1822 quidquam
907 1734 1055 1820 relinqui.
1069 1739 1159 1820 Reap.
1174 1736 1261 1801 Haec
1273 1736 1429 1821 palmaria
1441 1737 1523 1800 ratio

81 1828 121 1888 est
133 1847 186 1909 pro
196 1825 503 1912 independentismo,
516 1831 625 1892 contra
641 1827 783 1912 regimen
795 1826 1033 1911 presbyteriale.
1058 1824 1155 1910 Cujus
1167 1825 1386 1892 infirmitatem
1399 1847 1455 1892 nos
1468 1825 1521 1890 de-

81 1913 202 1979 teximus
215 1935 315 1999 supra
326 1937 351 1980 e.
362 1915 500 2000 praeced.
524 1914 587 1980 Hic
599 1937 674 2002 ergo
690 1938 752 1980 non
764 1918 916 2000 repetam.

121 2000 249 2070 torma
272 2001 320 2070 Ut
331 2003 466 2090 insignis
479 2005 636 2070 calumnie
648 2008 697 2070 est
708 2003 947 2070 Pontificiorum
959 2003 1075 2070 nostris
1087 2004 1238 2070 Ecclesiis
1250 2003 1394 2084 ἀναρχίαν
1405 2005 1523 2090 impin-

82 2093 222 2178 gentium,
242 2116 280 2162 eo
300 2093 384 2178 quod
403 2093 588 2178 Episcopali
604 2094 752 2179 regimini
768 2094 998 2178 presbyteriale
1011 2094 1212 2178 praeferunt3
1225 2093 1270 2158 sic
1282 2115 1345 2157 non
1360 2094 1464 2159 minor
1476 2099 1525 2160 est

82 2181 163 2266 culpa
173 2205 293 2262 eorum,
306 2181 361 2267 qui
373 2183 606 2268 presbyterium
618 2183 787 2248 traducunt
802 2187 955 2268 tanquam
970 2183 1053 2248 viam
1066 2184 1105 2248 ad
1117 2182 1455 2267 independentismum.
1472 2181 1523 2248 Si-

83 2271 141 2334 mili
161 2271 289 2338 fallacia
312 2272 482 2338 accidentis
504 2293 628 2337 ornnem
652 2272 803 2338 virtutem
821 2273 984 2337 traducere
1004 2273 1074 2355 quis
1089 2273 1201 2357 possi',
1221 2276 1372 2355 tanquam
1384 2273 1469 2338 viam
1486 2273 1526 2337 ad

84 2359 182 2426 vib'nm
194 2385 220 2426 e.
234 2383 283 2447 gr.
296 2360 523 2426 liberalitatem
536 2361 575 2425 ad
587 2361 858 2447 prodigalitatem
871 2362 1056 2440 dominium,
1073 2362 1261 2427 nominatim
1272 2359 1521 2440 Monarchicum,

84 2449 116 2514 ad
136 2449 345 2535 tyrannidem,
370 2450 551 2516 libertatem
569 2451 609 2515 ad
630 2451 801 2531 licentiam,
827 2449 988 2518 Christum
1013 2452 1053 2515 ad
1072 2452 1198 2516 ruinam
1209 2451 1394 2530 multorum,
1407 2454 1526 2516 certam

84 2537 165 2604 fidem
183 2543 206 2608 b
221 2539 371 2604 fiduciam
384 2540 423 2604 ad
437 2540 640 2606 securitatem
651 2540 820 2620 carnalem,
837 2563 945 2604 veram
957 2540 1145 2626 religionem
1157 2541 1197 2606 ad
1209 2539 1455 2620 Ethnioismum,
1472 2544 1528 2605 aut

84 2627 267 2712 Papismum,
292 2631 349 2693 aut
364 2628 461 2694 aliam
473 2629 618 2713 quamvis
630 2629 798 2695 haeresim.
822 2629 903 2696 (lum
914 2629 999 2694 enim
1012 2630 1097 2694 mala
1109 2629 1173 2694 sint
1185 2629 1288 2694 vicina
1298 2628 1400 2707 bonis,
1413 2629 1528 2712 optimi

84 2717 405 2871 cujusquedcorruptio
421 2718 574 2785 &abusus
586 2718 724 2804 irrepere
737 2741 773 2783 ac
784 2718 954 2804 subrepere
967 2719 1056 2784 solet.
1082 2717 1144 2784 Sed
1159 2719 1219 2784 hoc
1235 2718 1295 2803 ipsi
1307 2718 1391 2784 bono
1407 2740 1469 2783 non
1482 2731 1529 2783 est

84 2811 217 2890 nuputan
241 2829 305 2872 um.

121 2897 146 2980 g.
159 2897 186 2962 5.
199 2895 420 2972 Quaerendum
431 2917 515 2962 nune
526 2896 563 2962 de
576 2897 697 2963 ratione
710 2897 847 2962 habendi
859 2897 993 2962 concilii.
1009 2895 1075 2964 Ubi
1087 2897 1190 2982 primo
1201 2899 1369 2963 occurrunt
1377 2919 1528 2980 personae

85 3005 156 3067 quae
174 2990 248 3050 sunt
268 2985 500 3071 quadruplices.
527 2987 556 3050 l.
585 2988 633 3052 va
644 2985 806 3071 Synodum
818 2991 1023 3052 convocantes
1036 3009 1091 3052 seu
1104 2987 1287 3052 indicentes,
1312 2987 1343 3052 2.
1364 2987 1413 3051 Vei
1425 2987 1465 3050 ad
1477 3010 1528 3069 sy-

86 3073 191 3140 nodum
213 3075 406 3161 delegantes.
431 3076 462 3142 3.
494 3076 543 3141 Vct
566 3075 731 3162 delegatae
753 3099 807 3140 seu
832 3077 985 3156 synodum
997 3077 1236 3144 constituentes.
1259 3082 1290 3140 4.
1312 3076 1359 3140 Vel
1375 3076 1530 3158 synodum

85 3159 248 3250 dirigentes
261 3167 296 3228 ut
308 3163 478 3247 praesides
493 3185 676 3244 assessores,
689 3165 832 3230 actuarii.
850 3166 943 3230 Aliae
955 3188 1118 3249 personae,
1131 3188 1212 3249 quae
1221 3165 1303 3229 circa
1312 3165 1466 3248 synodum
1475 3168 1530 3228 aut

86 3251 215 3318 aciones
232 3253 398 3337 synodales
410 3276 597 3338 quocunque
610 3256 702 3320 modo
715 3256 804 3341 [pag.
824 3255 904 3341 185]
920 3260 1095 3333 versantur,
1112 3255 1163 3318 his
1175 3254 1306 3318 minime
1322 3254 1530 3318 accersendas

86 3344 160 3422 sunt,
181 3342 291 3426 quales
309 3345 383 3406 sunt
399 3341 558 3408 auditores
574 3347 630 3408 aut
645 3348 838 3429 spectatores
851 3344 878 3409 si
891 3366 968 3430 quos
981 3345 1107 3408 admitti
1119 3344 1299 3428 contingat;
1311 3342 1529 3427 Proponentes

87 3433 134 3494 aut
154 3431 328 3496 indicantes
351 3436 407 3496 aut
415 3431 638 3498 denuntiantes
650 3433 767 3518 synodo
780 3433 998 3520 quaestionem
1011 3456 1117 3519 quam,
1130 3437 1186 3496 aut
1200 3432 1376 3517 negotium,
1389 3435 1444 3496 eut
1456 3454 1530 3496 cau-

87 3539 156 3599 sam,
172 3524 228 3586 aut
239 3520 420 3607 querelam
433 3523 536 3586 vocati
548 3523 587 3588 ad
599 3523 815 3598 testimonium
828 3524 1008 3588 dicendum:
1023 3525 1219 3588 accusatores
1232 3524 1255 3588 tr
1268 3521 1313 3585 rei
1326 3521 1366 3585 ad
1378 3521 1532 3605 synodum

87 3606 183 3674 citati:
196 3609 312 3689 nuntii,
325 3631 477 3690 cursores,
486 3610 640 3695 janitores
652 3611 770 3698 aliique
783 3613 811 3676 si
824 3612 879 3699 qui
891 3611 955 3676 sint
967 3612 1193 3676 ministrantes,
1212 3611 1254 3674 Et
1266 3610 1379 3674 horum
1391 3609 1532 3674 omnium

88 3699 128 3762 cst
139 3720 231 3765 naus:
244 3699 391 3786 quamvis
403 3721 466 3764 nou
477 3700 600 3784 possint
611 3701 672 3766 diei
684 3702 865 3784 synodales:
879 3700 996 3787 quippe
1007 3701 1130 3766 nullam
1140 3701 1175 3764 in
1186 3700 1406 3764 convocatione
1420 3700 1532 3765 &cele-

87 3784 223 3853 bratione
243 3787 355 3873 synodi
367 3792 491 3873 partem
503 3789 664 3855 facientes.
690 3791 896 3856 Excludimus
909 3795 1016 3855 autem
1027 3791 1122 3875 plane
1132 3801 1324 3875 pronrotores
1338 3789 1396 3868 (ita
1407 3788 1532 3874 loquar)

88 3896 95 3936 r
155 3878 220 3942 sint
238 3881 393 3964 tanquam
412 3882 573 3962 praetores
593 3883 649 3944 aut
671 3879 832 3958 officiales,
850 3883 907 3944 aut
919 3880 1076 3945 auditores
1088 3903 1144 3945 seu
1156 3878 1465 3952 commentarienses,
1478 3881 1533 3942 aut

88 3987 95 4048 1
155 3971 299 4032 aratores
311 3971 368 4032 aut
380 3967 524 4032 advocati
536 3969 669 4049 fiscales,
682 3969 737 4055 qui
747 3970 873 4034 nomine
886 3970 998 4054 synodi
1009 3972 1118 4033 contra
1130 3969 1188 4034 hor
1201 3973 1257 4032 aut
1269 3967 1340 4032 illos
1355 3967 1531 4050 procedant.

88 4051 95 4116 ’,
155 4079 170 4120 s
185 4057 271 4120 enim
283 4060 456 4141 apparatus
468 4061 517 4124 est
528 4058 694 4142 potestatis
707 4059 875 4135 coactivas,
888 4081 943 4122 seu
952 4058 1180 4143 jurisdictionis
1193 4080 1264 4122 cum
1276 4056 1424 4140 imperio:
1438 4077 1534 4140 qnam

88 4141 95 4207 l
151 4145 242 4210 resine
264 4145 444 4212 &conciliis
463 4167 618 4234 negamus
639 4149 741 4214 2Cor.
761 4149 800 4211 10
812 4169 841 4214 v.
854 4151 884 4212 3.
909 4146 1077 4212 Praeterea
1089 4148 1259 4233 magistros
1275 4145 1534 4223 ceremoniarum,

89 4255 95 4296 ι
152 4234 314 4300 missarios
330 4235 487 4312 forenses3
501 4236 704 4320 depositores,
717 4238 894 4316 advocatos
908 4241 1051 4302 cantores
1061 4259 1067 4301 :
1078 4238 1171 4324 quale
1180 4235 1366 4320 choragium
1375 4237 1536 4318 camparet

89 4319 95 4385 i
151 4325 370 4390 romenclatore
390 4348 498 4392 eorum
522 4326 576 4413 qui
598 4327 638 4391 ad
656 4326 828 4392 Concilium
849 4325 1070 4391 Tridentinum
1086 4329 1299 4392 convenerunt
1311 4325 1394 4389 edito
1405 4321 1536 4388 Parisiis

89 4431 95 4475 ι
151 4413 165 4456 i
186 4414 552 4483 'remunerantes
577 4416 648 4482 Sint
659 4437 735 4502 ergo
747 4416 785 4482 de
797 4415 967 4483 indictione
979 4415 1126 4482 Concilii:
1412 4499 1440 4581 Q

1366 4510 1394 4566 1.
1443 4512 1537 4567 uuest.
