3768 4842
1157 57 1164 70 ι

281 239 1391 373 81111.1.1111Ε1111111111111111.;811.ῙῙΙ.
1527 295 1569 364 46

15 513 17 540 r
101 483 293 571 diligentias.
321 484 497 574 Belgarum
524 487 720 553 Historicum
743 485 876 556 Petrum
900 491 998 555 Borre
1024 487 1226 576 1011411111
1253 487 1347 572 hujus
1359 486 1569 572 problematis

15 633 16 636 ,
101 573 365 646 determinatione
389 576 570 662 colligimus
596 577 655 642 hoc
673 580 804 644 Consect
823 579 853 642 l.
870 577 943 644 Nou
960 601 1028 644 esse
1039 599 1148 642 omnes
1165 577 1252 642 urbis
1265 577 1384 642 incolas
1401 576 1531 640 vicatim
1547 577 1570 641 81

102 663 180 722 mi
198 665 355 738 famiae
377 665 564 730 distributos
586 666 619 730 in
642 667 707 732 suis
731 689 872 751 quosque
884 667 1012 751 tcmplis
1029 668 1249 731 convenientes
1262 667 1301 730 ad
1318 665 1570 731 communionem

104 751 310 836 recipiendos,
322 751 440 820 hedum
452 755 750 839 compellendos3'eo
766 757 836 840 ipso
851 757 926 840 quie
937 757 1021 820 cives
1038 760 1113 820 sunt
1125 759 1148 822 81
1164 755 1290 839 paroeci
1303 754 1434 840 politici.
1448 755 1479 818 2.
1495 756 1571 820 Con-

104 853 208 906 mcor.
220 839 320 906 Posse
332 846 439 908 tamen
454 845 477 910 81
491 843 603 909 debere
614 867 723 909 omnes
735 845 807 909 illos
823 847 846 912 81
862 845 1015 930 singulos,
1028 851 1084 910 aut
1096 845 1188 910 statis
1200 844 1408 929 temporibus,
1425 847 1481 907 aut
1495 848 1571 926 qua-

105 953 224 1015 cunque
249 932 424 1011 occasione,
448 933 608 1016 spirituali
633 919 854 998 Ministrorum
879 937 902 1000 81
925 934 1092 1000 Sociorum
1105 932 1470 1018 alloquiothortatione
1486 953 1571 997 com-

15 1099 16 1104 *
106 1019 178 1103 pelli
201 1023 240 1084 ut
263 1021 400 1086 intrent:
424 1021 485 1086 hoc
509 1026 556 1086 est
579 1023 778 1104 utaudient,
807 1027 862 1087 ant
874 1023 901 1087 si
913 1023 1044 1088 eradiant
1056 1027 1092 1087 ut
1106 1023 1212 1086 debito
1226 1022 1335 1086 or'dine
1348 1024 1370 1087 81
1383 1021 1475 1086 modo
1488 1020 1571 1084 irrtet

15 1155 16 1170 .
105 1113 321 1194 competentes
341 1131 457 1176 nomen
480 1131 574 1176 'suum
603 1111 821 1196 profiteantur,
840 1112 1058 1196 &praemissis
1074 1111 1330 1176 institutionibus
1347 1114 1443 1194 atque
1459 1109 1570 1194 explo-

106 1198 281 1262 rationibus
304 1201 561 1284 praeparatoriis,
584 1203 608 1266 81
626 1201 749 1264 solenni
773 1201 845 1269 fulci
865 1200 1059 1285 professione
1073 1200 1169 1279 edita,
1183 1199 1345 1264 Ecclesiae
1358 1220 1473 1264 nornen
1486 1199 1572 1262 dent.

107 1285 193 1362 Quod
218 1287 374 1352 laudabili
390 1311 478 1353 more
490 1287 559 1353 lieri
569 1289 603 1353 iu
616 1289 767 1354 Ecclesiis
782 1291 899 1354 nostris
912 1311 1008 1374 supra
1019 1311 1086 1374 cap.
1103 1291 1131 1354 l.
1145 1289 1364 1354 indicarimus.

148 1373 206 1442 Vl.
233 1382 356 1450 Qrecest
381 1378 433 1442 An
460 1377 621 1443 sufficeret
646 1379 744 1443 tacita
767 1381 790 1446 81
817 1379 972 1462 implicita
997 1401 1053 1443 seu
1070 1379 1216 1443 virtualis
1233 1376 1572 1462 professiodrpromis-

106 1464 151 1529 sio
162 1465 195 1528 in
220 1465 402 1550 receptione
425 1467 564 1544 illorum,
577 1467 633 1551 qui
645 1467 677 1531 in
690 1469 822 1534 Ecclesia
835 1468 903 1533 nati
915 1471 937 1534 81
954 1467 1106 1552 baptizati
1121 1471 1205 1546 sunt,
1219 1467 1296 1550 quin
1310 1466 1405 1529 etiarn
1420 1466 1502 1529 inter
1514 1489 1571 1529 au-

106 1553 222 1619 ditores
245 1553 400 1620 hactenns
424 1555 607 1621 numerati?
632 1558 720 1640 Hesp.
746 1558 820 1643 Nep.
843 1557 918 1641 quia
940 1557 1046 1642 gratia
1069 1556 1331 1641 baptismalis(ut
1344 1553 1489 1618 nonnulli
1502 1561 1571 1638 eam

15 1685 16 1688 =
106 1644 282 1728 appellant)
306 1646 329 1710 8
353 1645 509 1730 implicita
532 1645 588 1710 illa
600 1644 842 1725 confoederatio,
860 1647 956 1711 immo
969 1648 991 1712 81
1003 1646 1163 1710 internum
1175 1667 1282 1709 semen
1297 1665 1389 1708 verae
1401 1664 1571 1727 regenera-

15 1793 16 1800 ,
106 1731 200 1798 tionis
225 1737 330 1816 potest
348 1733 466 1798 alicubi
480 1757 557 1812 esse,
569 1735 625 1798 ubi
637 1739 743 1800 tarum
757 1755 819 1800 non
833 1741 881 1800 est
892 1735 1026 1800 actualis
1042 1734 1239 1800 conversio&
1255 1734 1342 1813 fides,
1357 1733 1471 1796 saltem
1483 1732 1572 1796 nulla

108 1821 178 1886 fidei
201 1822 337 1887 actualis
350 1821 515 1906 professio.
536 1822 641 1888 Sicuti
650 1845 726 1909 ergo
736 1825 818 1889 tales
830 1825 950 1908 seipsos
962 1824 1126 1908 explorare
1143 1827 1303 1902 tenentur,
1316 1822 1361 1886 sic
1373 1821 1498 1886 eosdem
1509 1819 1571 1885 Ec-

15 1915 17 1952 2
107 1910 211 1988 clesia,
228 1916 387 1994 quantum
399 1911 468 1976 fieri
482 1916 596 1996 potest.
606 1910 689 1977 Vide
698 1920 818 1988 Quaest.
832 1912 1126 1980 1111111112.-
1137 1909 1212 1978 Vll.
1222 1918 1343 1986 Qoeccst.
1355 1910 1407 1975 An
1416 1911 1571 1994 professio

108 1999 177 2064 fidei
190 2001 214 2066 8
226 2000 395 2084 promissio
407 2001 556 2080 solennis,
569 2001 729 2067 continere
742 2003 855 2067 debeat
868 2007 1025 2068 exsertam
1038 2023 1093 2066 seu
1107 2001 1289 2084 explicitam
1305 1999 1573 2064 renuntiationem
1654 2027 1662 2044 ·

109 2089 297 2173 apostasiae,
312 2091 370 2154 aut
386 2089 562 2170 haereseos,
575 2096 631 2154 aut
642 2111 794 2171 errorum,
807 2093 968 2176 inquibus
981 2091 1051 2175 quis
1064 2090 1152 2156 vixit.
1165 2092 1255 2174 Hesp.
1269 2087 1386 2164 Quidni
1395 2093 1410 2153 t
1419 2086 1472 2152 Sic
1480 2087 1573 2152 hodie

108 2177 128 2241 J
131 2178 247 2242 adaeus
259 2178 368 2243 nullus
383 2179 424 2243 ad
435 2180 688 2244 communionem
700 2179 861 2245 Ecclesiae
876 2180 1029 2265 recipitur
1041 2180 1108 2244 sine
1120 2179 1289 2263 rejectione
1301 2177 1469 2243 Judaismi.
1483 2176 1572 2242 Idem

110 2267 231 2332 obtinet
252 2268 288 2331 in
314 2268 495 2352 receptione
517 2266 866 2335 Muhammedanorum.
884 2269 965 2334 Vide
983 2270 1101 2336 Nicctac
1115 2269 1282 2334 Cbouictoe
1299 2267 1504 2345 cascaram,
1518 2265 1573 2330 nbi

15 2401 16 2404 κ
111 2355 245 2421 formula
271 2355 527 2422 renuntiationis.
553 2356 650 2442 Apud
672 2381 729 2423 nos
753 2359 836 2423 idem
859 2364 1004 2424 servatur
1031 2358 1063 2421 in
1079 2357 1258 2442 receptione
1275 2355 1573 2440 Anabaptistarum,

111 2442 414 2526 Remonstrantium,
427 2443 677 2526 Socinianorum,
690 2446 937 2526 Pontificiorum,
955 2451 977 2514 81
994 2447 1088 2532 siqui
1102 2469 1140 2511 ex
1153 2446 1224 2510 aliis
1241 2445 1334 2510 sectis
1348 2443 1388 2509 ad
1399 2465 1456 2508 nos
1468 2449 1573 2510 trans·

16 2541 17 2600 ]
111 2539 194 2600 eunt
221 2534 396 2600 Consulent
417 2535 587 2618 aliquando
613 2557 720 2600 rerum
746 2535 1038 2602 Ecclesiasticarum
1061 2536 1203 2614 studiosi,
1227 2536 1353 2601 Decrcro
1373 2534 1573 2620 Syocdorura

16 2679 17 2706 3
114 2623 439 2710 Zayd-Hollaredicar,
452 2625 532 2689 unni
546 2623 639 2688 1619.
653 2627 676 2691 81
690 2625 785 2689 1623.
799 2629 822 2693 81
840 2626 934 2691 1628.
949 2629 971 2692 81
987 2626 1082 2690 1629.
1096 2625 1225 2711 (quibus
1239 2624 1318 2688 mihi
1334 2624 1487 2688 interesse
1501 2645 1572 2687 cou-

16 2731 17 2752 1
112 2713 207 2798 tigit),
215 2712 776 2797 superreceptionedreconciliatione
785 2716 986 2781 reductorum
995 2712 1391 2789 Remonstantium,multb
1399 2716 1568 2776 acmaturrl

16 2795 17 2804 ¹
114 2801 417 2867 camdeliberatione
427 2801 983 2878 conditaQuaeonmiallrlrrlrracor
992 2803 1192 2869 dissidentab
1203 2802 1359 2887 implicita
1367 2801 1573 2884 professione.

113 2889 192 2966 Quin
213 2891 276 2976 ipsi
300 2889 459 2955 Pontificii
483 2897 640 2957 exsertam
664 2893 873 2977 ejurationem
889 2914 1030 2957 errorum
1044 2895 1067 2960 81
1080 2891 1308 2977 professionem
1321 2890 1393 2954 fidei
1406 2890 1575 2973 imponunt

114 2979 299 3058 infidelibus,
324 2977 452 3044 Graecis
479 2981 676 3058 scismaticis,
700 2984 723 3048 81
748 2981 916 3049 haereticis
932 2982 1083 3066 (ipsorum
1094 2979 1243 3066 judicio);
1258 2985 1293 3044 ut
1305 2980 1413 3044 ridere
1426 2983 1475 3042 est
1488 2979 1573 3062 apud

115 3067 317 3135 Passerinum
344 3067 433 3154 [pag.
461 3069 523 3172 50]
546 3069 689 3157 sicciora.
705 3071 801 3136 select
813 3071 878 3136 Lib.
896 3071 925 3134 6.
936 3091 969 3154 p.
983 3072 1057 3136 281.
1071 3073 1094 3136 81
1111 3071 1261 3137 Thoonem
1277 3070 1380 3133 alcea
1392 3068 1429 3132 dc
1441 3066 1573 3134 Procre·

113 3159 193 3223 codd
219 3158 493 3224 Saluteoranium
518 3160 674 3240 Ceruium,
698 3159 884 3248 infidelium,
909 3171 1063 3225 seclorum
1090 3159 1145 3225 ae.
1173 3159 1238 3224 Lib.
1258 3160 1308 3221 12.
1326 3172 1392 3241 cap.
1408 3159 1437 3221 1.
1449 3177 1480 3239 p.
1496 3157 1577 3225 866.

114 3269 165 3312 nec
190 3269 254 3312 non
277 3247 420 3312 articulis
442 3247 649 3330 abjurationis
672 3246 902 3314 Monachornm
929 3248 1223 3333 Burdegalensium,
1251 3269 1329 3332 quos
1342 3246 1492 3330 operibus
1505 3245 1572 3311 suis

113 3337 244 3402 insertos
278 3335 433 3400 refutavit
461 3337 616 3402 Antonius
635 3339 773 3412 ,lauet
803 3337 895 3402 Hanc
920 3338 1033 3422 praxin
1054 3337 1224 3424 (siquidem
1247 3336 1352 3400 debite
1377 3335 1570 3419 applicatur)

112 3427 198 3492 docet
222 3425 405 3509 exemplum
429 3423 590 3492 Ecclesiae
613 3425 816 3512 Apostolicae
839 3428 939 3493 Actor.
966 3427 1016 3492 19.
1040 3422 1503 3504 v.1s.·19.-V111.Qraesae.
1522 3423 1570 3486 dn

113 3515 204 3580 etiam
229 3513 369 3599 peccatis
392 3515 648 3596 renuntiandum,
671 3517 769 3581 immo
792 3518 816 3583 81
839 3517 967 3600 propria
991 3517 1303 3600 praeteritapeccata
1330 3513 1519 3592 conflanda,
1550 3515 1572 3579 81

114 3604 306 3688 poenitentia
334 3624 442 3668 eorum
472 3604 599 3687 publice
630 3605 843 3673 declaranda?
867 3606 956 3690 Hesp.
980 3604 1238 3670 Determinanrus
1262 3603 1332 3666 istis
1362 3601 1573 3666 conclusioni·

113 3693 179 3758 bus.
205 3731 247 3741 -
273 3694 302 3758 1.
328 3693 430 3758 tlrrwl.
454 3689 491 3757 lu
514 3713 631 3779 genere
655 3699 691 3759 ut
714 3695 861 3760 omnibus
885 3695 1034 3780 peccatis,
1059 3698 1154 3778 atque
1178 3693 1255 3757 adeo
1280 3691 1417 3769 diabolo,
1439 3689 1575 3772 carni&

115 3783 228 3846 mundo
257 3781 468 3857 renuntietur,
499 3787 548 3846 est
579 3779 707 3849 omnino
734 3785 948 3849 necessarium
958 3807 967 3849 1
994 3783 1153 3867 habetque
1174 3781 1234 3846 hoc
1257 3780 1395 3846 formula
1421 3779 1444 3846 81
1467 3781 1575 3863 praxis

174 3871 286 3936 :munis
309 3871 481 3955 recipiendi
505 3872 649 3937 membra
671 3872 843 3939 Ecclesiae.
861 3871 942 3938 Vide
966 3874 998 3937 in
1024 3873 1170 3958 Aruiqur's
1183 3871 1333 3955 Liturpiis
1351 3869 1575 3954 aspiciatur!

175 3959 413 4046 ,11ῦώ8111111
439 3961 545 4047 finem.
570 3960 638 4026 Nec
662 3961 731 4027 fieri
758 3967 891 4047 possunt
914 3963 1078 4027 conciones
1103 3959 1349 4025 confessionales
1378 3957 1452 4021 fidei
1481 3961 1576 4043 (qnae

183 4073 235 4115 rae
261 4049 528 4116 administrationi
552 4051 637 4138 apud
656 4074 712 4117 nos
727 4052 996 4137 praemittuntur),
1009 4073 1066 4115 nec
1078 4050 1225 4115 examina
1238 4046 1496 4132 competentium,
1509 4047 1572 4111 nisi
1610 4115 1622 4145 ο

187 4161 208 4203 a
229 4161 303 4224 pars
329 4137 537 4205 catecheseos
564 4145 690 4205 nostrae
702 4144 920 4226 percurratur,
941 4140 997 4204 ubi
1007 4140 1046 4204 de
1058 4139 1264 4226 gratitudinis
1277 4140 1300 4203 81
1312 4157 1411 4201 novae
1424 4135 1572 4199 obedien·

189 4229 404 4313 stipulatione.
419 4264 459 4275 —-
474 4229 504 4293 2.
519 4230 621 4296 Ccrrtcl.
634 4228 671 4295 In
683 4230 787 4314 speeie
800 4230 896 4294 etiam
909 4231 932 4295 81
944 4229 977 4292 in
993 4229 1178 4312 particulari
1191 4228 1255 4291 illis
1265 4225 1402 4312 peccatis
1416 4227 1539 4288 exserte
1552 4227 1579 4294 81.

179 4317 284 4383 11111111
298 4315 476 4382 renuntiari
487 4322 603 4402 potcst,
616 4341 697 4402 quae
713 4319 779 4383 illic
791 4319 999 4383 communiter
1011 4321 1207 4403 grassantur,
1221 4318 1244 4382 81
1256 4337 1337 4400 quae
1350 4318 1406 4378 aut
1421 4313 1571 4378 scandala

183 4406 481 4506 bentadvssariis
504 4409 527 4473 81
552 4408 789 4488 infirmioribus,
812 4412 868 4500 aut
885 4408 1080 4472 occasionem
1097 4407 1130 4470 in
1143 4402 1577 4554 aliagraviorapmlabenldi.
1650 4467 1656 4479 ,
