3732 4840
331 281 395 348 100
696 281 776 350 Plus
800 284 825 350 I.
852 278 896 352 Da
920 275 1181 353 Oarncro'Pomr.
1207 277 1299 352 Ecca.
1324 273 1390 351 lan.
1414 275 1439 351 l.

183 455 195 484 '
324 473 363 536 ab
376 473 463 538 omui
476 471 631 556 regimine
643 471 730 536 civili
741 473 932 538 Christianis
944 474 978 538 in
990 474 1059 540 foro
1071 475 1281 540 conscientiae
1294 497 1400 538 coram
1417 473 1484 538 Deo
1501 475 1679 556 competere
1690 493 1698 546 ς
1713 491 1794 534 curn

325 562 415 625 nulla
438 561 629 626 conscientia
652 561 825 626 Christiani
854 584 931 648 erga
955 563 1070 628 fratres
1091 587 1163 628 suos
1176 567 1213 628 eia
1225 565 1273 628 uti
1285 563 1416 648 possint.
1431 559 1493 627 Sed
1504 562 1544 625 de
1555 561 1615 624 hoc
1627 559 1795 644 agendum

327 651 369 714 art
391 652 540 737 palmum
564 651 710 735 Dccatopi
736 653 950 736 Praeceptum,
976 655 1018 718 tit.
1044 647 1805 739 (111111111111111.2.Ρο((11”[1(·ἱο1·(1111,1111111111

325 741 427 804 modis
440 739 489 803 hic
502 739 666 804 excedunt.
683 739 793 806 Priami
807 741 893 804 enim
907 739 1036 806 Clericis
1050 742 1285 806 immunitatem
1300 741 1497 806 vindicant&
1513 737 1748 821 exemptionem
1758 736 1804 800 ab

327 829 414 892 omni
426 829 645 911 jurisdictione
658 829 819 912 &judiciis
834 828 1045 914 Magistratus
1057 834 1125 894 tam
1137 831 1284 894 civilibus
1298 852 1395 915 quam
1407 827 1635 894 criminalibus.
1653 826 1802 891 8111111111

329 917 524 982 Potestatem
544 916 609 982 sive
622 917 776 981 directam
790 918 850 998 (uti
864 917 1069 1001 Canonistae)
1082 919 1148 984 sive
1161 919 1348 984 indirectam
1361 919 1420 996 (uti
1432 939 1516 982 nunc
1530 917 1626 1001 vulgo
1638 913 1805 998 Theologi

302 1003 486 1092 lplenque)
510 1005 544 1070 in
568 1006 748 1071 saeculares
775 1029 885 1071 omnes
908 1029 958 1072 res
985 1010 1008 1074 1
1031 1030 1193 1092 personas,
1207 1008 1304 1087 ctiam
1317 1006 1539 1090 Imperatores,
1553 1003 1658 1090 Reges
1670 1006 1722 1070 hc.
1735 1002 1805 1066 Ec*
1832 1065 1839 1075 ,

329 1095 443 1159 clesiae
467 1117 554 1171 suae,
580 1093 740 1174 Conciliis,
768 1094 864 1182 Papis
881 1097 1072 1161 attribuunt.
1093 1099 1191 1161 Tertia
1203 1097 1369 1180 speciatim
1381 1095 1414 1160 in
1431 1093 1537 1179 Reges
1549 1091 1737 1158 haereticos.
1750 1089 1806 1156 De

329 1207 392 1270 quo
405 1184 538 1248 videnda
551 1185 690 1263 Decreta,
704 1185 826 1263 Butler,
839 1185 959 1268 Scripta
977 1208 1073 1272 quam
1087 1186 1225 1270 plurima
1239 1186 1315 1249 alibi
1329 1187 1437 1250 citata:
1449 1183 1533 1247 inter
1545 1205 1626 1268 quae
1638 1180 1807 1245 excellunt

329 1274 396 1350 illa,
424 1295 505 1358 quaa
532 1295 589 1357 pro
617 1272 779 1337 Potestate
794 1275 964 1358 temporali
977 1273 1081 1358 Papae
1095 1276 1190 1351 edita,
1203 1297 1260 1339 nec
1273 1297 1334 1338 non
1347 1274 1540 1358 .lpolapetica
1552 1275 1694 1354 tempore
1713 1269 1806 1354 ligae

330 1362 470 1427 Gallicae
492 1365 601 1426 contra
626 1360 799 1428 Hauricum
823 1361 881 1426 IV.
907 1368 943 1426 ut
969 1365 1039 1430 (iul.
1055 1365 1181 1438 Rossaei
1191 1365 1322 1448 dejustd
1338 1363 1478 1446 Reipahl.
1494 1361 1689 1431 Christianae
1702 1359 1737 1422 ia
1750 1381 1807 1422 re-

327 1473 378 1536 pas
403 1451 516 1536 impiae
539 1449 570 1516 11·
592 1451 756 1515 haereticos
779 1453 964 1526 macritula·
986 1455 1009 1518 11
1029 1453 1221 1537 Apolapetira
1233 1465 1340 1516 carcaa
1356 1454 1578 1516 iuramentum
1590 1449 1751 1536 fidelitatis
1766 1448 1805 1512 iu

329 1541 453 1626 duplici,
474 1543 496 1606 81
519 1541 640 1623 Scripta
663 1552 771 1606 contro
802 1542 923 1604 teneros
946 1540 1003 1605 sut
1018 1543 1119 1607 Paula
1152 1543 1181 1605 l'.
1198 1540 1296 1606 Plura
1308 1545 1327 1604 1
1339 1541 1430 1606 nobis
1443 1539 1582 1604 iudicata
1596 1540 1625 1601 3.
1642 1540 1729 1603 Part.
1744 1537 1806 1600 Sc-

329 1632 393 1694 lect.
420 1631 533 1713 Dispp.
559 1630 603 1693 m.
620 1629 657 1692 de
668 1629 777 1712 Papae
793 1627 944 1695 Potestate
961 1631 1050 1715 [pag.
1071 1630 1149 1715 116]
1164 1631 1337 1714 terrrporati,
1351 1630 1388 1693 dc
1400 1629 1469 1693 secte
1482 1630 1625 1693 Roumrrd
1640 1627 1807 1710 irrupapa·

331 1721 408 1784 tibili
443 1719 497 1784 111.
534 1717 662 1796 Quarto,
694 1717 860 1802 Episcopis
895 1719 929 1782 in
959 1741 1075 1804 genere
1098 1719 1274 1784 coactivam
1298 1723 1490 1803 potestatem
1515 1716 1701 1794 concedunt,
1727 1737 1806 1778 curn

331 1808 520 1883 carceribus,
559 1809 582 1872 11
613 1805 808 1870 verberibus.
852 1807 900 1871 De
925 1830 987 1893 quo
1015 1808 1184 1890 Scriptores
1208 1810 1246 1872 de
1276 1809 1426 1874 Potestate
1450 1807 1481 1872 11·
1501 1805 1597 1889 prari
1621 1806 1807 1889 episcopali,

330 1898 426 1984 deque
451 1895 540 1960 modo
568 1895 761 1962 Procedeadi
784 1897 819 1960 ia
846 1893 943 1962 Curia
968 1899 1119 1975 Rorrramt,
1147 1897 1177 1962 a
1202 1898 1306 1962 Curiis
1327 1895 1572 1979 Episcopalitms.
1599 1895 1727 1976 eriutd,
1745 1893 1808 1957 iis·
1856 1931 1863 1948 ·

331 1987 403 2051 dem
425 1984 607 2068 specialiter
618 1987 809 2068 potestatem
822 1986 844 2049 11
852 1985 905 2068 jus
918 1984 1002 2049 Belli
1014 1991 1176 2050 asserunt:
1191 1986 1229 2050 de
1242 2008 1304 2072 quo
1321 1985 1455 2048 videnda
1471 1989 1520 2048 est
1532 1982 1704 2067 peculiaris
1717 1985 1808 2066 ,lpo-

330 2077 413 2160 lopia
435 2073 586 2158 Episcopi
613 2071 831 2150 Pictavienris,
859 2075 956 2138 llear.
969 2075 1116 2140 Lattauiei
1130 2076 1303 2151 Castarmei,
1317 2073 1433 2159 gallice
1446 2073 1477 2136 iu
1493 2073 1522 2136 8.
1537 2073 1638 2150 staro,
1652 2071 1770 2136 iisdem
1785 2075 1809 2138 u

332 2162 574 2250 inquisitoribus
587 2165 777 2245 potestatem
794 2162 968 2226 concedunt
980 2162 1161 2249 inquirendi
1173 2163 1207 2226 in
1223 2163 1443 2240 conscientias,
1460 2184 1578 2247 easque
1591 2161 1728 2242 cogendi
1743 2161 1810 2224 sub

330 2253 426 2317 titulo
450 2253 472 2318 u
495 2254 663 2334 praetextu
679 2251 901 2336 quaestionum
912 2251 949 2314 de
962 2251 1032 2314 fide.
1048 2250 1197 2327 Quinimo
1210 2255 1402 2336 potestatem
1415 2251 1590 2314 coactivam
1604 2251 1643 2313 ad
1656 2249 1678 2314 J
1679 2251 1807 2314 udacos

332 2345 355 2408 81
367 2341 551 2417 Saracenos,
568 2339 720 2404 indirecte
737 2340 921 2403 extendunt.
934 2337 992 2404 Uti
1003 2340 1110 2404 videre
1123 2347 1171 2405 est
1182 2341 1216 2405 in
1228 2343 1302 2405 Jurc
1316 2338 1482 2417 Caraca-im,
1496 2341 1809 2424 &Dirator.1uqui·

332 2432 475 2508 sitorum,
502 2429 554 2494 ubi
575 2429 612 2492 rte
634 2429 770 2492 rudeis.
795 2428 941 2511 Septima.
964 2427 1067 2493 Curiis
1080 2429 1325 2514 Episcopalibus
1338 2451 1449 2494 causas
1463 2427 1718 2492 matrimoniales
1732 2431 1756 2491 11
1771 2429 1812 2492 de

214 2525 226 2560 ⁹
333 2518 498 2600 adulteria,
523 2517 562 2580 de
589 2515 699 2602 Magia
722 2516 911 2599 subjiciunt:
941 2518 964 2583 b
986 2517 1082 2582 curiis
1095 2518 1292 2582 secularibus
1304 2518 1494 2582 subducunt.
1511 2515 1635 2595 (letale),
1650 2515 1810 2580 Dominis

317 2609 487 2672 bonorum
501 2605 658 2690 regalium
671 2627 734 2669 non
747 2610 873 2669 tantum
886 2605 989 2683 utilia,
1002 2607 1057 2670 sed
1069 2607 1091 2670 11
1103 2607 1222 2671 directa
1234 2629 1271 2672 ac
1283 2629 1431 2691 suprema
1440 2629 1513 2670 cum
1521 2610 1590 2670 tota
1600 2607 1808 2690 pragmatica

255 2745 260 2762 .
333 2695 559 2782 jurisdictionis
582 2694 684 2758 civilis
708 2717 780 2759 curu
803 2695 937 2778 imperio
960 2695 1099 2759 studiose
1124 2697 1283 2773 affectant,
1301 2695 1496 2762 &mordicus
1508 2695 1659 2759 retinent.
1674 2693 1723 2758 De
1741 2717 1810 2780 qua

334 2783 543 2852 consulendae
566 2783 722 2847 Historiae
742 2783 970 2868 Capitulorum,
990 2785 1262 2860 Mortustmioram,
1276 2785 1519 2868 Epircaputrmm
1535 2783 1709 2868 (imprimis
1722 2783 1810 2848 Ger·

334 2875 490 2960 maniaal:
515 2871 539 2936 11
567 2874 728 2936 Tractatus
750 2873 817 2937 tot.
831 2873 868 2936 de
883 2873 1034 2957 Choquicr
1046 2871 1167 2937 Vicarii
1181 2874 1380 2957 episcopatus
1393 2871 1587 2948 Leodicnsis,
1601 2873 1638 2936 de
1651 2873 1812 2937 Libertate

336 2963 553 3038 Emtesiastiat,
569 2959 600 3025 11
617 2963 717 3026 Eruet.
729 2959 873 3025 desuitae
888 2962 1021 3026 Gretseri
1033 2963 1071 3025 dc
1082 2964 1200 3045 chrtm
1216 2961 1247 3027 ll·
1260 2963 1449 3045 Principum
1462 2963 1497 3025 iu
1509 2962 1675 3026 bleicsiam
1686 2963 1810 3026 [larna-

334 3075 411 3118 111(
436 3052 581 3116 libertate.
598 3050 646 3112 Ad
658 3049 820 3113 cumulum
837 3049 1028 3114 confusionis
1045 3052 1175 3128 accedit,
1189 3051 1272 3136 quod
1284 3052 1383 3114 talem
1396 3053 1586 3134 potestatem
1601 3051 1726 3114 faciunt
1738 3051 1810 3116 lbr-

335 3142 463 3206 maliter
486 3160 609 3203 sacram
636 3141 658 3203 11
686 3138 953 3212 Ecclesiasticam,
970 3138 1067 3202 immo
1080 3141 1103 3205 b
1115 3139 1314 3223 palmariam.
1332 3138 1577 3223 Sequestranrus
1594 3161 1669 3224 ergo
1685 3140 1728 3203 ab
1747 3127 1823 3204 har'

334 3230 532 3295 tractatione.
550 3228 581 3291 l.
594 3225 790 3290 Potestatem
803 3227 964 3290 Ecclesiae
980 3227 1190 3292 extrinsecam
1207 3233 1302 3314 (quae
1315 3228 1476 3292 Ecclesiae
1489 3227 1584 3308 inest,
1597 3230 1727 3297 sednon
1741 3234 1810 3312 qud

334 3319 520 3394 Ecclesiae),
544 3338 615 3380 cunr
633 3315 697 3379 suis
710 3315 864 3398 appositis
880 3318 902 3380 11
919 3315 1086 3381 abusibus.
1103 3319 1133 3382 2.
1146 3316 1342 3381 Potestatem
1360 3316 1617 3382 Ecclesiasticam
1629 3317 1811 3404 Magistra-

334 3413 386 3472 tus
406 3407 561 3490 objectire
578 3407 600 3469 11
613 3425 670 3486 per
683 3407 845 3468 externam
859 3403 1148 3468 denominationem
1161 3406 1206 3470 sic
1218 3406 1344 3482 dictam,
1361 3427 1425 3468 non
1437 3405 1616 3470 formaliter
1626 3429 1731 3491 ,quae
1744 3405 1811 3470 Ec-

335 3498 448 3561 clesiae
472 3496 571 3571 adest,
592 3515 648 3556 seu
661 3514 742 3575 quae
754 3493 836 3556 circa
853 3515 922 3556 earn
936 3497 1088 3570 versatur,
1103 3495 1156 3557 sed
1169 3495 1285 3558 directe
1299 3495 1430 3558 eandem
1448 3493 1510 3558 sibi
1526 3516 1589 3560 non
1606 3496 1810 3561 subordinat.
1858 3533 1860 3542 .

336 3589 366 3651 3.
391 3586 585 3649 Potestatem
609 3581 808 3664 spiritualem
822 3584 844 3646 81
860 3581 1114 3645 Ecclesiasticam
1126 3583 1340 3662 intrinsecam,
1354 3584 1408 3648 sed
1422 3583 1653 3665 superiorem&
1669 3585 1811 3670 regiam,

336 3699 390 3739 seu
404 3671 635 3737 monarchicam
649 3674 715 3733 tarn
727 3669 908 3733 interiorem
923 3692 1019 3753 quam
1031 3671 1234 3743 exteriorem
1249 3695 1329 3754 quae
1342 3676 1391 3735 est
1403 3671 1502 3736 solius
1516 3671 1637 3736 Christi
1655 3675 1773 3758 capitis
1787 3677 1810 3740 1

335 3763 431 3847 regis,
455 3759 667 3844 dependenter
687 3760 709 3824 11
729 3759 938 3822 oeconomice.
953 3760 1062 3840 Ephes.
1081 3763 1108 3822 l.
1122 3781 1150 3824 u.
1164 3761 1217 3824 22.
1230 3762 1354 3842 .lpocal.
1373 3761 1404 3822 3.
1419 3783 1446 3826 u.
1461 3761 1493 3824 7.
1507 3799 1547 3808 -
1563 3765 1594 3826 4.
1608 3761 1812 3828 Potestatem

336 3850 594 3915 Ecclesiasticanr
617 3846 679 3910 Dei
691 3846 784 3910 unius
797 3848 819 3912 u
832 3847 918 3924 trini,
931 3847 1140 3931 redemptoris
1153 3849 1253 3912 nostri
1265 3849 1299 3911 in
1313 3848 1441 3913 Christo
1454 3850 1645 3916 mediatore:
1661 3875 1744 3936 quae
1768 3858 1813 3917 est
1859 3929 1860 3934 Ξ

337 3940 480 4009 absolute
506 3939 528 4004 11
554 3935 801 4017 independenter
824 3957 972 4017 suprema
996 3959 1032 4000 ac
1044 3937 1254 4001 nrouarchica.
1277 3938 1307 4000 5.
1322 3937 1522 4002 Potestatem
1534 3939 1744 4005 Ecclesiastic
1768 3965 1812 4018 nr,
1857 3987 1859 3992 -

337 4051 417 4112 quae
443 4047 497 4109 per
514 4023 804 4088 denominationem
817 4028 980 4086 externam
994 4023 1075 4088 forte
1092 4025 1151 4088 diei
1164 4030 1272 4108 posset
1286 4049 1354 4090 esse
1367 4026 1399 4089 in
1413 4026 1560 4111 Angelis
1574 4034 1727 4114 tanquam
1768 4032 1814 4095 ui·
1857 4035 1859 4056 “

307 4190 312 4201 Ι
337 4116 456 4192 nistris,
481 4118 502 4180 11
527 4112 747 4176 instrumentis
761 4111 879 4175 Christi
892 4112 1073 4176 mediatoris
1086 4114 1118 4176 in
1131 4115 1304 4196 juvanda&
1322 4115 1518 4179 defendenda
1531 4117 1685 4182 Ecclesia.
1699 4119 1730 4183 6.
1768 4121 1813 4182 ’0.
1857 4127 1859 4200 g

337 4208 486 4268 testatem
508 4200 776 4272 Ecclesiasticanr,
802 4199 829 4262 si
852 4223 933 4282 quae
957 4200 1053 4266 fuit&
1070 4225 1163 4284 porro
1176 4203 1289 4266 fuisset
1302 4208 1376 4267 unte
1390 4204 1528 4287 lapsum,
1541 4206 1700 4290 siquidem
1713 4208 1814 4273 hamo
1857 4207 1859 4286 ζ

338 4292 540 4376 perstitisset.
569 4289 597 4352 7.
624 4287 819 4351 Potestatem
844 4290 1126 4353 extraordinarium
1144 4290 1378 4374 Prophetarum
1391 4295 1414 4357 b
1428 4293 1669 4377 Apostolorum,
1682 4303 1746 4381 quir
1767 4307 1814 4364 ta-
1854 4317 1859 4354 1

339 4383 411 4464 leur,
437 4383 458 4445 u
480 4377 658 4442 formaliter
670 4399 706 4440 ac
718 4377 863 4458 specifice
877 4382 1012 4440 sumtam
1026 4403 1032 4454 ;
1047 4378 1203 4462 imprimis
1217 4385 1407 4463 potestatem
1420 4379 1532 4481 Mpsis,
1546 4385 1584 4448 de
1600 4391 1665 4467 qua
1681 4389 1813 4454 11111111.
1857 4385 1859 4464 Ξ

389 4479 396 4494 ·
1531 4485 1541 4506 ·
1759 4481 1814 4544 ⁴34.
1852 4467 1859 4592 1

1839 4595 1858 4800 l
