3732 4840
316 293 356 355 96
529 290 649 355 Pras.
685 289 710 355 Ι.
747 279 806 355 111
841 289 1041 354 Oarucro
1077 291 1224 357 Pou1r.
1260 291 1384 356 Esou.
1420 289 1509 354 hra.
1545 288 1571 355 l.
1628 275 1637 292 ¹

317 482 485 562 potestate,
507 500 547 542 ue
567 478 695 562 quidem
711 501 749 542 ex
762 479 909 562 delegata
921 483 1077 563 potestate
1094 479 1222 564 Synodi,
1236 476 1275 538 ad
1286 474 1379 538 illum
1392 497 1511 540 anuum
1527 479 1583 540 aut
1594 475 1676 540 illud
1690 477 1782 541 bien-

314 567 414 646 nium,
438 589 501 651 quo
525 567 758 651 delegationem
781 591 871 632 suani
894 569 1070 632 sustinent:
1094 569 1149 632 sed
1160 572 1264 633 totum
1276 565 1338 628 hoc
1351 564 1513 628 Classibns
1527 568 1583 628 aut
1597 565 1781 630 academiis

316 655 490 740 imponitur
502 655 535 719 iu
553 657 713 721 Constitue.
729 657 897 722 Ecclesiam.
907 681 917 720 .·
929 657 1061 722 libertas
1073 661 1182 721 tumen
1198 656 1276 719 haec
1289 657 1396 716 manet
1410 651 1545 737 Synodo,
1560 654 1782 718 extraordina-

315 745 363 808 rio
389 742 606 808 visitationem
629 744 723 828 hujus
751 748 807 808 aut
830 745 917 810 illius
940 746 1015 810 libri
1038 746 1115 829 ipsis
1140 749 1195 810 aut
1212 742 1283 807 aliis
1300 742 1542 824 quibuscunque
1557 743 1781 807 demandandi.

316 834 346 896 6.
371 831 535 896 Ministros
550 833 585 896 in
596 832 772 897 ministerio
785 856 848 897 non
863 835 1068 910 confirmant:
1085 835 1202 898 nedum
1216 837 1251 896 ut
1262 831 1296 894 in
1309 829 1518 894 electionibus
1531 851 1641 895 eorum
1651 835 1782 914 partem

315 920 456 1005 aliquam
468 920 618 985 habeant.
633 921 662 986 7.
676 920 713 986 Iu
726 920 860 1005 Synodis
873 927 929 986 aut
941 923 1102 986 Classibus
1115 945 1172 986 nec
1185 923 1276 1008 [pag.
1293 919 1372 1004 112]
1385 917 1581 998 Praesidum,
1594 942 1652 984 nec
1665 919 1782 984 usses-

315 1031 433 1088 sorum,
447 1031 504 1073 uec
519 1009 745 1074 Actuariorum
757 1033 886 1074 munere
899 1012 1087 1095 funguntur.
1112 1012 1143 1076 8.
1167 1010 1269 1074 humo
1282 1009 1346 1092 qua
1358 1007 1523 1090 Deputati,
1536 1008 1657 1072 nullam
1670 1031 1784 1073 aarum

314 1101 439 1181 partem
451 1097 653 1163 faciunt.'uec
665 1098 697 1161 iu
711 1098 750 1162 iis
762 1104 957 1182 comparent.
971 1099 1061 1174 Quod
1073 1099 1144 1164 siin
1158 1098 1331 1163 Hollandia
1344 1095 1507 1160 Classibus
1519 1096 1646 1161 nomine
1659 1095 1784 1180 Synodi

314 1186 391 1269 quid
416 1195 602 1270 proponant,
627 1190 744 1250 exeunt
759 1190 868 1252 hante
884 1187 968 1251 fores
985 1192 1178 1272 exspectant,
1192 1189 1266 1250 dum
1280 1184 1467 1250 deliberatio
1483 1185 1664 1249 instituitur
1677 1188 1700 1252 b
1713 1185 1786 1249 suf-

313 1274 418 1360 fragia
441 1274 652 1358 colliguntur:
670 1297 732 1358 quo
756 1275 850 1352 facto,
875 1276 1065 1340 intromissis
1092 1277 1157 1340 illis
1171 1274 1360 1341 &revocatis
1373 1273 1573 1358 significatur
1585 1273 1662 1357 quid
1676 1277 1785 1338 statu-

315 1368 383 1428 tum
403 1363 455 1426 sit.
480 1360 685 1429 Solummodo
697 1363 729 1426 iu
742 1361 868 1447 Synodo
880 1369 1073 1448 comparent,
1090 1369 1126 1429 ut
1139 1365 1361 1428 mandatorum
1373 1363 1396 1426 h
1408 1361 1610 1446 negotiorum
1623 1362 1702 1445 ipsis
1719 1364 1785 1426 im-

315 1452 491 1534 positorum
514 1452 670 1516 rationem
696 1451 763 1515 illic
786 1453 928 1530 reddant,
953 1458 1008 1516 aut
1032 1454 1147 1518 saltem
1160 1452 1301 1517 referant
1313 1473 1376 1535 quo
1387 1451 1456 1514 loco
1471 1472 1554 1514 uunc
1566 1450 1623 1513 illa
1635 1451 1710 1528 siut,
1725 1457 1786 1515 aut

316 1541 392 1623 quid
405 1541 443 1604 de
454 1541 494 1604 iis
507 1539 627 1604 factum
640 1544 696 1604 aut
707 1562 771 1604 non
782 1541 902 1604 factum
916 1539 1056 1616 sittim:
1071 1543 1244 1619 occasione,
1262 1541 1337 1604 duur
1351 1539 1423 1602 istic
1434 1539 1558 1614 adsunt,
1571 1560 1668 1621 super
1679 1561 1784 1624 nego·

315 1629 370 1693 tiis
398 1629 568 1712 propositis
592 1628 769 1706 consilium,
782 1651 838 1692 seu
851 1629 1040 1713 suffragium
1053 1653 1162 1694 eorum
1175 1629 1418 1694 deliberativum
1431 1631 1449 1690 a
1461 1626 1620 1702 Praeside,
1635 1649 1785 1711 praeser-

315 1718 375 1781 tim
399 1717 567 1801 postremis
581 1716 631 1780 his
648 1717 739 1780 anuis
752 1718 938 1800 plerumque
954 1719 1110 1801 postulari
1122 1717 1295 1795 consuevit,
1309 1721 1481 1799 antequam
1494 1715 1612 1803 Synodi
1625 1717 1786 1802 suffragia

316 1806 453 1869 decisivo
481 1809 504 1872 h
530 1805 735 1870 autoritative
751 1806 997 1870 determinantia
1020 1812 1231 1890 quaerantur:
1256 1806 1340 1889 qnod
1359 1810 1467 1868 tamen
1480 1827 1542 1868 non
1557 1805 1664 1888 arguit
1676 1805 1785 1870 ullum

314 1894 507 1978 peculiarem
523 1916 560 1958 ac
575 1893 770 1978 superiorem
783 1894 917 1978 gradum
932 1895 1103 1960 ministerii
1119 1895 1345 1973 Ecclesiastici,
1363 1897 1419 1956 aut
1430 1897 1633 1976 potestatem,
1648 1917 1688 1958 ne
1701 1896 1783 1978 qui-

316 1983 388 2046 dem
415 1983 592 2066 simplicem
615 1982 873 2066 praesidentiam,
898 1988 954 2046 aut
966 1985 1139 2066 primatum
1151 1983 1270 2048 ordinis
1283 2005 1379 2065 supra
1392 1981 1551 2046 Ecclesiae
1563 1988 1619 2046 aut
1631 1981 1787 2048 Pastores

317 2071 549 2141 Ecclesianrm:
577 2071 653 2155 quia
672 2071 804 2135 consilia
830 2069 903 2136 DD.
927 2071 1158 2158 Delegatorum
1182 2071 1394 2156 politicorum,
1419 2069 1475 2154 qui
1502 2071 1630 2135 nomine
1658 2070 1785 2152 Illustr.

193 2165 201 2182 '
317 2157 471 2223 Ordinum
496 2158 691 2237 Provinciae,
720 2160 775 2224 ubi
799 2157 944 2243 Synodus
968 2161 1195 2239 habetur,illic
1210 2164 1403 2243 comparent,
1416 2179 1547 2223 necnon
1560 2158 1787 2224 Ministrorum

317 2247 358 2312 ab
371 2247 443 2312 aliis
456 2247 646 2331 quibusdam
658 2247 792 2332 Synodis
809 2247 1061 2314 Prouincialibus
1074 2250 1234 2314 fraternae
1247 2252 1269 2315 b
1281 2247 1473 2312 collateralis
1486 2248 1788 2331 correspondentiae

317 2357 412 2401 causa
439 2337 514 2400 illuc
539 2336 719 2414 missorum,
732 2341 768 2400 ut
780 2339 803 2402 lv
815 2335 1034 2402 Professoruru
1048 2337 1243 2422 Theologiae
1256 2337 1395 2422 (quaudo
1407 2336 1473 2401 scil.
1487 2333 1632 2420 Synodus
1645 2336 1788 2402 habetur

319 2425 351 2489 in
377 2425 454 2502 loco,
467 2424 523 2488 ubi
539 2423 723 2509 Academia)
740 2426 810 2508 pari
825 2426 949 2490 ratione
961 2427 1117 2510 postulari
1129 2429 1152 2492 lv
1164 2427 1266 2490 audiri
1279 2426 1392 2503 solent,
1405 2427 1428 2490 tv
1444 2425 1572 2508 quidem
1584 2425 1672 2508 prius
1683 2447 1787 2510 quam

319 2512 473 2596 Deputati
485 2513 699 2578 consulantur.
718 2515 743 2576 9.
761 2512 841 2577 Cum
853 2515 1044 2579 conveniunt
1056 2515 1236 2599 aliquando,
1249 2537 1310 2578 non
1325 2514 1538 2578 determinant
1548 2536 1658 2578 causas
1670 2514 1788 2579 Eccle-

320 2601 473 2681 siasticas,
498 2624 555 2666 nec
577 2606 771 2686 praeparant
798 2606 854 2666 aut
877 2605 1092 2686 praestituunt
1116 2609 1172 2668 aut
1195 2602 1415 2688 praescribunt
1441 2625 1478 2666 ea
1506 2625 1588 2686 quae
1611 2603 1644 2666 in
1657 2604 1788 2686 Synodo

319 2691 463 2775 proxima
486 2692 626 2775 agenda:
655 2691 714 2754 hoc
738 2691 822 2754 enim
843 2690 965 2755 faciunt
977 2693 1123 2776 singulae
1136 2693 1259 2756 Classes
1272 2714 1329 2775 per
1341 2714 1399 2756 sua
1410 2691 1608 2775 gravamina,
1622 2714 1704 2774 quae
1721 2715 1789 2756 non

320 2780 359 2844 ad
386 2779 574 2862 Deputatos,
602 2779 656 2843 sed
676 2780 716 2842 ad
731 2779 873 2844 Classem
885 2782 1068 2864 synodalem
1082 2782 1253 2845 mittuntur
1265 2782 1288 2846 tt
1300 2781 1341 2843 ab
1354 2784 1391 2844 ea
1403 2780 1534 2845 collecta
1546 2802 1583 2844 ac
1594 2779 1703 2864 ordine
1720 2781 1787 2844 dis-

319 2868 424 2951 posita
446 2867 609 2932 Classibus
633 2868 851 2947 remittuntur,
879 2869 996 2933 alicubi
1010 2873 1028 2932 a
1044 2869 1206 2934 Classibus
1218 2871 1258 2932 ad
1270 2869 1376 2932 omnia
1391 2869 1441 2932 sui
1454 2869 1615 2933 districtus
1628 2866 1790 2953 synedria

320 2978 375 3022 seu
399 2955 603 3035 Consistoria,
627 2961 663 3020 ut
685 2979 781 3040 super
794 2957 835 3020 iis
848 2958 926 3021 certi
939 2959 1015 3040 quid
1031 2959 1241 3022 determinent
1257 2957 1465 3041 &Delegatos
1477 2979 1550 3022 suos
1564 2958 1604 3020 ad
1619 2956 1789 3041 Synodum

320 3045 422 3109 literis
434 3045 507 3110 fidei
523 3047 546 3110 lv
561 3045 703 3108 mandati
715 3045 891 3110 instruant:
905 3048 928 3111 b
941 3046 1019 3110 haec
1032 3048 1138 3110 omnia
1151 3046 1218 3111 sinc
1231 3047 1363 3111 scientia
1380 3047 1544 3111 &consilio
1561 3050 1617 3110 ant
1628 3068 1789 3116 consensu

320 3131 564 3218 Deputatorum,
589 3133 704 3217 quibus
726 3134 809 3198 nihil
821 3135 874 3198 hic
886 3135 1007 3219 negotii
1023 3140 1080 3199 est.
1106 3135 1189 3210 Quid
1202 3156 1278 3219 ergo
1289 3139 1415 3220 agunt?
1428 3135 1567 3218 inquies:
1583 3136 1789 3218 Hesperidon:

319 3226 445 3286 tantum
468 3227 541 3306 post
563 3221 708 3285 habitam
732 3221 894 3306 Synodum
915 3228 985 3287 acta
998 3225 1065 3307 ejus
1079 3225 1236 3310 relegunt,
1249 3229 1345 3308 atque
1359 3246 1398 3288 ex
1412 3224 1452 3288 iis
1468 3228 1580 3288 notant
1592 3224 1744 3288 mandata
1758 3227 1789 3288 si

320 3331 401 3394 quae
425 3311 503 3394 ipsis
519 3310 679 3394 imposita,
692 3316 728 3374 ut
740 3333 777 3375 ea
791 3312 927 3376 fideliter
944 3316 1150 3396 exequantur,
1164 3313 1281 3397 quippe
1293 3313 1449 3376 rationem
1462 3313 1616 3377 reddituri
1633 3313 1664 3378 iu
1677 3313 1791 3396 proxi·

320 3401 371 3462 me
395 3399 504 3462 futura
515 3397 651 3482 Synodo.
676 3398 828 3463 Mandata
841 3405 947 3464 autem
960 3401 1017 3465 illa
1030 3403 1217 3484 plerumque
1229 3402 1311 3465 nihil
1323 3401 1411 3465 aliud
1422 3401 1585 3466 continent
1597 3423 1693 3484 quam
1707 3424 1791 3485 que·

320 3488 403 3552 relas
425 3491 482 3551 aut
493 3488 655 3570 postulata
667 3490 821 3571 quaedam
834 3491 961 3554 nominc
973 3488 1102 3573 Synodi,
1115 3513 1173 3574 per
1184 3490 1330 3554 libellum
1342 3489 1518 3574 supplicem
1531 3489 1582 3555 Ill.
1607 3488 1715 3570 Ordd.,
1728 3495 1792 3556 aut

320 3576 476 3659 quaedam
498 3575 573 3640 huic
595 3581 691 3662 atque
714 3577 763 3641 illi
786 3577 948 3642 Ecclesiae
960 3601 1055 3662 super
1067 3579 1174 3662 aliquo
1186 3579 1371 3662 particulari
1384 3579 1513 3662 negotio
1529 3579 1656 3643 nomine
1671 3579 1790 3645 itidem

319 3665 440 3748 Synodi
466 3667 679 3748 proponenda.
704 3664 835 3730 Praeter
856 3667 936 3731 haec
952 3668 1102 3731 mandata
1115 3689 1196 3751 quae
1209 3667 1379 3750 aliquando
1392 3667 1595 3750 paucissima,
1611 3667 1789 3750 aliquando

318 3845 501 3906 vocatorum
514 3843 554 3905 ad
569 3842 797 3920 ministerium
811 3849 847 3908 ut
858 3845 904 3908 ita
916 3843 1042 3927 Synodo
1055 3845 1092 3909 de
1109 3845 1233 3909 unitate
1245 3845 1278 3908 iu
1292 3844 1479 3908 orthodoxia
1492 3846 1638 3910 omnibus
1651 3845 1683 3908 iu
1693 3845 1789 3910 Clas-

305 3929 407 3994 'sibus
436 3931 599 4008 servanda,
622 3935 713 3995 tanto
737 3933 851 3996 melius
864 3936 996 3996 constet.
1023 3933 1184 3997 Posterius
1198 3933 1257 3998 hoc
1272 3933 1395 3998 nullam
1407 3935 1515 4018 arguit
1527 3933 1670 4018 ipsorum
1686 3957 1789 4017 supra

319 4017 477 4083 Ecclesiae
505 4025 561 4084 aut
586 4019 710 4084 Classes
726 4025 936 4103 potestatem:
964 4021 1039 4104 quia
1051 4021 1077 4086 si
1091 4022 1236 4105 quaestio
1249 4025 1306 4085 ant
1322 4023 1534 4086 controversia
1546 4023 1584 4088 de
1597 4022 1790 4088 orthodoxia

321 4107 522 4171 examinandi
544 4109 706 4186 incideret,
730 4131 828 4192 penes
854 4110 940 4192 ipsos
961 4132 1023 4174 uon
1049 4116 1133 4175 esset
1160 4113 1218 4175 boc
1241 4111 1462 4188 determinare,
1486 4112 1540 4178 sed
1564 4133 1661 4196 penes
1688 4111 1788 4175 Clas—

320 4217 400 4260 sem:
426 4195 478 4260 Illi
507 4197 598 4282 [pag.
626 4199 706 4284 113]
728 4198 810 4261 nihil
830 4203 972 4281 possunt,
999 4221 1095 4282 quam
1122 4221 1250 4264 monere
1277 4200 1356 4264 &ad
1382 4197 1545 4282 Synodum
1571 4200 1700 4265 referre.
1732 4201 1787 4266 10.

320 4283 466 4350 Breviter
489 4285 607 4352 alicubi
630 4286 663 4349 iu
688 4286 801 4371 Belgio
824 4287 916 4365 nulli,
937 4287 1055 4353 alicubi
1071 4289 1133 4352 duo
1154 4293 1210 4352 aut
1225 4292 1301 4367 tres,
1314 4287 1432 4352 alicubi
1444 4293 1581 4372 quatuor
1600 4290 1635 4353 in
1658 4285 1789 4372 Synodo

320 4371 513 4438 Provinciali
532 4373 737 4438 nominantur
759 4375 909 4459 delegati,
932 4377 988 4459 qui
1012 4378 1053 4440 ad
1077 4399 1207 4457 anuum,
1232 4383 1288 4440 aut
1312 4377 1351 4440 ad
1375 4398 1535 4442 summum
1549 4379 1588 4442 ud
1608 4376 1788 4458 biennium,

1682 4467 1789 4548 parti-
