3722 4850
305 299 417 376 Tanos.
430 307 471 376 II.
496 300 879 394 DaPaacm.‚Bsnao1cn.,
892 299 1044 378 Doxcnoc.
1058 301 1148 380 Elaos..
1174 305 1245 381 Osa.
1258 301 1302 382 II.
1495 304 1538 382 33

87 494 174 562 mosia
197 501 361 563 tenemus:
391 497 584 578 Quaemim,
608 496 725 582 inquil,
745 498 819 564 lesse
843 511 991 577 temerans,
1011 513 1137 567 eantare
1158 503 1388 582 consuevimus,
1410 501 1441 570 d·
1459 523 1540 589 quae

88 589 185 652 trelius
208 599 389 666 cantantur,
413 588 526 653 melicis
542 587 712 653 adhaerent
732 588 883 654 sensibus.
910 591 981 657 Non
999 591 1084 655 enim
1101 591 1314 674 perfunctorie
1336 604 1536 660 transeamus

87 697 152 762 qtae
166 677 310 762 lepimus,
324 687 359 742 ut
375 688 449 742 tsine
464 688 588 742 tantum
604 697 676 742 cam
689 677 820 762 lecimus
831 698 867 742 ea
879 679 914 742 in
926 680 1113 744 mennonium
1124 700 1234 746 eorum
1246 681 1347 746 redire
1360 681 1537 762 cideamm,

88 765 131 830 sed
146 767 239 831 etiam
253 787 325 831 cum
340 765 423 830 abest
438 766 532 830 codea
547 767 707 846 manibus,
723 777 876 852 tanquam
888 767 1067 833 animantia
1079 789 1159 854 quae
1167 769 1357 854 probantur,
1370 768 1402 836 ll·
1415 771 1539 836 munda

88 855 230 920 labentur
248 855 284 919 in
304 855 375 940 ispe,
392 855 485 920 etiam
497 875 569 920 cuns
580 875 646 920 nou
661 867 846 938 pascuntur,
859 857 1024 922 ruminare
1035 869 1226 923 conenernnt
1242 879 1279 924 ea
1294 860 1467 944 sunctipsis
1478 860 1538 926 ali-

87 955 178 1008 amta
194 943 255 1008 sili
270 944 426 1008 reeorsdita
439 945 640 1029 profanantes,
653 944 698 1009 ita
713 942 744 1008 a
755 963 813 1010 nos
824 945 862 1011 de
873 955 999 1010 nostrae
1010 947 1179 1011 raemoriae
1194 947 1339 1014 tlsesaurc
1351 948 1388 1014 de
1403 949 1538 1014 interic-

13 1085 14 1102 .
87 1033 161 1098 cilcts
181 1033 299 1098 nostris
318 1033 553 1099 ruminandum
568 1032 658 1097 nobis
667 1032 823 1116 pabulum
838 1034 1003 1118 spirituale
1011 1055 1210 1119 promamus.
1222 1037 1344 1123 Hpmni
1355 1037 1455 1116 uobis,
1468 1057 1541 1104 can·

13 1123 14 1126 ’
88 1122 170 1186 ticum
190 1121 291 1199 nolis,
307 1122 427 1205 psalmi
445 1122 778 1210 nclisjustificationes
794 1122 927 1188 Domini
938 1124 1012 1199 sint,
1025 1123 1212 1190 Psallamus
1223 1126 1349 1210 spiritu,
1360 1127 1539 1211 psallamus

86 1207 112 1274 a·
126 1221 234 1289 ruente,
247 1230 288 1275 ne
298 1231 370 1275 cum
382 1211 468 1275 obliti
480 1212 647 1296 fuerimus,
661 1211 696 1274 in
708 1221 843 1295 tempore
853 1212 1040 1278 necessitatis
1058 1213 1182 1278 dicmur
1193 1213 1363 1302 rmicnique
1373 1227 1539 1282 nostrum:
1611 1222 1616 1226 “

87 1297 217 1382 Aljceisti
227 1319 385 1363 sermones
396 1321 480 1364 cusos
490 1311 561 1384 post
572 1310 608 1364 te.
621 1299 752 1386 Ideoque
762 1311 796 1365 ut
808 1301 1010 1386 expelleretur
1021 1299 1052 1366 a·
1063 1302 1281 1370 eliminaretur
1292 1303 1403 1368 allicio
1415 1305 1437 1368 d
1448 1311 1538 1370 darno

13 1385 14 1388 ’
85 1399 181 1452 sanan
196 1408 268 1466 saa,
284 1399 457 1453 cantatores
469 1389 528 1453 sili
538 1389 608 1473 fecit
618 1409 674 1453 rea
684 1409 777 1454 cerus
788 1389 949 1470 Salomon,
962 1391 1020 1476 qui
1031 1401 1092 1455 toto
1104 1390 1219 1474 spiritu
1231 1391 1421 1478 inquirendo
1432 1393 1539 1478 capni-

87 1476 189 1541 tionem
207 1477 383 1542 divinitatis
403 1477 615 1556 intenderunt,
631 1497 671 1542 ne
684 1479 853 1562 psallentes
869 1478 1006 1544 deessent
1025 1480 1165 1545 secunus
1180 1500 1266 1560 suae,
1290 1501 1427 1566 quomam
1443 1491 1539 1548 cantu

13 1561 14 1646 j
85 1583 210 1651 nequam
226 1566 359 1650 spiritus
370 1566 545 1650 superetur.
570 1566 655 1632 Sicut
670 1567 777 1632 David
791 1567 892 1632 saneti
903 1568 1050 1633 dommus
1059 1570 1208 1653 exemplo,
1221 1589 1282 1656 qao
1291 1571 1454 1654 psallente,
1469 1591 1537 1637 ma·

86 1654 129 1718 lus
139 1654 188 1722 ille
199 1655 334 1739 spiritus
345 1655 562 1739 capcttetatm,
575 1655 631 1741 qui
641 1655 720 1720 Saul
730 1656 812 1741 repis
823 1656 919 1722 corda
933 1656 1070 1722 cenabat.
1095 1657 1272 1742 Prophetae
1283 1679 1405 1744 quoque
1415 1670 1450 1725 ut
1461 1679 1538 1744 prc-

13 1765 14 1778 2
82 1741 244 1824 plecterent,
255 1744 414 1827 psallendi
422 1745 560 1828 peritum
566 1743 717 1828 jubebant
726 1745 869 1827 psallere,
882 1765 944 1831 qno
952 1746 1044 1811 suani
1051 1747 1184 1811 incitata
1192 1747 1539 1832 dnlcedinespiritualis
1640 1798 1642 1804 .

13 1873 14 1876 ,
85 1831 299 1915 infunderetur
317 1833 430 1918 pratia.
455 1833 494 1898 Et
514 1832 549 1897 in
573 1834 745 1918 Euanpelio
769 1834 910 1918 minsas,
930 1834 1069 1898 indomo
1079 1835 1281 1918 patrisillius
1295 1837 1537 1924 filiumreeupe-

13 1949 15 1976 1
85 1922 176 1986 rantis
187 1922 401 2006 percrepuisse
415 1921 649 2007 symphoniam,
662 1942 726 2007 qna
737 1924 898 2006 epulantes
910 1922 1142 1988 mactaremur
1151 1923 1266 2010 fideles,
1277 1925 1421 2013 perfidus
1432 1937 1538 1992 antem
1589 1995 1591 2002 ,

13 2013 14 2020 ’
83 2009 273 2092 impatienter
283 2009 439 2076 nudabat.
454 2011 566 2076 Dulcis
578 2011 677 2095 ipitur
690 2011 845 2078 cantilena
857 2031 936 2096 qnae
947 2013 1332 2100 nonempnseslocminat
1342 2013 1396 2079 sed
1403 2025 1538 2080 mentem

85 2099 284 2185 animumque
305 2101 480 2187 confirmat.
505 2098 549 2163 El
572 2098 631 2163 hoc
653 2098 772 2164 invicte
794 2101 949 2184 probatur
965 2121 1003 2164 ex
1015 2099 1146 2166 Denter.
1159 2101 1212 2164 31.
1225 2123 1307 2166 vers.
1326 2102 1377 2167 19.
1400 2103 1539 2170 Etnunc

85 2186 199 2252 credite
208 2187 296 2252 colis
305 2187 587 2254 hoeearttimcmlle.
596 2187 678 2250 -4.
692 2188 823 2274 Arpum.
833 2188 882 2252 Ex
890 2188 981 2272 praxi
988 2189 1139 2272 antiquae
1147 2189 1309 2255 Ecclesiae
1318 2195 1538 2275 posi-aposlo-

13 2335 15 2362 ,Σ
85 2273 170 2340 licse:
194 2277 285 2360 cajus
297 2276 443 2342 meminit
454 2278 600 2343 lustinus
617 2278 839 2354 Tertullianus,
854 2279 994 2342 Clemens
1009 2277 1256 2358 Aleaandrinus,
1273 2279 1404 2365 aliique.
1428 2279 1538 2345 Verbo

13 2409 14 2412 ,
82 2360 196 2429 lualini
220 2365 286 2450 (vel
310 2363 482 2450 Scriptoris
502 2366 561 2430 sub
573 2365 701 2430 nomine
717 2365 738 2431 J
740 2365 852 2450 uslini)
864 2366 898 2429 in
910 2365 1014 2450 Episl.
1028 2367 1068 2430 ad
1081 2365 1235 2432 Zenam&
1250 2365 1407 2433 Serenum
1419 2369 1457 2434 de
1469 2369 1538 2434 vili

13 2515 14 2518 ,
84 2449 277 2518 Christiana:
305 2455 426 2542 Hymni
441 2475 571 2542 quoque,
581 2455 710 2539 psalmi,
727 2456 880 2536 carmina,
896 2452 928 2520 a
942 2455 1050 2521 laudes
1064 2456 1211 2521 dicendae
1222 2455 1277 2523 tec.
1296 2454 1334 2520 In
1350 2455 1418 2521 Lib.
1433 2455 1538 2532 Quae-

84 2540 217 2606 stionum
236 2543 261 2607 lt
280 2541 435 2626 Respons.
450 2543 489 2606 ad
501 2542 692 2608 orthodoxos
709 2544 853 2629 (quinon
866 2547 915 2608 esc
929 2544 1088 2628 genuinus
1100 2542 1121 2608 J
1123 2544 1231 2623 uslini,
1248 2543 1302 2609 sed
1315 2545 1441 2629 antiqui
1451 2543 1538 2611 Seri·

13 2691 14 2712 ,
82 2631 184 2711 picris,
206 2631 263 2715 qui
284 2631 376 2717 [pag.
393 2631 474 2718 522]
498 2635 570 2716 posi
586 2629 768 2716 Origenem,
784 2630 952 2696 Irenaeum
968 2633 991 2697 lt
1010 2636 1097 2698 ortos
1120 2631 1539 2700 Mdnichaeosfloruiloirca

13 2733 15 2762 ²
82 2737 193 2784 annum
217 2720 293 2799 400,
314 2721 362 2785 uli
378 2724 467 2804 palei
482 2742 521 2784 ex
537 2742 589 2805 qu.
608 2719 659 2783 82.
675 2720 727 2783 86.
743 2721 817 2785 115.
832 2721 931 2802 lla),
948 2725 1071 2805 quaesi.
1090 2721 1162 2784 107.
1175 2721 1210 2786 Si
1221 2721 1259 2785 als
1271 2722 1461 2809 infidelibus,
1474 2723 1537 2807 fal·

13 2879 15 2886 ,
80 2805 168 2872 tecue
187 2807 219 2874 a·
236 2809 423 2874 seductionis
441 2809 555 2894 pratia,
567 2819 690 2892 reperta
705 2821 781 2875 stent
793 2809 955 2874 carmina.-
967 2811 1011 2874 eis
1023 2813 1094 2874 oerd
1106 2810 1162 2895 qui
1176 2810 1212 2873 in
1224 2810 1286 2894 lepe
1300 2810 1396 2893 fuere,
1409 2811 1539 2876 inducta

79 2907 158 2972 sunt,
173 2909 302 2982 propter
313 2898 425 2962 meretis
437 2898 653 2982 insipientiam
670 2899 865 2984 (mucimus
883 2918 941 2962 nos
956 2899 1012 2984 qui
1022 2899 1142 2983 pratice
1152 2898 1314 2981 perfectas,
1327 2898 1365 2963 ab
1378 2899 1422 2963 eis
1432 2911 1538 2966 autem

13 3027 14 3066 5
79 2985 130 3067 qui
140 2985 215 3050 dicti
226 2998 301 3051 ssent
313 2987 400 3052 modi
410 2987 529 3052 alimus
541 2987 715 3070 acceptimus
726 2986 920 3068 disciplinas:
932 3007 1030 3072 quare
1041 2988 1076 3051 in
1088 2987 1239 3066 Ecclesia,
1249 2987 1420 3066 cantilenis,
1429 3009 1538 3054 corum

79 3073 129 3154 psi
143 3076 178 3138 in
190 3076 253 3159 lepe
265 3075 352 3159 stare
362 3075 581 3159 insipientium
593 3095 689 3154 more,
705 3075 854 3140 utimur?
877 3073 973 3159 Resp.
987 3075 1175 3160 Simpliciter
1185 3095 1304 3156 canere,
1317 3075 1538 3160 insipientibus

78 3179 136 3225 uon
161 3165 321 3228 mnmnit:
341 3165 395 3230 ssd
413 3165 633 3230 instrumentis
652 3164 850 3242 inanimatis,
862 3163 1028 3229 llcrotalis
1043 3184 1115 3229 cum
1127 3165 1291 3228 saltatione
1305 3184 1425 3231 canere.
1451 3166 1537 3248 Quo-

77 3249 153 3314 circa
165 3253 365 3330 inEeclssiis,
377 3273 534 3318 nonusus
546 3252 728 3317 carminum
738 3253 1007 3337 pcrcjnspmeris
1022 3253 1246 3337 instrumenta,
1260 3250 1538 3339 llaliainsipien·
1567 3317 1571 3327 ,

13 3341 15 3344 ’
77 3337 154 3404 tilus
177 3342 392 3426 conpensatio,
415 3352 553 3425 receptas
575 3352 635 3406 est:
660 3341 713 3405 sed
732 3343 864 3424 simplem
877 3341 1026 3406 cantioin
1041 3342 1210 3406 eismanct.
1234 3341 1356 3407 Eccitat
1367 3341 1537 3408 lsaeeenim

13 3459 15 3492 ;
75 3445 143 3492 mm
164 3432 323 3514 colssptate
345 3430 486 3516 quadam
508 3429 655 3507 aninum,
674 3429 717 3494 nd
737 3431 880 3516 {laprans
899 3451 966 3514 epm
989 3431 1074 3516 quad
1088 3430 1228 3496 carmine
1238 3429 1538 3497 celebraturdeside-

76 3516 168 3582 dam.
192 3519 376 3605 Affectiones
400 3516 432 3584 a
454 3519 718 3602 concupiscentias
737 3519 843 3583 carnis
867 3519 963 3597 sedat,
984 3519 1181 3604 capitationes
1201 3521 1304 3585 matos
1324 3520 1536 3600 inimicorum,

73 3617 144 3688 quot
154 3627 281 3686 cernere
291 3627 357 3673 non
369 3619 421 3687 cst,
435 3608 628 3692 suppesticne
639 3607 809 3672 oborientes
821 3608 980 3674 amolitur.
1006 3609 1138 3673 Mentem
1150 3608 1193 3672 ad
1204 3607 1476 3696 fructificationem
1489 3609 1537 3673 di-

13 3685 14 3704 ³
74 3693 221 3762 sincrum
242 3697 397 3762 locorum
413 3697 505 3781 ripat.
532 3696 659 3761 Pietatis
677 3696 875 3761 decertatores
886 3716 1049 3781 percercsos
1062 3695 1094 3762 a·
1105 3696 1199 3780 sortes
1213 3697 1490 3779 pereonstantiam
1502 3697 1538 3761 in

13 3889 15 3928 1

13 3929 15 3972 1

13 3977 14 4048 ᾗ
70 3973 180 4026 casura
193 3963 363 4029 invisibiles
376 3963 584 4041 aduersarios,
597 3963 712 4027 milites
724 3983 814 4027 uerae
823 3963 947 4046 pietatis
959 3964 1026 4028 suis
1039 3961 1167 4028 instruit
1174 3962 1284 4026 armis.
1306 3961 1436 4028 Verbum
1445 3983 1537 4028 nans·

13 4067 15 4096 1

13 4097 15 4142 Ι

13 4255 15 4286 1

13 4299 15 4322 1

13 4387 15 4436 1

72 3781 162 3849 relus
185 3784 327 3850 adversis
343 3786 443 3874 efficit.
475 3785 629 3850 Omisinm
648 3805 766 3860 reema,
788 3805 867 3871 quae
887 3786 922 3849 in
945 3785 1009 3850 vita
1031 3786 1132 3851 tristes
1155 3783 1187 3850 a·
1207 3786 1363 3850 luctuosae
1382 3785 1537 3866 accidunt,

72 3870 132 3951 piis
147 3877 244 3960 affert
256 3875 455 3939 medicinam.
482 3874 635 3939 Gladium
647 3873 786 3957 Spiritus
799 3873 855 3938 noc
868 3874 993 3940 Paulas
1004 3875 1141 3959 appellat
1154 3873 1189 3936 in
1201 3874 1467 3938 armamentario:
1482 3874 1538 3940 uli

70 4067 127 4131 que
148 4050 213 4116 Dei
231 4062 286 4129 cst,
310 4049 341 4116 a
361 4052 395 4116 id
410 4052 494 4136 qssod
517 4052 620 4116 animi
642 4053 823 4136 capitatione
842 4049 1094 4136 (ἐνθυμούμενον),
1114 4049 1198 4137 quod
1209 4051 1361 4116 carminis
1374 4052 1538 4135 praeludio

69 4133 335 4223 (ἁνωιρννὸμεννν),
357 4141 442 4226 quod
462 4141 601 4204 carmine
618 4141 687 4224 ipso
711 4137 887 4226 (ellipsim)
907 4138 1096 4205 celebratur.-
1114 4159 1150 4204 ac
1169 4139 1334 4204 damnones
1345 4141 1434 4225 supet
1446 4151 1540 4226 atque

69 4225 205 4312 depellit.
222 4228 278 4312 (Et
294 4230 330 4293 in
341 4228 434 4294 rebus
446 4228 578 4314 demque
589 4227 752 4312 omnibns)
765 4247 845 4313 quae
855 4229 918 4312 piis
930 4229 1084 4307 eueniant,
1098 4228 1227 4293 animus
1237 4248 1327 4294 verae
1337 4228 1459 4312 pietatis
1472 4230 1537 4294 oir-

13 4325 14 4350 ³
69 4317 199 4396 totilam,
218 4337 277 4402 per
296 4318 441 4382 mrmina
452 4318 651 4382 melesiastiea
667 4317 839 4404 perficitur.
865 4317 928 4380 Ubi
952 4322 1028 4381 nota
1039 4316 1073 4380 in
1088 4317 1150 4381 fine
1163 4337 1257 4381 usum
1269 4315 1418 4393 ἀσμὰνων
1430 4313 1539 4388 ἐκκλη-

69 4412 239 4487 marmio,
248 4405 282 4470 id
291 4409 349 4488 esi,
361 4407 602 4487 cantilenarum,
615 4409 672 4470 aul
682 4405 978 4555 Eccles3iaslicorum
989 4406 1186 4472 carminum:
1199 4405 1246 4470 uli
1255 4408 1385 4472 vertunt
1394 4403 1539 4556 Gemniug
