3732 4840
289 322 402 396 Tarm.
427 321 470 394 ll.
497 321 542 393 Dr
566 261 702 408 Pbrnsr,
726 323 799 394 Pon.
828 344 862 392 ur
889 324 1007 394 Canon.
1030 320 1155 392 Erfcnrs.
1181 327 1252 392 Cir.
1276 319 1337 395 Ill.
1486 321 1547 393 129

85 513 178 578 luroh.
207 515 241 578 2.
265 514 293 577 l.
317 514 347 576 2.
365 513 440 582 3..6.
455 513 610 576 colicam
625 511 653 575 l.
670 511 809 579 Corona
824 511 854 576 6.
869 513 899 576 4.
913 511 944 576 5.
957 509 1167 596 Magistratus
1180 514 1244 597 qua
1258 507 1469 596 Magistratus
1482 533 1546 576 uon

86 609 129 666 est
149 602 335 686 primarium
360 601 539 666 membrum
562 601 741 678 Ecclesiae;
765 601 819 665 sed
832 601 859 665 si
871 599 1023 684 primario
1037 600 1246 686 qualitatibus
1260 599 1547 683 spiritualibus—co·

85 689 241 775 gnitionis,
254 691 338 769 fidei,
351 690 493 774 pietatis,
505 690 564 754 zeli
581 691 631 756 tro.
643 695 819 753 exornatus
827 689 878 754 sit.
893 689 975 753 Vide
989 687 1045 780 qui
1057 689 1122 752 sint
1134 688 1277 772 primarii
1293 688 1435 773 Philipp.
1449 691 1479 756 3.
1496 692 1547 754 lt.

86 780 169 844 aar.
193 781 226 844 5.
252 780 305 844 12.
331 781 381 843 13.
406 780 456 843 14.
472 781 573 845 aaran
591 780 621 842 2.
636 777 667 841 e.
682 779 752 852 0011.
766 793 838 843 cnm
855 781 881 842 1.
898 780 967 843 aa.
982 779 1011 842 e.
1028 778 1102 843 aa.
1116 765 1483 864 Alterumtvulgatum
1496 801 1548 843 20-
1587 761 1598 778 “

10 907 11 952 1
87 869 204 952 phisma
228 873 291 933 est:
318 866 399 948 lter,
428 871 484 932 aut
505 866 716 953 Magistratus
739 871 787 932 est
807 867 911 953 &agit
924 867 984 931 hoc
996 867 1045 930 vel
1059 867 1139 930 illud
1151 867 1183 931 in
1196 865 1339 930 Ecclesia
1354 865 1423 945 (ἔσω
1435 868 1504 932 soil.
1525 868 1547 933 h

10 991 11 1042 3
84 957 260 1040 intrinsece)
286 979 363 1042 ergo
387 959 450 1043 qua
477 955 557 1036 ltex,
588 960 645 1020 aut
661 954 882 1042 Magistratus.
896 953 969 1019 Vah
987 955 1209 1038 sophisticam!
1224 954 1404 1040 Tyronibus
1420 954 1547 1042 Logicis

10 1057 12 1132 j
83 1051 187 1110 uotum
213 1049 263 1112 est
288 1068 326 1110 ex
350 1045 534 1124 Aristotele,
551 1068 619 1110 esse
635 1067 692 1129 per
704 1045 848 1110 accidens
860 1045 983 1109 ratione
995 1067 1119 1122 causae,
1134 1045 1260 1129 quaudo
1276 1042 1418 1109 Musicus
1431 1045 1548 1110 dicitur

10 1207 12 1232 Ι
85 1135 244 1200 mdiiicare
269 1135 409 1200 domum.
438 1133 562 1200 Accidit
584 1135 669 1198 euim
692 1133 797 1198 Fabro
825 1134 932 1213 alicui,
957 1135 1042 1218 quod
1059 1131 1102 1197 'sit
1115 1131 1277 1198 Musicus:
1296 1133 1404 1220 itaque
1418 1135 1546 1200 domum

84 1225 234 1302 aedificat,
256 1247 321 1288 non
346 1220 414 1309 quii
431 1223 582 1300 Musicus,
607 1223 662 1286 sed
677 1227 741 1308 qua
756 1221 869 1287 Faber.
886 1223 915 1286 7.
929 1223 1085 1288 dedicatis
1102 1221 1199 1286 etiam
1215 1226 1369 1301 errorest,
1386 1224 1545 1307 quoduon

83 1313 278 1398 distinguant
290 1335 418 1378 eausam
430 1313 497 1376 sine
511 1316 573 1397 qua
585 1334 649 1376 non
664 1312 687 1377 b
703 1316 918 1376 removentem
929 1312 1168 1395 impedimenta,
1181 1333 1237 1374 seu
1249 1311 1440 1397 requisitum
1453 1318 1544 1377 aute-

10 1469 12 1488 ,
83 1402 197 1478 redens,
225 1405 284 1468 aut
305 1397 530 1477 concomitans
558 1405 613 1465 aut
624 1423 818 1487 consequeus
830 1399 1002 1465 Potestaiis
1015 1400 1203 1485 spiritualis,
1217 1399 1256 1464 ab
1273 1400 1343 1483 ipsa
1356 1401 1423 1484 ejus
1437 1424 1543 1466 essen-

10 1495 12 1564 ζ
84 1491 134 1568 tia,
146 1514 203 1556 seu
216 1495 235 1554 a
246 1490 411 1556 Potestate
423 1489 600 1554 formaliter
612 1489 658 1554 sia
670 1490 753 1554 diota
763 1511 778 1553 s
787 1490 877 1576 quasi
891 1490 961 1574 quis
978 1489 1061 1554 dicat
1074 1489 1282 1553 remotionem
1294 1489 1382 1573 puris
1398 1511 1465 1554 esse
1479 1513 1546 1555 me-

10 1583 12 1660 ξ
85 1580 269 1644 dicationem
281 1579 434 1660 vulneris,
447 1582 503 1643 aut
514 1579 619 1664 legem
631 1600 689 1643 nos
701 1579 886 1663 justificare,
900 1583 955 1642 aut
971 1601 1083 1663 opera:
1099 1578 1174 1664 quia
1186 1578 1340 1642 convictio
1352 1578 1433 1662 legis
1446 1601 1545 1663 prae-

84 1669 159 1733 cedit
175 1669 429 1752 justificandum,
451 1667 530 1732 haee
542 1671 617 1732 verb
636 1671 813 1754 sequuntur
821 1667 1042 1751 justificatum.
1056 1668 1085 1730 8.
1099 1667 1341 1752 Arnbiyuilatcm
1354 1668 1449 1751 parit,
1463 1669 1546 1754 quod

85 1755 1545 1931 ttttttttttitttitilt}ittet?tttt'i'ttthtttttlsitiit.

86 1957 118 1999 ea
126 1959 133 2011 ;
142 1958 168 2000 e.
181 1957 231 2021 gr.
240 1934 397 2009 collectio,
407 1935 558 2012 custodia,
569 1933 742 2018 &erogatio
751 1935 1364 2018 stipendiorum,concessiotemplorum,
1375 1957 1547 2022 eorumque

86 2023 281 2103 instauratio,
294 2027 318 2089 tr
331 2045 413 2110 quae
426 2027 500 2087 suut
512 2023 630 2087 similia
640 2046 647 2086 :
657 2044 738 2107 quae
748 2023 822 2088 siad
832 2023 1052 2108 integritatem
1061 2024 1165 2088 autad
1175 2023 1287 2088 melius
1296 2046 1364 2088 esse
1373 2023 1546 2089 Potestatis

10 2189 11 2194 η
88 2111 333 2192 Ecclesiasticao,
343 2135 407 2177 non
415 2117 522 2177 tamen
530 2113 570 2176 ad
578 2116 748 2177 essentiam
758 2112 824 2196 ejus
834 2112 1156 2178 faciunt.9.Poteeias
1162 2112 1343 2197 populialia
1352 2117 1400 2177 est
1408 2114 1543 2178 transla-

10 2223 12 2232 ²
86 2207 115 2264 ta
126 2201 157 2265 iu
169 2201 362 2286 Principem,
375 2201 439 2265 alia
451 2224 515 2265 uon
527 2205 584 2265 est.
598 2200 710 2265 Omnis
722 2201 779 2265 illa
792 2224 872 2287 quae
885 2205 934 2266 est
945 2202 1055 2286 populi
1065 2207 1128 2287 qua
1136 2202 1258 2288 populi,
1268 2201 1385 2266 civium
1394 2203 1428 2266 in
1437 2203 1547 2267 ordine

10 2333 12 2348 ,
86 2291 122 2354 ad
135 2313 245 2375 pacem
257 2289 714 2375 symbiotioambfelioitatem
728 2290 900 2374 politicam,
912 2292 1068 2355 translata
1081 2291 1167 2355 estin
1177 2290 1366 2375 Principem.
1381 2291 1456 2355 Alia
1465 2314 1546 2378 quae
1622 2317 1635 2338 ·

10 2375 12 2418 ³
86 2401 141 2443 nou
149 2387 196 2445 est
204 2381 299 2444 istius
307 2379 435 2465 generis
444 2401 506 2445 nou
516 2383 563 2443 est
572 2380 738 2458 translata,
749 2402 797 2443 ex.
807 2401 855 2462 gr.
865 2379 1010 2444 Potestas
1019 2380 1171 2467 cujusque
1180 2380 1346 2459 maritalis,
1356 2385 1412 2444 aut
1423 2382 1545 2465 patria3

10 2495 12 2552 ς
87 2465 156 2532 item
173 2468 362 2534 Dominium
375 2467 567 2552 particulare
578 2489 634 2532 seu
647 2468 850 2551 proprietatis
866 2469 1032 2549 bonorum,
1045 2473 1081 2533 ut
1092 2491 1150 2534 neo
1166 2469 1297 2533 libertas
1313 2469 1447 2556 (subditi
1461 2471 1545 2534 enim

10 2613 12 2626 .
86 2577 141 2621 uon
153 2563 228 2622 sunt
240 2558 355 2638 serri):
370 2557 461 2622 Circa
472 2557 556 2622 bona
567 2579 630 2621 non
641 2556 741 2620 hahet
753 2556 905 2642 Princeps
916 2556 1113 2622 Potestatem
1121 2558 1326 2622 intrinsecam
1336 2581 1391 2623 seu
1400 2560 1545 2642 proprie-

89 2645 168 2726 tatis,
191 2647 249 2712 sed
272 2647 468 2711 directiram.
495 2645 621 2732 loquor
648 2646 686 2710 de
705 2646 887 2730 principatu
900 2646 1047 2726 limitato,
1059 2669 1115 2711 seu
1127 2648 1323 2731 pactionato:
1347 2648 1386 2712 de
1399 2647 1545 2712 absoluto

87 2735 168 2820 [pag.
195 2736 275 2820 152]
294 2736 317 2800 h
341 2733 511 2799 arbitrario
533 2733 723 2819 principatu,
747 2758 798 2812 en,
826 2734 913 2821 quid,
942 2735 1060 2814 ubisit,
1074 2737 1145 2800 aliis
1160 2737 1543 2823 quaerendumrelinquo⁴
1560 2789 1561 2792 η

85 2821 235 2888 Similiter
241 2824 449 2908 judicandum
462 2824 500 2888 de
513 2822 676 2888 Potestate
689 2823 921 2889 Ecclesiastioa.
938 2823 1011 2888 Non
1023 2825 1121 2889 habet
1134 2848 1203 2889 eam
1216 2826 1353 2910 populus
1365 2829 1429 2911 qua
1441 2847 1546 2910 popu-

87 2911 139 2990 lus,
150 2914 246 2993 cives,
259 2912 397 2978 subditi:
414 2914 469 2976 se'd
484 2915 547 2998 qut
559 2912 744 2992 Christiani,
757 2913 900 2977 membra
913 2912 1043 2992 Christi,
1056 2915 1079 2978 tr
1092 2921 1276 2988 συμπολῖτκι
1287 2915 1387 2988 ἁγίων.
1407 2917 1456 2978 10.
1475 2917 1544 2980 Una
1617 2961 1628 2982 .

89 3001 255 3089 eademqne
279 3024 396 3088 genere
418 2999 574 3081 Potestas,
599 3005 704 3085 potest
726 3001 759 3065 in
772 3003 892 3086 species
905 3003 955 3066 vel
967 3007 1075 3086 partes
1088 3003 1150 3066 sibi
1163 3002 1322 3085 subjectas
1335 3003 1547 3089 inaequaliter

87 3090 285 3170 descendere3
311 3091 468 3176 quomode
478 3089 663 3175 philosophi
684 3091 858 3176 loquuntur
874 3092 911 3155 de
928 3113 1044 3177 genere
1057 3094 1079 3158 tr
1093 3091 1258 3175 speciebus
1270 3093 1455 3178 analogicis.
1485 3091 1547 3158 Sed
1597 3163 1602 3174 ¹

88 3201 143 3243 nna
165 3203 285 3266 genere
298 3180 464 3265 analogice
476 3183 525 3244 est
537 3178 682 3243 Potestas
695 3177 921 3264 Magistratus;
935 3180 990 3244 sed
1002 3180 1215 3266 inaequaliter
1227 3181 1388 3245 descendit
1400 3182 1440 3246 ad
1452 3181 1546 3246 Pote-

89 3272 178 3334 states
200 3269 371 3346 inferiores
394 3268 519 3354 sibique
543 3268 660 3332 directe
684 3269 707 3332 tt
734 3291 791 3352 per
813 3291 847 3334 se
873 3268 1105 3349 subordinatas,
1131 3271 1217 3333 mere
1229 3269 1338 3334 civiles
1351 3293 1377 3334 e.
1391 3292 1440 3355 gr.
1453 3293 1547 3354 prae·
1613 3314 1621 3330 .

87 3358 204 3436 briam,
229 3357 457 3443 quaestoriam,
486 3360 536 3424 irc.
564 3357 587 3422 tr
615 3359 654 3421 ad
680 3357 876 3422 Potestatem
903 3358 1169 3423 Ecclesiasticam.
1193 3356 1244 3421 lbi
1261 3360 1472 3424 esttdicitur
1485 3359 1546 3424 Po·
1587 3387 1591 3395 ·

90 3447 178 3510 tratas
204 3447 358 3522 συγγενὲς
381 3446 590 3531 homogenea,
605 3446 791 3510 intrinseca:
804 3469 868 3510 non
883 3447 968 3510 enim
980 3447 1091 3532 dirigit
1104 3451 1240 3526 tantum,
1257 3448 1311 3511 sed
1324 3451 1380 3512 aut
1392 3471 1449 3532 per
1462 3448 1560 3513 dele-⁶

90 3539 192 3616 gatnm
204 3539 264 3600 aut
276 3557 333 3618 per
344 3557 377 3600 se
389 3535 495 3620 ipsum
508 3557 579 3599 eam
591 3539 731 3598 exercet:
745 3535 797 3598 hic
815 3541 887 3600 vero
902 3537 1024 3600 ratione
1037 3536 1214 3619 spiritualis
1232 3536 1348 3619 objecti
1364 3538 1480 3601 dicitur
1493 3559 1548 3602 ex-

89 3624 226 3700 trinseca,
251 3627 275 3689 h
291 3623 443 3688 directiva
454 3628 592 3702 tanturn,
605 3627 761 3708 quatenus
778 3623 1021 3688 architectonice
1034 3625 1100 3689 soil.
1114 3625 1229 3709 dirigit
1238 3649 1275 3690 ea
1292 3627 1375 3712 quod
1388 3628 1427 3690 ad
1439 3627 1548 3711 requi-

90 3711 143 3776 sita
154 3715 177 3778 b
189 3714 343 3799 adjuncta
355 3713 511 3799 quaedam
523 3712 716 3777 extrinseca:
730 3733 833 3798 neque
848 3714 933 3776 enim
945 3713 1014 3797 ipse
1027 3713 1223 3778 Potestatem
1236 3737 1306 3778 eam
1318 3715 1351 3778 in
1364 3737 1398 3779 se
1411 3715 1434 3780 tv
1446 3737 1502 3798 per
1514 3738 1549 3780 se

92 3807 260 3867 amanam
286 3801 393 3878 habet,
417 3823 474 3866 nec
495 3823 553 3886 per
583 3801 723 3884 seipsum
751 3804 806 3864 aut
830 3824 886 3885 per
908 3801 1092 3887 delegatum
1112 3806 1246 3867 exercet.
1264 3803 1333 3868 Hac
1346 3803 1548 3869 distinctione

90 3911 102 3951 e
183 3893 232 3956 iri
255 3893 400 3974 possunt,
424 3913 506 3976 quae
529 3894 696 3955 occurrunt
721 3888 894 3975 Theologis
910 3890 1071 3955 nonnullis
1087 3891 1125 3955 de
1141 3889 1298 3956 Ministris
1313 3893 1546 3958 Ecclesiastiois

90 3979 102 4041 i
158 3981 255 4045 ‚iticis
268 3969 607 4064 pariteridagistratui
619 3978 882 4043 inservientibus:
900 3977 980 4044 Vide
992 4003 1072 4066 quae
1083 3981 1183 4044 citant
1195 3983 1448 4047 demonstrantes
1462 3983 1548 4066 Apo·

92 4066 102 4128 i
154 4091 220 4154 unp.
234 4069 286 4134 cil.
298 4070 352 4153 [ot.
367 4069 420 4133 30.
432 4069 461 4132 1.
475 4067 505 4132 6.
518 4091 556 4131 ex
569 4066 699 4132 Paraeo.
730 4067 781 4132 11.
805 4070 916 4132 Foetes
929 4069 1123 4134 solutionum
1137 4070 1177 4133 ad
1189 4074 1379 4155 argumenta
1392 4073 1548 4157 quaedam

91 4175 102 4217 s
150 4160 242 4238 lelio,
265 4161 284 4221 a
290 4158 363 4241 jure
376 4157 585 4243 vocationum,
599 4156 718 4221 adhaec
731 4157 992 4221 convocationem
1005 4156 1212 4242 Synodorum,
1225 4159 1303 4223 item
1315 4160 1547 4244 praesidentiae

93 4243 102 4340 i
194 4248 266 4320 lem,
286 4246 399 4330 judieii
415 4245 633 4335 peremptorii,
645 4245 916 4310 &reformationis
928 4246 1143 4311 Ecclesiarum
1156 4271 1162 4324 ;
1177 4271 1216 4312 er
1231 4247 1317 4316 infra
1332 4248 1470 4314 dicendis
1482 4249 1549 4333 peti

93 4353 102 4393 t
166 4341 206 4400 m,
1304 4362 1307 4371 ·

86 4464 94 4482 ·
190 4423 367 4488 *muniones
388 4428 447 4488 ant
470 4423 574 4490 fontes
596 4446 706 4490 earum
729 4423 770 4489 ad
788 4428 978 4509 argumenta
990 4424 1144 4490 indirecta
1156 4431 1231 4489 sunt
1243 4423 1270 4491 I.
1282 4425 1446 4512 Siquidem
1444 4427 1550 4576 bium

844 4520 860 4574 9
1480 4515 1549 4598 stssl'
1611 4539 1621 4556 ·
