3736 4860
298 275 419 345 Taren.
432 279 475 345 ll.-
499 278 588 344 Se'c'r.
601 278 660 347 ΙΙΙ.
684 280 732 344 Da
744 259 1025 345 Annrnmrnsrro'nn
1037 265 1195 344 Brnrrsrn.
1222 281 1291 346 Gan.
1306 279 1362 344 IV.
1501 255 1563 342 18'5

98 467 260 529 contracta
283 465 325 530 sit
348 465 433 531 dicta
448 467 611 551 cognatio:
625 467 702 532 adeo
719 470 755 530 nt
766 489 849 530 nunc
862 470 987 536 tantum
1003 467 1209 532 contrahatur
1222 472 1240 532 a
1252 466 1495 550 susceptoribus
1508 471 1564 534 &a

100 553 282 637 baptizante
305 577 377 619 cum
400 554 562 639 baptizato
583 558 605 622 b
621 555 812 620 Parentibus
825 557 907 638 ejus3
920 557 943 620 ta
955 556 1015 622 Vir
1027 580 1098 621 cunr
1110 555 1218 622 Uxore
1230 561 1287 621 suia
1299 557 1395 620 simul
1412 580 1448 620 eo
1460 556 1565 621 officio

99 641 191 728 fungi
215 642 335 727 possit:
352 643 435 726 ‹ptrod
447 643 479 708 in
492 644 567 710 lare
581 645 735 710 Canonico
746 646 843 709 camari
857 647 908 708 30.
922 667 975 731 qtt,
989 646 1019 710 4.
1032 666 1101 711 can.
1114 646 1199 732 qaod
1210 658 1312 712 antem
1328 648 1475 727 expresse
1492 668 1563 728 pro·

98 731 235 796 hibitum
251 734 330 796 erat.
343 730 469 808 Videat,
484 732 539 816 qui
552 733 666 796 harum
678 755 785 798 rerum
797 733 939 798 curiosus
953 739 1000 799 est
1012 733 1251 800 Declarationes
1264 734 1296 800 S.
1310 735 1342 800 S.
1360 736 1472 820 Conpr.
1491 733 1565 802 Car-

99 821 268 898 dinalinm,
296 819 327 886 d
349 821 534 900 additiones,
557 823 766 900 remissiones,
791 845 872 906 quae
896 845 967 887 cam
980 824 1117 888 Decretis
1131 821 1259 890 Concitii
1276 824 1414 888 Trident.
1428 824 1469 887 ab
1483 847 1565 886 amm

3 937 4 956 κ
102 911 196 976 1633.
210 931 343 974 excusae
356 914 439 982 sunt;
452 911 475 975 h
486 910 645 976 Barbarae
659 912 845 977 Calleetnnea
859 912 1007 989 Bullarii,
1021 914 1071 978 hc.
1084 913 1120 977 in
1131 933 1200 976 core
1212 914 1363 997 cognatio,
1380 911 1428 977 hc.
1444 913 1467 977 ta
1485 913 1566 978 Tho-

3 1009 4 1074 }
100 1019 187 1063 mam
213 997 359 1064 Zanctez
381 999 445 1064 Lib.
473 1000 501 1064 7.
516 1001 553 1066 de
566 1001 767 1066 Matrimonia
783 1001 863 1085 disp.
878 1002 930 1063 st.
955 999 1021 1066 Ubi
1032 1001 1174 1066 inveniet
1189 1023 1284 1085 super
1295 1001 1356 1064 hac
1368 1001 1566 1086 cognatione,

3 1161 4 1180 .
100 1087 247 1171 quamvis
262 1087 331 1170 jam
343 1089 732 1174 contractiori,sequentes
741 1090 941 1173 quaestiones
951 1091 1094 1173 proponi.
1104 1089 1157 1154 An
1165 1091 1285 1173 species
1294 1090 1492 1174 cognationis
1501 1091 1567 1174 spi·

101 1176 228 1240 ritualis
253 1177 337 1240 inter
360 1175 574 1260 Baptizatum,
592 1179 611 1244 t
625 1177 745 1242 Filium
757 1177 912 1242 Filiamve
925 1176 1152 1262 Susceptorum
1163 1201 1220 1261 per
1233 1178 1351 1242 Uoncil.
1365 1177 1507 1242 Trident.
1525 1179 1567 1242 sit

101 1265 240 1330 sublata.
265 1263 318 1329 An
342 1265 408 1345 ille,
432 1267 487 1352 qui
511 1271 665 1350 tanquam
678 1267 768 1331 testis
782 1267 978 1331 solummodo
990 1267 1147 1346 interfuit,
1161 1289 1263 1350 neque
1276 1268 1425 1350 suscepit,
1439 1267 1568 1346 levavit,

100 1355 149 1418 rel
173 1353 280 1418 simile
304 1353 515 1419 ministerium
537 1356 709 1440 praestitit,
734 1355 927 1420 contraxerit
952 1357 1183 1440 cognationem.
1208 1355 1260 1419 An
1274 1355 1451 1440 Episcopus
1468 1355 1569 1439 possit

100 1443 271 1507 concedere
295 1442 457 1507 licentiam
481 1449 517 1508 ut
540 1445 601 1508 duo
625 1443 707 1524 Viri,
732 1446 800 1509 loco
820 1443 891 1508 Viri
904 1443 1093 1524 &Mulieris
1110 1445 1175 1510 sint
1186 1443 1401 1528 Susceptores.
1426 1444 1478 1508 An
1491 1443 1567 1508 Pro·

100 1535 230 1596 curator
246 1529 444 1617 Susceptoris
457 1533 623 1597 contrahat
636 1533 697 1597 sibi
710 1534 940 1619 cognationem,
953 1557 993 1598 an
1005 1556 1080 1599 vero
1093 1535 1267 1598 mandanti.
1292 1533 1344 1598 An
1369 1533 1568 1618 cognationis

100 1621 224 1706 species
249 1623 268 1684 a
292 1619 409 1686 Concil.
434 1620 621 1686 Tridentino
645 1623 793 1687 definitae
817 1621 1000 1706 pertineant
1015 1627 1140 1687 tantum
1165 1623 1205 1687 ad
1216 1623 1421 1688 matrimonia
1445 1626 1568 1686 contra·

100 1709 208 1774 henda
230 1730 293 1773 non
317 1710 356 1773 ad
380 1715 541 1775 contracta
556 1711 765 1776 dissolvenda.
779 1712 832 1775 An
848 1711 903 1795 qni
915 1733 1064 1795 praesens
1076 1716 1203 1776 tantum
1215 1711 1278 1776 fuit
1294 1712 1326 1776 in
1339 1711 1481 1788 Ecclesia
1498 1733 1568 1775 cunr

101 1800 134 1862 in
159 1797 289 1862 Inlante
313 1799 397 1862 domi
420 1799 582 1883 baptizato
599 1801 808 1884 implerentur
824 1801 1041 1879 solennitates,
1054 1801 1275 1886 cognationem
1290 1800 1493 1864 contraxerit.
1517 1800 1569 1864 An

101 1887 212 1971 plnres
235 1888 436 1966 contrahant,
460 1888 488 1952 si
511 1910 574 1952 non
590 1893 723 1968 constet,
736 1911 776 1952 an
789 1889 854 1953 sint
866 1889 959 1954 electi
971 1890 1010 1953 ad
1023 1889 1331 1974 compaternitatem,
1345 1891 1487 1956 &tamen
1501 1910 1568 1952 orn-

101 1999 158 2041 nes
185 1975 382 2060 baptizatum
406 1981 587 2042 tenuerunt.
611 1979 664 2042 An
688 1977 879 2056 commater,
903 2000 985 2062 qnae
997 1979 1090 2062 juxta
1103 1978 1362 2043 consuetudinem
1376 1978 1569 2042 locinonle·

101 2070 157 2130 vat
182 2069 239 2130 aut
261 2066 367 2151 tangit
390 2065 558 2144 infantem,
581 2067 644 2132 nisi
668 2089 739 2132 cnm
763 2071 835 2150 post
858 2066 1060 2150 Baptismum
1077 2068 1106 2132 ei
1118 2067 1256 2132 traditur
1272 2066 1482 2151 anmpatre,
1495 2088 1570 2131 eon·

101 2154 223 2220 trahat.
252 2153 304 2217 An
328 2155 475 2239 cognatio
495 2155 671 2238 spiritualis
692 2159 711 2220 a
730 2155 810 2220 Viro
826 2160 996 2234 contracta,
1011 2177 1048 2220 eo
1064 2157 1147 2240 quod
1159 2157 1299 2239 aliquem
1310 2155 1449 2220 tenuerit
1461 2155 1494 2220 in
1506 2154 1570 2218 Ba-

101 2243 223 2327 ptismo
248 2246 304 2306 aut
326 2243 576 2323 confirmatione,
599 2244 842 2310 transfundatur
854 2245 894 2308 ad
909 2242 1060 2323 Uxorem,
1073 2245 1123 2309 vel
1140 2250 1267 2310 econtra
1284 2243 1412 2323 Utrum,
1430 2243 1485 2327 qui
1501 2267 1570 2308 sns-

101 2331 183 2415 cipit
202 2331 342 2415 aliquem
367 2333 404 2396 de
417 2332 614 2411 sacrofonte,
627 2338 775 2398 teneatur
787 2334 825 2398 ad
843 2334 909 2416 ejus
921 2333 1171 2398 instructionem.
1185 2333 1238 2397 An
1254 2356 1310 2417 per
1323 2333 1509 2398 Curatorem
1523 2334 1571 2397 vel

101 2419 266 2486 Nuntium
279 2420 459 2505 specialiter
470 2421 663 2486 destinatum
676 2423 821 2487 contrahi
834 2422 934 2506 possit
957 2422 1035 2487 haec
1047 2423 1204 2507 cognatio.
1215 2422 1266 2486 An
1275 2421 1434 2507 Religiosi
1443 2423 1475 2486 in
1485 2425 1570 2487 utro·

101 2533 166 2594 que
193 2513 391 2574 sacramento
415 2510 536 2594 possint
552 2533 620 2575 esse
632 2510 846 2595 susceptores.
860 2509 911 2574 An
925 2510 952 2574 si
964 2509 1077 2575 Petrus
1090 2512 1243 2595 suscipiat
1256 2511 1374 2575 Filium
1387 2511 1505 2576 Paulae
1517 2511 1572 2576 ad·

101 2599 167 2664 huc
193 2598 340 2678 infidelis,
365 2600 388 2664 b
405 2598 485 2663 haec
496 2603 606 2683 postea
618 2600 807 2684 baptizetur,
819 2600 942 2683 possint
953 2600 1057 2664 valide
1069 2600 1266 2665 contrahere.
1279 2599 1330 2663 An
1343 2599 1453 2664 infans
1466 2604 1573 2682 posset

102 2711 173 2754 esse
199 2685 381 2771 Susceptor.
405 2685 523 2752 Utrum
536 2687 618 2752 hanc
634 2689 856 2773 cognationem
872 2688 1050 2766 contrahat,
1068 2689 1122 2772 qui
1135 2689 1235 2753 alium
1247 2688 1381 2773 suscipit
1393 2689 1425 2752 in
1441 2688 1572 2772 Baptis-

101 2800 156 2842 mo
168 2797 234 2840 non
248 2777 336 2861 [pag.
352 2776 432 2862 713]
448 2776 580 2842 solenni.
593 2777 645 2841 An
659 2799 730 2842 cunr
742 2774 853 2841 Infans
865 2780 1000 2862 urgente
1012 2778 1201 2842 necessitate
1214 2777 1298 2842 domi
1309 2777 1493 2860 baptizatur
1505 2777 1572 2840 sine

101 2864 305 2942 ceremoniis,
329 2867 352 2932 dr
376 2869 486 2950 postea
509 2865 542 2930 in
565 2867 686 2950 templo
710 2866 837 2930 eaedem
861 2866 1057 2931 ceremoniae
1074 2865 1275 2944 adhibentur,
1288 2866 1354 2930 illic
1367 2864 1573 2930 contrahatur

101 2953 256 3040 cognatio
281 2975 299 3017 a
312 2953 514 3037 suscipiente,
539 2976 602 3018 non
626 2960 733 3019 autem
746 2954 807 3020 hic.
832 2954 884 3018 An
896 2954 1033 3019 debeant
1044 2977 1111 3020 esse
1124 2955 1266 3020 carnales
1278 2955 1344 3018 sive
1357 2953 1495 3038 legitimi
1508 2953 1572 3019 sive

100 3041 280 3128 illegitimi.
304 3041 422 3113 Utrum
446 3043 472 3106 si
488 3042 661 3122 Parochus,
675 3067 713 3108 ex
725 3043 786 3122 his,
800 3066 879 3127 quos
891 3043 1044 3108 Parentes
1058 3044 1276 3128 designarunt,
1289 3065 1388 3106 unum
1401 3042 1503 3106 solnm
1517 3042 1573 3105 ad·

100 3133 226 3209 miani,
250 3131 406 3214 amboque
428 3131 637 3197 nihilominus
661 3131 820 3197 Infantem
844 3132 1031 3216 suscipiunt,
1055 3132 1222 3197 contrahat
1241 3130 1573 3215 repulsusaParocho

100 3219 339 3307 cognationem.
353 3218 388 3285 Si
400 3220 563 3285 Parochus
575 3243 637 3285 non
650 3222 799 3286 admittat
811 3221 1013 3304 designatum
1026 3223 1045 3285 a
1056 3219 1247 3286 Parentibus
1263 3219 1458 3304 baptizandi,
1479 3222 1500 3285 tr
1514 3219 1573 3283 nli-

102 3334 158 3376 um
171 3331 249 3374 casu
262 3309 296 3372 in
308 3309 485 3374 Ecclesiam
497 3310 741 3394 ingredientem,
753 3309 924 3387 vocaverit,
938 3313 974 3375 ut
987 3309 1185 3394 baptizatum
1198 3309 1337 3375 Puerum
1350 3309 1525 3392 susciperet
1538 3331 1574 3371 ac

99 3401 266 3485 tangeret,
280 3420 320 3461 an
333 3419 406 3463 cum
418 3421 455 3462 eo
467 3398 675 3463 contrahatur
687 3399 863 3482 spiritualis
875 3399 1034 3484 cognatio.
1047 3397 1082 3464 si
1094 3399 1127 3463 in
1140 3399 1221 3464 libro
1234 3397 1344 3464 Cureti
1352 3398 1417 3461 sint
1425 3396 1575 3480 descripti

99 3491 166 3554 duo
193 3487 381 3570 Compatres
397 3488 449 3551 rel
463 3486 670 3566 commatres,
685 3510 746 3553 non
758 3487 959 3552 certificando
971 3487 1043 3571 quis
1055 3509 1164 3552 eorum
1177 3488 1220 3552 sit
1235 3510 1327 3552 verris
1340 3487 1518 3569 Uonrpater,
1534 3509 1573 3550 aa

97 3578 231 3644 ratione
254 3575 487 3641 incertitudinis
499 3576 728 3659 prohibeantur
744 3577 811 3640 sine
824 3576 1059 3660 dispensatione
1075 3577 1314 3641 matrimonium
1326 3575 1512 3639 contrahere
1525 3573 1575 3637 in-

98 3674 153 3733 ter
178 3689 224 3730 se.
250 3662 341 3739 Quod
352 3665 380 3728 si
392 3665 473 3729 nulli
486 3663 610 3729 Patrini
623 3664 839 3748 designentur,
852 3687 892 3729 an
905 3687 1014 3730 omnes
1027 3663 1243 3749 suscipientes
1256 3663 1445 3729 contrahant
1457 3685 1574 3746 cogna-

98 3757 239 3821 tionem.
265 3751 318 3817 An
340 3757 444 3818 tactus
469 3754 513 3817 sit
524 3754 561 3817 de
574 3754 762 3832 substantia,
778 3753 825 3818 ita
837 3758 873 3818 ut
885 3776 921 3818 eo
934 3754 1099 3818 deficiente
1112 3753 1358 3836 compaternitas
1370 3775 1433 3816 non
1449 3756 1575 3816 contra-

97 3847 214 3910 hatur.
229 3840 348 3908 Utrum
360 3841 521 3906 Parochus
535 3847 642 3926 peccet
654 3843 842 3920 mortaliter,
856 3843 883 3906 si
895 3844 962 3926 ejus
974 3843 1068 3926 culpat
1080 3843 1187 3925 plures
1200 3841 1336 3906 adhibiti
1349 3846 1405 3906 aut
1417 3841 1576 3924 designati

97 3935 182 4000 sint.
207 3931 263 3995 An
286 3953 366 3995 unus
381 3934 509 3996 tanturn
521 3931 570 3995 vel
585 3953 649 3994 nna
661 3931 693 3994 in
707 3931 945 3996 confirmatione
962 3931 1076 3994 debeat
1090 3954 1158 3995 esse
1170 3929 1350 4014 Susceptor.
1364 3930 1415 3993 An
1428 3951 1484 4013 per
1498 3929 1576 3994 haec

97 4023 206 4088 verba
222 4019 342 4084 Concil.
359 4017 501 4084 Trident.
517 4019 680 4104 (omnibns
696 4022 777 4085 inter
788 4021 869 4084 alins
879 4039 1041 4104 personas,
1055 4018 1104 4084 &a
1119 4019 1348 4103 impedimentis
1361 4019 1489 4084 artimino
1502 4018 1577 4086 sset·

96 4111 195 4196 tatis)
221 4112 388 4173 censeatur
411 4108 556 4172 sublatus
580 4109 801 4186 catechismus,
827 4132 881 4172 seu
906 4107 1053 4190 cognatio
1076 4109 1231 4192 quaedam
1255 4107 1430 4191 spiritualis
1450 4112 1576 4174 nataex

95 4197 358 4268 catechizatione
374 4196 538 4280 baptizati.
563 4196 662 4262 Vides
675 4198 835 4281 specimen
848 4196 1070 4280 quaestionum
1083 4199 1247 4262 &casuum
1260 4196 1480 4272 conscientiae,
1494 4198 1576 4262 circa
1632 4225 1638 4235 ·

96 4311 187 4376 qnos
202 4286 329 4350 laborat
340 4286 395 4352 SS.
411 4288 522 4371 Conpr.
543 4287 810 4365 concitantium&
825 4287 909 4349 inter
921 4309 954 4350 se
967 4289 1090 4350 certant
1106 4285 1270 4351 Caenistae
1283 4284 1356 4350 ibid.
1370 4285 1403 4350 in
1415 4285 1577 4350 remissio-

94 4380 213 4453 nibus,
240 4375 264 4440 &
286 4375 320 4440 in
334 4376 527 4442 &laetaniis
538 4376 678 4443 Bullarii
690 4380 801 4441 autore
813 4376 990 4461 Attpnstino
1002 4375 1154 4442 Barbara.
1167 4373 1271 4440 Multo
1283 4375 1390 4460 plures
1403 4397 1441 4439 ex
1459 4374 1578 4530 rupina

1519 4483 1578 4529 an·
