<?xml version="1.0" encoding="UTF-8"?>
<!DOCTYPE html PUBLIC "-//W3C//DTD XHTML 1.0 Transitional//EN"
    "http://www.w3.org/TR/xhtml1/DTD/xhtml1-transitional.dtd">
<html xmlns="http://www.w3.org/1999/xhtml" xml:lang="en" lang="en">
 <head>
  <title>
</title>
<meta http-equiv="Content-Type" content="text/html;charset=utf-8" />
  <meta name='ocr-system' content='tesseract 3.04.00' />
  <meta name='ocr-capabilities' content='ocr_page ocr_carea ocr_par ocr_line ocrx_word'/>
</head>
<body>
  <div class='ocr_page' id='page_1' title='image "./gisbertivoetiit00rutggoog_0242.png"; bbox 0 0 3712 4850; ppageno 0'>
   <div class='ocr_carea' id='block_1_1' title="bbox 329 279 1433 394">
    <p class='ocr_par' dir='ltr' id='par_1_1' title="bbox 329 279 1433 394">
     <span class='ocr_line' id='line_1_1' title="bbox 329 279 1433 394; baseline 0.003 -51"><span class='ocrx_word' id='word_1_1' title='bbox 329 281 393 345; x_wconf 83' lang='lat'>214</span> <span class='ocrx_word' id='word_1_2' title='bbox 690 280 771 346; x_wconf 75' lang='lat' dir='ltr'>Pras</span> <span class='ocrx_word' id='word_1_3' title='bbox 796 280 821 345; x_wconf 94' lang='lat' dir='ltr'>I.</span> <span class='ocrx_word' id='word_1_4' title='bbox 844 280 893 347; x_wconf 86' lang='lat' dir='ltr'>Da</span> <span class='ocrx_word' id='word_1_5' title='bbox 918 281 1051 346; x_wconf 79' lang='lat' dir='ltr'>Oaracro</span> <span class='ocrx_word' id='word_1_6' title='bbox 1075 280 1178 348; x_wconf 79' lang='lat' dir='ltr'>Poma.</span> <span class='ocrx_word' id='word_1_7' title='bbox 1202 280 1294 350; x_wconf 81' lang='lat' dir='ltr'>Ecca.</span> <span class='ocrx_word' id='word_1_8' title='bbox 1319 279 1384 394; x_wconf 73' lang='lat' dir='ltr'>Lrp.</span> <span class='ocrx_word' id='word_1_9' title='bbox 1407 279 1433 346; x_wconf 90' lang='grc' dir='ltr'>Ι.</span> 
     </span>
    </p>
   </div>
   <div class='ocr_carea' id='block_1_2' title="bbox 260 467 1809 4558">
    <p class='ocr_par' dir='ltr' id='par_1_2' title="bbox 260 467 1809 2067">
     <span class='ocr_line' id='line_1_2' title="bbox 326 467 1806 555; baseline 0.001 -22"><span class='ocrx_word' id='word_1_10' title='bbox 326 468 443 534; x_wconf 89' lang='lat' dir='ltr'>dicitur</span> <span class='ocrx_word' id='word_1_11' title='bbox 465 468 563 533; x_wconf 90' lang='lat' dir='ltr'>etiam</span> <span class='ocrx_word' id='word_1_12' title='bbox 588 469 701 554; x_wconf 79' lang='lat' dir='ltr'>qratia,</span> <span class='ocrx_word' id='word_1_13' title='bbox 725 469 929 555; x_wconf 77' lang='lat' dir='ltr'>iadaipcatia,</span> <span class='ocrx_word' id='word_1_14' title='bbox 946 471 1105 536; x_wconf 76' lang='lat' dir='ltr'>emeccasis.</span> <span class='ocrx_word' id='word_1_15' title='bbox 1129 471 1304 537; x_wconf 78' lang='lat' dir='ltr'>Declaratio</span> <span class='ocrx_word' id='word_1_16' title='bbox 1330 469 1609 553; x_wconf 77' lang='lat' dir='ltr'>seuicacrpcetatic</span> <span class='ocrx_word' id='word_1_17' title='bbox 1622 467 1721 550; x_wconf 78' lang='lat' dir='ltr'>Legis</span> <span class='ocrx_word' id='word_1_18' title='bbox 1735 471 1806 549; x_wconf 88' lang='lat' dir='ltr'>ast,</span> 
     </span>
     <span class='ocr_line' id='line_1_3' title="bbox 260 557 1807 646; baseline -0.001 -21"><span class='ocrx_word' id='word_1_19' title='bbox 260 599 271 625; x_wconf 78' lang='grc'><strong>.</strong></span> <span class='ocrx_word' id='word_1_20' title='bbox 329 557 455 644; x_wconf 88' lang='lat' dir='ltr'>quando</span> <span class='ocrx_word' id='word_1_21' title='bbox 483 558 662 623; x_wconf 72' lang='lat' dir='ltr'>declaratur</span> <span class='ocrx_word' id='word_1_22' title='bbox 691 559 725 624; x_wconf 89' lang='lat' dir='ltr'>in</span> <span class='ocrx_word' id='word_1_23' title='bbox 741 559 848 645; x_wconf 90' lang='lat' dir='ltr'>aliquo</span> <span class='ocrx_word' id='word_1_24' title='bbox 872 581 947 625; x_wconf 84' lang='lat' dir='ltr'>casu</span> <span class='ocrx_word' id='word_1_25' title='bbox 959 558 1076 646; x_wconf 86' lang='lat' dir='ltr'>Legem</span> <span class='ocrx_word' id='word_1_26' title='bbox 1088 582 1151 626; x_wconf 94' lang='lat' dir='ltr'>non</span> <span class='ocrx_word' id='word_1_27' title='bbox 1163 560 1316 645; x_wconf 79' lang='lat' dir='ltr'>obligare.</span> <span class='ocrx_word' id='word_1_28' title='bbox 1335 559 1540 644; x_wconf 76' lang='lat' dir='ltr'>Pri-uilepiam</span> <span class='ocrx_word' id='word_1_29' title='bbox 1550 562 1600 622; x_wconf 90' lang='lat' dir='ltr'>est</span> <span class='ocrx_word' id='word_1_30' title='bbox 1612 557 1715 622; x_wconf 86' lang='lat' dir='ltr'>veluti</span> <span class='ocrx_word' id='word_1_31' title='bbox 1729 559 1807 642; x_wconf 90' lang='lat' dir='ltr'>pri-</span> 
     </span>
     <span class='ocr_line' id='line_1_4' title="bbox 328 645 1807 737; baseline 0.001 -27"><span class='ocrx_word' id='word_1_32' title='bbox 328 650 403 711; x_wconf 86' lang='lat' dir='ltr'>vata</span> <span class='ocrx_word' id='word_1_33' title='bbox 426 645 492 712; x_wconf 84' lang='lat' dir='ltr'>Lex</span> <span class='ocrx_word' id='word_1_34' title='bbox 511 647 545 712; x_wconf 88' lang='lat' dir='ltr'>in</span> <span class='ocrx_word' id='word_1_35' title='bbox 557 646 691 732; x_wconf 90' lang='lat' dir='ltr'>alicujus</span> <span class='ocrx_word' id='word_1_36' title='bbox 702 645 843 714; x_wconf 84' lang='lat' dir='ltr'>favorem</span> <span class='ocrx_word' id='word_1_37' title='bbox 857 648 947 713; x_wconf 87' lang='lat' dir='ltr'>data:</span> <span class='ocrx_word' id='word_1_38' title='bbox 961 671 1027 728; x_wconf 88' lang='lat' dir='ltr'>seu,</span> <span class='ocrx_word' id='word_1_39' title='bbox 1041 651 1166 737; x_wconf 91' lang='lat' dir='ltr'>quando</span> <span class='ocrx_word' id='word_1_40' title='bbox 1179 650 1249 736; x_wconf 82' lang='lat' dir='ltr'>quis</span> <span class='ocrx_word' id='word_1_41' title='bbox 1262 649 1418 733; x_wconf 72' lang='lat' dir='ltr'>excipitur</span> <span class='ocrx_word' id='word_1_42' title='bbox 1430 649 1470 713; x_wconf 90' lang='lat' dir='ltr'>ab</span> <span class='ocrx_word' id='word_1_43' title='bbox 1482 646 1680 733; x_wconf 77' lang='lat' dir='ltr'>obligatione</span> <span class='ocrx_word' id='word_1_44' title='bbox 1697 646 1807 734; x_wconf 82' lang='lat' dir='ltr'>Legis</span> 
     </span>
     <span class='ocr_line' id='line_1_5' title="bbox 327 733 1809 824; baseline 0.003 -24"><span class='ocrx_word' id='word_1_45' title='bbox 327 735 513 801; x_wconf 89' lang='lat' dir='ltr'>communis.</span> <span class='ocrx_word' id='word_1_46' title='bbox 541 733 590 801; x_wconf 90' lang='lat' dir='ltr'>De</span> <span class='ocrx_word' id='word_1_47' title='bbox 617 759 726 802; x_wconf 91' lang='lat' dir='ltr'>eornm</span> <span class='ocrx_word' id='word_1_48' title='bbox 749 737 923 822; x_wconf 83' lang='lat' dir='ltr'>speciebus,</span> <span class='ocrx_word' id='word_1_49' title='bbox 947 738 987 802; x_wconf 93' lang='lat' dir='ltr'>ad</span> <span class='ocrx_word' id='word_1_50' title='bbox 1003 737 1225 804; x_wconf 81' lang='lat' dir='ltr'>Ecclesiastico</span> <span class='ocrx_word' id='word_1_51' title='bbox 1244 736 1458 824; x_wconf 76' lang='lat' dir='ltr'>appropriatis</span> <span class='ocrx_word' id='word_1_52' title='bbox 1471 737 1593 820; x_wconf 76' lang='lat' dir='ltr'>prolixe</span> <span class='ocrx_word' id='word_1_53' title='bbox 1607 737 1752 802; x_wconf 85' lang='lat' dir='ltr'>Basseas</span> <span class='ocrx_word' id='word_1_54' title='bbox 1768 739 1809 804; x_wconf 80' lang='lat' dir='ltr'>ia</span> 
     </span>
     <span class='ocr_line' id='line_1_6' title="bbox 327 824 1808 915; baseline 0.001 -25"><span class='ocrx_word' id='word_1_55' title='bbox 327 824 472 890; x_wconf 66' lang='lat' dir='ltr'>Pluribus</span> <span class='ocrx_word' id='word_1_56' title='bbox 502 825 601 891; x_wconf 79' lang='lat' dir='ltr'>Theoi.</span> <span class='ocrx_word' id='word_1_57' title='bbox 625 826 786 910; x_wconf 74' lang='lat' dir='ltr'>practicae.</span> <span class='ocrx_word' id='word_1_58' title='bbox 815 825 881 892; x_wconf 90' lang='lat' dir='ltr'>Ubi</span> <span class='ocrx_word' id='word_1_59' title='bbox 904 827 1093 892; x_wconf 77' lang='lat' dir='ltr'>recentiores</span> <span class='ocrx_word' id='word_1_60' title='bbox 1116 829 1260 915; x_wconf 84' lang='lat' dir='ltr'>plerique</span> <span class='ocrx_word' id='word_1_61' title='bbox 1288 828 1437 894; x_wconf 85' lang='lat' dir='ltr'>citantur.</span> <span class='ocrx_word' id='word_1_62' title='bbox 1455 827 1594 892; x_wconf 61' lang='lat' dir='ltr'>&amp;erratio</span> <span class='ocrx_word' id='word_1_63' title='bbox 1610 827 1808 910; x_wconf 85' lang='lat' dir='ltr'>estapecies</span> 
     </span>
     <span class='ocr_line' id='line_1_7' title="bbox 328 912 1808 1004; baseline 0.001 -26"><span class='ocrx_word' id='word_1_64' title='bbox 328 912 511 1000; x_wconf 82' lang='lat' dir='ltr'>Pririlegii;</span> <span class='ocrx_word' id='word_1_65' title='bbox 536 919 646 1000; x_wconf 91' lang='lat' dir='ltr'>estque</span> <span class='ocrx_word' id='word_1_66' title='bbox 669 914 801 992; x_wconf 82' lang='lat' dir='ltr'>libertas</span> <span class='ocrx_word' id='word_1_67' title='bbox 816 937 872 980; x_wconf 90' lang='lat' dir='ltr'>seu</span> <span class='ocrx_word' id='word_1_68' title='bbox 885 916 1008 982; x_wconf 86' lang='lat' dir='ltr'>eductio</span> <span class='ocrx_word' id='word_1_69' title='bbox 1021 917 1061 981; x_wconf 89' lang='lat' dir='ltr'>ab</span> <span class='ocrx_word' id='word_1_70' title='bbox 1075 918 1183 1004; x_wconf 78' lang='lat' dir='ltr'>aliqua</span> <span class='ocrx_word' id='word_1_71' title='bbox 1195 917 1389 1001; x_wconf 81' lang='lat' dir='ltr'>subjectidne</span> <span class='ocrx_word' id='word_1_72' title='bbox 1402 920 1458 980; x_wconf 88' lang='lat' dir='ltr'>aut</span> <span class='ocrx_word' id='word_1_73' title='bbox 1475 916 1637 981; x_wconf 84' lang='lat' dir='ltr'>servitute.</span> <span class='ocrx_word' id='word_1_74' title='bbox 1652 916 1808 981; x_wconf 71' lang='lat' dir='ltr'>irritatio</span> 
     </span>
     <span class='ocr_line' id='line_1_8' title="bbox 327 1001 1808 1092; baseline 0.003 -25"><span class='ocrx_word' id='word_1_75' title='bbox 327 1005 385 1081; x_wconf 87' lang='lat' dir='ltr'>est,</span> <span class='ocrx_word' id='word_1_76' title='bbox 399 1003 525 1090; x_wconf 91' lang='lat' dir='ltr'>quando</span> <span class='ocrx_word' id='word_1_77' title='bbox 533 1001 598 1068; x_wconf 82' lang='lat' dir='ltr'>Lex</span> <span class='ocrx_word' id='word_1_78' title='bbox 609 1003 756 1068; x_wconf 86' lang='lat' dir='ltr'>aboletur</span> <span class='ocrx_word' id='word_1_79' title='bbox 768 1007 939 1091; x_wconf 65' lang='lat' dir='ltr'>anmquam</span> <span class='ocrx_word' id='word_1_80' title='bbox 950 1005 1090 1089; x_wconf 75' lang='lat' dir='ltr'>perfecte</span> <span class='ocrx_word' id='word_1_81' title='bbox 1102 1006 1236 1092; x_wconf 83' lang='lat' dir='ltr'>obligat.</span> <span class='ocrx_word' id='word_1_82' title='bbox 1248 1005 1413 1091; x_wconf 75' lang='lat' dir='ltr'>Abrupolis</span> <span class='ocrx_word' id='word_1_83' title='bbox 1426 1009 1473 1070; x_wconf 90' lang='lat' dir='ltr'>est</span> <span class='ocrx_word' id='word_1_84' title='bbox 1485 1005 1611 1092; x_wconf 88' lang='lat' dir='ltr'>quando</span> <span class='ocrx_word' id='word_1_85' title='bbox 1623 1002 1699 1082; x_wconf 82' lang='lat' dir='ltr'>Lex,</span> <span class='ocrx_word' id='word_1_86' title='bbox 1710 1025 1808 1091; x_wconf 85' lang='lat' dir='ltr'>quae</span> 
     </span>
     <span class='ocr_line' id='line_1_9' title="bbox 326 1090 1806 1180; baseline 0.005 -24"><span class='ocrx_word' id='word_1_87' title='bbox 326 1093 391 1177; x_wconf 90' lang='lat' dir='ltr'>jam</span> <span class='ocrx_word' id='word_1_88' title='bbox 407 1090 547 1176; x_wconf 77' lang='lat' dir='ltr'>perfecte</span> <span class='ocrx_word' id='word_1_89' title='bbox 562 1092 739 1178; x_wconf 80' lang='lat' dir='ltr'>obligabat,</span> <span class='ocrx_word' id='word_1_90' title='bbox 752 1093 940 1178; x_wconf 90' lang='lat' dir='ltr'>simpliciter</span> <span class='ocrx_word' id='word_1_91' title='bbox 951 1095 1132 1162; x_wconf 77' lang='lat' dir='ltr'>aboletur&amp;</span> <span class='ocrx_word' id='word_1_92' title='bbox 1143 1097 1279 1161; x_wconf 88' lang='lat' dir='ltr'>tollitur.</span> <span class='ocrx_word' id='word_1_93' title='bbox 1295 1096 1462 1180; x_wconf 78' lang='lat' dir='ltr'>Dcropatic</span> <span class='ocrx_word' id='word_1_94' title='bbox 1474 1098 1523 1158; x_wconf 87' lang='lat' dir='ltr'>est</span> <span class='ocrx_word' id='word_1_95' title='bbox 1535 1093 1660 1180; x_wconf 89' lang='lat' dir='ltr'>quando</span> <span class='ocrx_word' id='word_1_96' title='bbox 1673 1092 1746 1158; x_wconf 83' lang='lat' dir='ltr'>Lex</span> <span class='ocrx_word' id='word_1_97' title='bbox 1762 1118 1806 1163; x_wconf 85' lang='lat' dir='ltr'>ex</span> 
     </span>
     <span class='ocr_line' id='line_1_10' title="bbox 327 1181 1806 1270; baseline 0.004 -26"><span class='ocrx_word' id='word_1_98' title='bbox 327 1183 419 1265; x_wconf 89' lang='lat' dir='ltr'>parte</span> <span class='ocrx_word' id='word_1_99' title='bbox 445 1181 580 1261; x_wconf 91' lang='lat' dir='ltr'>tollitur,</span> <span class='ocrx_word' id='word_1_100' title='bbox 605 1187 746 1267; x_wconf 85' lang='lat' dir='ltr'>exparte</span> <span class='ocrx_word' id='word_1_101' title='bbox 758 1187 876 1248; x_wconf 89' lang='lat' dir='ltr'>manet.</span> <span class='ocrx_word' id='word_1_102' title='bbox 889 1181 937 1248; x_wconf 89' lang='lat' dir='ltr'>De</span> <span class='ocrx_word' id='word_1_103' title='bbox 949 1183 1001 1248; x_wconf 92' lang='lat' dir='ltr'>his</span> <span class='ocrx_word' id='word_1_104' title='bbox 1013 1185 1159 1249; x_wconf 89' lang='lat' dir='ltr'>omuibus</span> <span class='ocrx_word' id='word_1_105' title='bbox 1176 1207 1306 1270; x_wconf 89' lang='lat' dir='ltr'>operose</span> <span class='ocrx_word' id='word_1_106' title='bbox 1322 1184 1419 1248; x_wconf 90' lang='lat' dir='ltr'>nimis</span> <span class='ocrx_word' id='word_1_107' title='bbox 1432 1183 1558 1268; x_wconf 85' lang='lat' dir='ltr'>(saltem</span> <span class='ocrx_word' id='word_1_108' title='bbox 1576 1182 1658 1269; x_wconf 93' lang='lat' dir='ltr'>quod</span> <span class='ocrx_word' id='word_1_109' title='bbox 1671 1183 1713 1247; x_wconf 91' lang='lat' dir='ltr'>ad</span> <span class='ocrx_word' id='word_1_110' title='bbox 1731 1182 1806 1250; x_wconf 84' lang='lat' dir='ltr'>Ec-</span> 
     </span>
     <span class='ocr_line' id='line_1_11' title="bbox 327 1269 1806 1359; baseline 0.003 -26"><span class='ocrx_word' id='word_1_111' title='bbox 327 1269 515 1356; x_wconf 84' lang='lat' dir='ltr'>clesiastica)</span> <span class='ocrx_word' id='word_1_112' title='bbox 535 1271 663 1338; x_wconf 79' lang='lat' dir='ltr'>Zioacez</span> <span class='ocrx_word' id='word_1_113' title='bbox 675 1272 712 1337; x_wconf 87' lang='lat' dir='ltr'>de</span> <span class='ocrx_word' id='word_1_114' title='bbox 723 1270 863 1357; x_wconf 80' lang='lat' dir='ltr'>Lepibus,</span> <span class='ocrx_word' id='word_1_115' title='bbox 876 1273 1044 1339; x_wconf 83' lang='lat' dir='ltr'>Rodericas</span> <span class='ocrx_word' id='word_1_116' title='bbox 1057 1274 1090 1336; x_wconf 89' lang='lat' dir='ltr'>in</span> <span class='ocrx_word' id='word_1_117' title='bbox 1103 1277 1193 1340; x_wconf 87' lang='lat' dir='ltr'>vasto</span> <span class='ocrx_word' id='word_1_118' title='bbox 1205 1297 1298 1359; x_wconf 89' lang='lat' dir='ltr'>opere</span> <span class='ocrx_word' id='word_1_119' title='bbox 1311 1275 1348 1340; x_wconf 86' lang='lat' dir='ltr'>de</span> <span class='ocrx_word' id='word_1_120' title='bbox 1361 1271 1575 1357; x_wconf 83' lang='lat' dir='ltr'>Repaiaridas,</span> <span class='ocrx_word' id='word_1_121' title='bbox 1590 1272 1748 1338; x_wconf 79' lang='lat' dir='ltr'>Micaada</span> <span class='ocrx_word' id='word_1_122' title='bbox 1767 1277 1806 1338; x_wconf 85' lang='lat' dir='ltr'>ia</span> 
     </span>
     <span class='ocr_line' id='line_1_12' title="bbox 328 1358 1806 1446; baseline 0.002 -22"><span class='ocrx_word' id='word_1_123' title='bbox 328 1359 481 1435; x_wconf 72' lang='lat' dir='ltr'>Marruuii,</span> <span class='ocrx_word' id='word_1_124' title='bbox 511 1358 671 1428; x_wconf 77' lang='lat' dir='ltr'>Gasuistae</span> <span class='ocrx_word' id='word_1_125' title='bbox 681 1361 800 1444; x_wconf 90' lang='lat' dir='ltr'>passim</span> <span class='ocrx_word' id='word_1_126' title='bbox 813 1361 863 1426; x_wconf 78' lang='lat' dir='ltr'>dcc.</span> <span class='ocrx_word' id='word_1_127' title='bbox 876 1397 919 1410; x_wconf 91' lang='lat'><em>-</em></span> <span class='ocrx_word' id='word_1_128' title='bbox 931 1361 973 1426; x_wconf 90' lang='lat' dir='ltr'>ll.</span> <span class='ocrx_word' id='word_1_129' title='bbox 987 1361 1126 1446; x_wconf 81' lang='lat' dir='ltr'>Propria</span> <span class='ocrx_word' id='word_1_130' title='bbox 1142 1369 1225 1428; x_wconf 91' lang='lat' dir='ltr'>sunt.</span> <span class='ocrx_word' id='word_1_131' title='bbox 1246 1363 1273 1426; x_wconf 95' lang='lat'>1.</span> <span class='ocrx_word' id='word_1_132' title='bbox 1290 1363 1380 1446; x_wconf 71' lang='lat' dir='ltr'>(iered</span> <span class='ocrx_word' id='word_1_133' title='bbox 1392 1384 1453 1427; x_wconf 89' lang='lat' dir='ltr'>non</span> <span class='ocrx_word' id='word_1_134' title='bbox 1467 1363 1509 1426; x_wconf 89' lang='lat' dir='ltr'>sit</span> <span class='ocrx_word' id='word_1_135' title='bbox 1521 1365 1654 1438; x_wconf 88' lang='lat' dir='ltr'>armata,</span> <span class='ocrx_word' id='word_1_136' title='bbox 1671 1362 1733 1426; x_wconf 89' lang='lat' dir='ltr'>sed</span> <span class='ocrx_word' id='word_1_137' title='bbox 1748 1362 1806 1427; x_wconf 92' lang='lat' dir='ltr'>in·</span> 
     </span>
     <span class='ocr_line' id='line_1_13' title="bbox 327 1447 1806 1535; baseline 0.003 -23"><span class='ocrx_word' id='word_1_138' title='bbox 327 1448 432 1527; x_wconf 88' lang='lat' dir='ltr'>ermis,</span> <span class='ocrx_word' id='word_1_139' title='bbox 446 1447 677 1514; x_wconf 87' lang='lat' dir='ltr'>destitutascil.</span> <span class='ocrx_word' id='word_1_140' title='bbox 690 1449 824 1534; x_wconf 90' lang='lat' dir='ltr'>imperio</span> <span class='ocrx_word' id='word_1_141' title='bbox 837 1451 1012 1517; x_wconf 77' lang='lat' dir='ltr'>&amp;coactiva</span> <span class='ocrx_word' id='word_1_142' title='bbox 1025 1450 1197 1518; x_wconf 86' lang='lat' dir='ltr'>Potestate.</span> <span class='ocrx_word' id='word_1_143' title='bbox 1212 1453 1242 1518; x_wconf 87' lang='lat'>2.</span> <span class='ocrx_word' id='word_1_144' title='bbox 1261 1453 1352 1535; x_wconf 83' lang='lat' dir='ltr'>ana</span> <span class='ocrx_word' id='word_1_145' title='bbox 1363 1451 1570 1515; x_wconf 90' lang='lat' dir='ltr'>nihilominus</span> <span class='ocrx_word' id='word_1_146' title='bbox 1586 1450 1704 1514; x_wconf 89' lang='lat' dir='ltr'>sanciri</span> <span class='ocrx_word' id='word_1_147' title='bbox 1719 1473 1806 1534; x_wconf 90' lang='lat' dir='ltr'>pos·</span> 
     </span>
     <span class='ocr_line' id='line_1_14' title="bbox 326 1535 1806 1691; baseline 0.004 -90"><span class='ocrx_word' id='word_1_148' title='bbox 326 1535 379 1617; x_wconf 90' lang='lat' dir='ltr'>sit,</span> <span class='ocrx_word' id='word_1_149' title='bbox 403 1537 462 1602; x_wconf 89' lang='lat' dir='ltr'>sub</span> <span class='ocrx_word' id='word_1_150' title='bbox 485 1543 592 1691; x_wconf 45' lang='lat' dir='ltr'>pomp</span> <span class='ocrx_word' id='word_1_151' title='bbox 613 1537 780 1619; x_wconf 71' lang='lat' dir='ltr'>canonica,</span> <span class='ocrx_word' id='word_1_152' title='bbox 797 1540 1012 1624; x_wconf 80' lang='lat' dir='ltr'>suspensionis</span> <span class='ocrx_word' id='word_1_153' title='bbox 1024 1540 1103 1620; x_wconf 81' lang='lat' dir='ltr'>scil,</span> <span class='ocrx_word' id='word_1_154' title='bbox 1116 1541 1361 1626; x_wconf 78' lang='lat' dir='ltr'>degradationis,</span> <span class='ocrx_word' id='word_1_155' title='bbox 1379 1539 1592 1604; x_wconf 86' lang='lat' dir='ltr'>inhabilitatis</span> <span class='ocrx_word' id='word_1_156' title='bbox 1605 1539 1644 1602; x_wconf 89' lang='lat' dir='ltr'>ad</span> <span class='ocrx_word' id='word_1_157' title='bbox 1656 1561 1806 1606; x_wconf 87' lang='lat' dir='ltr'>munera</span> 
     </span>
     <span class='ocr_line' id='line_1_15' title="bbox 325 1623 1805 1717; baseline 0.002 -27"><span class='ocrx_word' id='word_1_158' title='bbox 325 1623 559 1692; x_wconf 88' lang='lat' dir='ltr'>Ecclesiastiea.</span> <span class='ocrx_word' id='word_1_159' title='bbox 596 1677 602 1691; x_wconf 94' lang='lat'><strong>.</strong></span> <span class='ocrx_word' id='word_1_160' title='bbox 618 1628 709 1710; x_wconf 84' lang='lat' dir='ltr'>Quod</span> <span class='ocrx_word' id='word_1_161' title='bbox 723 1631 918 1717; x_wconf 65' lang='lat' dir='ltr'>consternatio</span> <span class='ocrx_word' id='word_1_162' title='bbox 930 1629 1061 1713; x_wconf 91' lang='lat' dir='ltr'>politica</span> <span class='ocrx_word' id='word_1_163' title='bbox 1077 1630 1208 1695; x_wconf 89' lang='lat' dir='ltr'>adscisci</span> <span class='ocrx_word' id='word_1_164' title='bbox 1220 1631 1321 1714; x_wconf 89' lang='lat' dir='ltr'>possit</span> <span class='ocrx_word' id='word_1_165' title='bbox 1334 1631 1374 1694; x_wconf 92' lang='lat' dir='ltr'>ad</span> <span class='ocrx_word' id='word_1_166' title='bbox 1386 1629 1453 1714; x_wconf 88' lang='lat' dir='ltr'>ejus</span> <span class='ocrx_word' id='word_1_167' title='bbox 1466 1627 1671 1693; x_wconf 83' lang='lat' dir='ltr'>autoritatem</span> <span class='ocrx_word' id='word_1_168' title='bbox 1686 1631 1805 1696; x_wconf 78' lang='lat' dir='ltr'>statu-</span> 
     </span>
     <span class='ocr_line' id='line_1_16' title="bbox 326 1714 1804 1804; baseline 0.004 -26"><span class='ocrx_word' id='word_1_169' title='bbox 326 1714 520 1796; x_wconf 90' lang='lat' dir='ltr'>minandam,</span> <span class='ocrx_word' id='word_1_170' title='bbox 544 1715 567 1780; x_wconf 80' lang='lat' dir='ltr'>da</span> <span class='ocrx_word' id='word_1_171' title='bbox 591 1716 629 1781; x_wconf 90' lang='lat' dir='ltr'>ad</span> <span class='ocrx_word' id='word_1_172' title='bbox 642 1718 830 1783; x_wconf 88' lang='lat' dir='ltr'>removenda</span> <span class='ocrx_word' id='word_1_173' title='bbox 846 1717 1074 1802; x_wconf 89' lang='lat' dir='ltr'>impedimenta</span> <span class='ocrx_word' id='word_1_174' title='bbox 1087 1719 1292 1796; x_wconf 84' lang='lat' dir='ltr'>executionis,</span> <span class='ocrx_word' id='word_1_175' title='bbox 1306 1717 1660 1804; x_wconf 54' lang='lat' dir='ltr'>&amp;consequenterdpdr</span> <span class='ocrx_word' id='word_1_176' title='bbox 1673 1717 1804 1801; x_wconf 88' lang='lat' dir='ltr'>politi-</span> 
     </span>
     <span class='ocr_line' id='line_1_17' title="bbox 326 1803 1805 1893; baseline 0.005 -26"><span class='ocrx_word' id='word_1_177' title='bbox 326 1804 401 1867; x_wconf 83' lang='lat' dir='ltr'>aari.</span> <span class='ocrx_word' id='word_1_178' title='bbox 422 1803 452 1868; x_wconf 85' lang='lat'>4.</span> <span class='ocrx_word' id='word_1_179' title='bbox 471 1805 562 1888; x_wconf 70' lang='lat' dir='ltr'>(lraod</span> <span class='ocrx_word' id='word_1_180' title='bbox 574 1805 713 1871; x_wconf 88' lang='lat' dir='ltr'>vicissim</span> <span class='ocrx_word' id='word_1_181' title='bbox 725 1805 843 1892; x_wconf 82' lang='lat' dir='ltr'>Legem</span> <span class='ocrx_word' id='word_1_182' title='bbox 856 1807 996 1893; x_wconf 88' lang='lat' dir='ltr'>aliquam</span> <span class='ocrx_word' id='word_1_183' title='bbox 1012 1807 1137 1872; x_wconf 85' lang='lat' dir='ltr'>civilem</span> <span class='ocrx_word' id='word_1_184' title='bbox 1150 1808 1396 1892; x_wconf 88' lang='lat' dir='ltr'>adaptationem,</span> <span class='ocrx_word' id='word_1_185' title='bbox 1411 1810 1433 1874; x_wconf 78' lang='grc'><strong>8</strong></span> <span class='ocrx_word' id='word_1_186' title='bbox 1442 1805 1554 1892; x_wconf 80' lang='lat' dir='ltr'>judicii</span> <span class='ocrx_word' id='word_1_187' title='bbox 1566 1828 1602 1870; x_wconf 90' lang='lat' dir='ltr'>ac</span> <span class='ocrx_word' id='word_1_188' title='bbox 1614 1805 1805 1874; x_wconf 88' lang='lat' dir='ltr'>Potestatis</span> 
     </span>
     <span class='ocr_line' id='line_1_18' title="bbox 326 1891 1804 1989; baseline 0.004 -33"><span class='ocrx_word' id='word_1_189' title='bbox 326 1891 568 1964; x_wconf 85' lang='lat' dir='ltr'>Ecclesiasticae</span> <span class='ocrx_word' id='word_1_190' title='bbox 584 1895 830 1979; x_wconf 88' lang='lat' dir='ltr'>applicationem</span> <span class='ocrx_word' id='word_1_191' title='bbox 842 1893 1034 1962; x_wconf 76' lang='lat' dir='ltr'>Canonizare</span> <span class='ocrx_word' id='word_1_192' title='bbox 1048 1902 1096 1976; x_wconf 85' lang='lat' dir='ltr'>(ut</span> <span class='ocrx_word' id='word_1_193' title='bbox 1108 1897 1282 1984; x_wconf 90' lang='lat' dir='ltr'>loquuntur</span> <span class='ocrx_word' id='word_1_194' title='bbox 1294 1897 1328 1961; x_wconf 93' lang='lat' dir='ltr'>in</span> <span class='ocrx_word' id='word_1_195' title='bbox 1340 1897 1489 1989; x_wconf 81' lang='lat' dir='ltr'>Papatu),</span> <span class='ocrx_word' id='word_1_196' title='bbox 1502 1895 1562 1960; x_wconf 93' lang='lat' dir='ltr'>hoc</span> <span class='ocrx_word' id='word_1_197' title='bbox 1574 1899 1633 1974; x_wconf 86' lang='lat' dir='ltr'>est,</span> <span class='ocrx_word' id='word_1_198' title='bbox 1649 1893 1804 1962; x_wconf 82' lang='lat' dir='ltr'>Canoni-</span> 
     </span>
     <span class='ocr_line' id='line_1_19' title="bbox 326 1982 634 2067; baseline 0.01 -21"><span class='ocrx_word' id='word_1_199' title='bbox 326 2002 396 2046; x_wconf 90' lang='lat' dir='ltr'>cam</span> <span class='ocrx_word' id='word_1_200' title='bbox 408 1982 512 2047; x_wconf 84' lang='lat' dir='ltr'>facere</span> <span class='ocrx_word' id='word_1_201' title='bbox 524 1983 634 2067; x_wconf 90' lang='lat' dir='ltr'>possit.</span> 
     </span>
    </p>

    <p class='ocr_par' dir='ltr' id='par_1_3' title="bbox 322 2070 1806 4390">
     <span class='ocr_line' id='line_1_20' title="bbox 370 2070 1805 2165; baseline 0.007 -33"><span class='ocrx_word' id='word_1_202' title='bbox 370 2070 397 2154; x_wconf 61' lang='lat' dir='ltr'>g.</span> <span class='ocrx_word' id='word_1_203' title='bbox 423 2070 454 2134; x_wconf 87' lang='grc'>4.</span> <span class='ocrx_word' id='word_1_204' title='bbox 478 2071 620 2137; x_wconf 75' lang='lat' dir='ltr'>(latrones</span> <span class='ocrx_word' id='word_1_205' title='bbox 643 2072 858 2139; x_wconf 87' lang='lat' dir='ltr'>Ecclesiastici</span> <span class='ocrx_word' id='word_1_206' title='bbox 880 2074 967 2139; x_wconf 77' lang='lat' dir='ltr'>varie</span> <span class='ocrx_word' id='word_1_207' title='bbox 979 2074 1172 2140; x_wconf 89' lang='lat' dir='ltr'>dividuntur.</span> <span class='ocrx_word' id='word_1_208' title='bbox 1185 2114 1225 2124; x_wconf 78' lang='lat'>-</span> <span class='ocrx_word' id='word_1_209' title='bbox 1240 2075 1266 2141; x_wconf 95' lang='lat' dir='ltr'>l.</span> <span class='ocrx_word' id='word_1_210' title='bbox 1280 2075 1331 2140; x_wconf 88' lang='lat' dir='ltr'>Ex</span> <span class='ocrx_word' id='word_1_211' title='bbox 1342 2077 1487 2165; x_wconf 76' lang='lat' dir='ltr'>efficiente</span> <span class='ocrx_word' id='word_1_212' title='bbox 1498 2077 1521 2140; x_wconf 78' lang='lat' dir='ltr'>dn</span> <span class='ocrx_word' id='word_1_213' title='bbox 1532 2073 1642 2158; x_wconf 76' lang='lat' dir='ltr'>objecto</span> <span class='ocrx_word' id='word_1_214' title='bbox 1657 2076 1724 2154; x_wconf 84' lang='lat' dir='ltr'>cui,</span> <span class='ocrx_word' id='word_1_215' title='bbox 1741 2077 1805 2142; x_wconf 89' lang='lat' dir='ltr'>alii</span> 
     </span>
     <span class='ocr_line' id='line_1_21' title="bbox 326 2157 1805 2251; baseline 0.006 -29"><span class='ocrx_word' id='word_1_216' title='bbox 326 2157 474 2224; x_wconf 91' lang='lat' dir='ltr'>dicuntur</span> <span class='ocrx_word' id='word_1_217' title='bbox 496 2159 657 2226; x_wconf 85' lang='lat' dir='ltr'>Ecclesiae</span> <span class='ocrx_word' id='word_1_218' title='bbox 681 2163 858 2242; x_wconf 85' lang='lat' dir='ltr'>universae,</span> <span class='ocrx_word' id='word_1_219' title='bbox 880 2165 929 2227; x_wconf 89' lang='lat' dir='ltr'>uti</span> <span class='ocrx_word' id='word_1_220' title='bbox 952 2164 1143 2251; x_wconf 86' lang='lat' dir='ltr'>loquuntur;</span> <span class='ocrx_word' id='word_1_221' title='bbox 1168 2165 1223 2230; x_wconf 90' lang='lat' dir='ltr'>alii</span> <span class='ocrx_word' id='word_1_222' title='bbox 1240 2164 1402 2230; x_wconf 83' lang='lat' dir='ltr'>Ecclesiae</span> <span class='ocrx_word' id='word_1_223' title='bbox 1417 2164 1629 2249; x_wconf 88' lang='lat' dir='ltr'>particularis.</span> <span class='ocrx_word' id='word_1_224' title='bbox 1646 2163 1704 2229; x_wconf 77' lang='lat' dir='ltr'>lai</span> <span class='ocrx_word' id='word_1_225' title='bbox 1717 2171 1805 2231; x_wconf 73' lang='lat' dir='ltr'>sumt</span> 
     </span>
     <span class='ocr_line' id='line_1_22' title="bbox 326 2247 1802 2339; baseline 0.006 -28"><span class='ocrx_word' id='word_1_226' title='bbox 326 2247 490 2314; x_wconf 89' lang='lat' dir='ltr'>constituti</span> <span class='ocrx_word' id='word_1_227' title='bbox 503 2255 559 2315; x_wconf 90' lang='lat' dir='ltr'>aut</span> <span class='ocrx_word' id='word_1_228' title='bbox 569 2251 683 2316; x_wconf 91' lang='lat' dir='ltr'>saltem</span> <span class='ocrx_word' id='word_1_229' title='bbox 695 2251 862 2336; x_wconf 87' lang='lat' dir='ltr'>approbati</span> <span class='ocrx_word' id='word_1_230' title='bbox 874 2252 907 2316; x_wconf 91' lang='lat' dir='ltr'>in</span> <span class='ocrx_word' id='word_1_231' title='bbox 920 2252 1068 2318; x_wconf 80' lang='lat' dir='ltr'>Consiliis</span> <span class='ocrx_word' id='word_1_232' title='bbox 1081 2252 1308 2334; x_wconf 90' lang='lat' dir='ltr'>Oecumenicis,</span> <span class='ocrx_word' id='word_1_233' title='bbox 1321 2254 1361 2318; x_wconf 90' lang='lat' dir='ltr'>ad</span> <span class='ocrx_word' id='word_1_234' title='bbox 1372 2255 1515 2339; x_wconf 83' lang='lat' dir='ltr'>regimen</span> <span class='ocrx_word' id='word_1_235' title='bbox 1531 2253 1676 2318; x_wconf 89' lang='lat' dir='ltr'>omnium</span> <span class='ocrx_word' id='word_1_236' title='bbox 1689 2253 1726 2318; x_wconf 93' lang='lat' dir='ltr'>in</span> <span class='ocrx_word' id='word_1_237' title='bbox 1741 2277 1802 2320; x_wconf 91' lang='lat' dir='ltr'>or-</span> 
     </span>
     <span class='ocr_line' id='line_1_23' title="bbox 325 2335 1806 2430; baseline 0.007 -30"><span class='ocrx_word' id='word_1_238' title='bbox 325 2335 365 2400; x_wconf 91' lang='lat' dir='ltr'>be</span> <span class='ocrx_word' id='word_1_239' title='bbox 378 2335 533 2414; x_wconf 86' lang='lat' dir='ltr'>(Romano</span> <span class='ocrx_word' id='word_1_240' title='bbox 545 2339 627 2424; x_wconf 88' lang='lat' dir='ltr'>scil.)</span> <span class='ocrx_word' id='word_1_241' title='bbox 640 2339 870 2406; x_wconf 82' lang='lat' dir='ltr'>Ecclesiarum:</span> <span class='ocrx_word' id='word_1_242' title='bbox 888 2342 982 2407; x_wconf 81' lang='lat' dir='ltr'>&amp;hos</span> <span class='ocrx_word' id='word_1_243' title='bbox 995 2341 1124 2407; x_wconf 83' lang='lat' dir='ltr'>exhibet</span> <span class='ocrx_word' id='word_1_244' title='bbox 1139 2344 1239 2408; x_wconf 80' lang='lat' dir='ltr'>Codes</span> <span class='ocrx_word' id='word_1_245' title='bbox 1256 2345 1421 2409; x_wconf 76' lang='lat' dir='ltr'>Canariam</span> <span class='ocrx_word' id='word_1_246' title='bbox 1435 2345 1525 2430; x_wconf 83' lang='lat' dir='ltr'>[pag.</span> <span class='ocrx_word' id='word_1_247' title='bbox 1544 2343 1623 2428; x_wconf 82' lang='lat'>257]</span> <span class='ocrx_word' id='word_1_248' title='bbox 1638 2342 1806 2410; x_wconf 78' lang='lat' dir='ltr'>Ecclesiae</span> 
     </span>
     <span class='ocr_line' id='line_1_24' title="bbox 325 2427 1804 2516; baseline 0.007 -27"><span class='ocrx_word' id='word_1_249' title='bbox 325 2427 628 2512; x_wconf 53' lang='lat' dir='ltr'>universumpecus</span> <span class='ocrx_word' id='word_1_250' title='bbox 642 2432 660 2493; x_wconf 81' lang='lat' dir='ltr'>a</span> <span class='ocrx_word' id='word_1_251' title='bbox 677 2431 754 2495; x_wconf 83' lang='lat' dir='ltr'>Titia</span> <span class='ocrx_word' id='word_1_252' title='bbox 767 2431 917 2516; x_wconf 79' lang='lat' dir='ltr'>Episcopo</span> <span class='ocrx_word' id='word_1_253' title='bbox 931 2433 1080 2497; x_wconf 83' lang='lat' dir='ltr'>Meldcasi</span> <span class='ocrx_word' id='word_1_254' title='bbox 1091 2431 1124 2494; x_wconf 93' lang='lat' dir='ltr'>in</span> <span class='ocrx_word' id='word_1_255' title='bbox 1137 2431 1251 2510; x_wconf 80' lang='lat' dir='ltr'>Gallia,</span> <span class='ocrx_word' id='word_1_256' title='bbox 1264 2435 1287 2498; x_wconf 82' lang='lat' dir='ltr'>da</span> <span class='ocrx_word' id='word_1_257' title='bbox 1300 2437 1411 2516; x_wconf 89' lang='lat' dir='ltr'>postea</span> <span class='ocrx_word' id='word_1_258' title='bbox 1424 2436 1443 2496; x_wconf 79' lang='lat' dir='ltr'>a</span> <span class='ocrx_word' id='word_1_259' title='bbox 1454 2433 1579 2497; x_wconf 75' lang='lat' dir='ltr'>lucullo</span> <span class='ocrx_word' id='word_1_260' title='bbox 1612 2452 1637 2495; x_wconf 86' lang='lat' dir='ltr'>r.</span> <span class='ocrx_word' id='word_1_261' title='bbox 1652 2433 1709 2496; x_wconf 81' lang='lat' dir='ltr'>iac.</span> <span class='ocrx_word' id='word_1_262' title='bbox 1719 2455 1804 2499; x_wconf 84' lang='lat' dir='ltr'>cum</span> 
     </span>
     <span class='ocr_line' id='line_1_25' title="bbox 324 2453 1804 2619; baseline 0.006 -40"><span class='ocrx_word' id='word_1_263' title='bbox 324 2515 407 2580; x_wconf 81' lang='lat' dir='ltr'>actis</span> <span class='ocrx_word' id='word_1_264' title='bbox 421 2517 530 2619; x_wconf 64' lang='lat' dir='ltr'>edilia.</span> <span class='ocrx_word' id='word_1_265' title='bbox 544 2516 616 2582; x_wconf 89' lang='lat' dir='ltr'>Huc</span> <span class='ocrx_word' id='word_1_266' title='bbox 628 2518 706 2583; x_wconf 85' lang='lat' dir='ltr'>facit</span> <span class='ocrx_word' id='word_1_267' title='bbox 718 2518 824 2585; x_wconf 79' lang='lat' dir='ltr'>Plautii</span> <span class='ocrx_word' id='word_1_268' title='bbox 837 2521 1037 2586; x_wconf 84' lang='lat' dir='ltr'>Nomacaaca</span> <span class='ocrx_word' id='word_1_269' title='bbox 1048 2541 1119 2586; x_wconf 76' lang='lat' dir='ltr'>ciera</span> <span class='ocrx_word' id='word_1_270' title='bbox 1131 2522 1259 2587; x_wconf 81' lang='lat' dir='ltr'>Scholiis</span> <span class='ocrx_word' id='word_1_271' title='bbox 1273 2522 1475 2588; x_wconf 84' lang='lat' dir='ltr'>Balsamoais</span> <span class='ocrx_word' id='word_1_272' title='bbox 1486 2521 1525 2586; x_wconf 87' lang='lat' dir='ltr'>at</span> <span class='ocrx_word' id='word_1_273' title='bbox 1538 2453 1647 2586; x_wconf 48' lang='lat' dir='ltr'>eogm</span> <span class='ocrx_word' id='word_1_274' title='bbox 1659 2521 1804 2588; x_wconf 76' lang='lat' dir='ltr'>lascello</span> 
     </span>
     <span class='ocr_line' id='line_1_26' title="bbox 325 2604 1803 2695; baseline 0.008 -29"><span class='ocrx_word' id='word_1_275' title='bbox 325 2624 374 2688; x_wconf 82' lang='lat' dir='ltr'>gr.</span> <span class='ocrx_word' id='word_1_276' title='bbox 398 2604 454 2668; x_wconf 88' lang='lat' dir='ltr'>lat.</span> <span class='ocrx_word' id='word_1_277' title='bbox 479 2606 589 2672; x_wconf 69' lang='lat' dir='ltr'>airas.</span> <span class='ocrx_word' id='word_1_278' title='bbox 606 2605 700 2672; x_wconf 82' lang='lat' dir='ltr'>Tales</span> <span class='ocrx_word' id='word_1_279' title='bbox 717 2609 814 2673; x_wconf 91' lang='lat' dir='ltr'>etiam</span> <span class='ocrx_word' id='word_1_280' title='bbox 826 2608 972 2674; x_wconf 87' lang='lat' dir='ltr'>feruntur</span> <span class='ocrx_word' id='word_1_281' title='bbox 986 2611 1125 2675; x_wconf 72' lang='lat' dir='ltr'>Curiones</span> <span class='ocrx_word' id='word_1_282' title='bbox 1136 2611 1213 2675; x_wconf 90' lang='lat' dir='ltr'>dicti</span> <span class='ocrx_word' id='word_1_283' title='bbox 1225 2613 1463 2695; x_wconf 62' lang='lat' dir='ltr'>Apostolorum</span> <span class='ocrx_word' id='word_1_284' title='bbox 1475 2611 1513 2674; x_wconf 92' lang='lat' dir='ltr'>de</span> <span class='ocrx_word' id='word_1_285' title='bbox 1525 2610 1642 2694; x_wconf 90' lang='lat' dir='ltr'>quibus</span> <span class='ocrx_word' id='word_1_286' title='bbox 1653 2609 1749 2674; x_wconf 87' lang='lat' dir='ltr'>infra</span> <span class='ocrx_word' id='word_1_287' title='bbox 1764 2613 1803 2678; x_wconf 81' lang='lat' dir='ltr'>ia</span> 
     </span>
     <span class='ocr_line' id='line_1_27' title="bbox 326 2692 1802 2784; baseline 0.005 -26"><span class='ocrx_word' id='word_1_288' title='bbox 326 2692 542 2760; x_wconf 67' lang='lat' dir='ltr'>Problemata.</span> <span class='ocrx_word' id='word_1_289' title='bbox 555 2694 632 2760; x_wconf 88' lang='lat' dir='ltr'>Post</span> <span class='ocrx_word' id='word_1_290' title='bbox 641 2695 791 2761; x_wconf 86' lang='lat' dir='ltr'>Photium</span> <span class='ocrx_word' id='word_1_291' title='bbox 803 2699 825 2764; x_wconf 82' lang='lat' dir='ltr'>a</span> <span class='ocrx_word' id='word_1_292' title='bbox 837 2695 982 2762; x_wconf 87' lang='lat' dir='ltr'>Schisma</span> <span class='ocrx_word' id='word_1_293' title='bbox 993 2699 1076 2763; x_wconf 89' lang='lat' dir='ltr'>inter</span> <span class='ocrx_word' id='word_1_294' title='bbox 1089 2698 1265 2765; x_wconf 89' lang='lat' dir='ltr'>Orientales</span> <span class='ocrx_word' id='word_1_295' title='bbox 1278 2705 1372 2782; x_wconf 85' lang='lat' dir='ltr'>atque</span> <span class='ocrx_word' id='word_1_296' title='bbox 1382 2698 1610 2776; x_wconf 88' lang='lat' dir='ltr'>Occidentales,</span> <span class='ocrx_word' id='word_1_297' title='bbox 1620 2697 1677 2784; x_wconf 91' lang='lat' dir='ltr'>qui</span> <span class='ocrx_word' id='word_1_298' title='bbox 1686 2699 1802 2765; x_wconf 88' lang='lat' dir='ltr'>dicto-</span> 
     </span>
     <span class='ocr_line' id='line_1_28' title="bbox 325 2781 1803 2873; baseline 0.007 -29"><span class='ocrx_word' id='word_1_299' title='bbox 325 2803 396 2845; x_wconf 90' lang='lat' dir='ltr'>rum</span> <span class='ocrx_word' id='word_1_300' title='bbox 416 2781 619 2848; x_wconf 82' lang='lat' dir='ltr'>Generalium</span> <span class='ocrx_word' id='word_1_301' title='bbox 639 2783 850 2850; x_wconf 80' lang='lat' dir='ltr'>Consiliorum</span> <span class='ocrx_word' id='word_1_302' title='bbox 871 2785 1013 2852; x_wconf 82' lang='lat' dir='ltr'>Cauones</span> <span class='ocrx_word' id='word_1_303' title='bbox 1030 2788 1063 2852; x_wconf 90' lang='lat' dir='ltr'>in</span> <span class='ocrx_word' id='word_1_304' title='bbox 1081 2787 1189 2853; x_wconf 88' lang='lat' dir='ltr'>Tomis</span> <span class='ocrx_word' id='word_1_305' title='bbox 1201 2789 1405 2854; x_wconf 90' lang='lat' dir='ltr'>conciliorum</span> <span class='ocrx_word' id='word_1_306' title='bbox 1418 2788 1618 2866; x_wconf 85' lang='lat' dir='ltr'>exhibentur,</span> <span class='ocrx_word' id='word_1_307' title='bbox 1630 2788 1803 2873; x_wconf 89' lang='lat' dir='ltr'>sequioris</span> 
     </span>
     <span class='ocr_line' id='line_1_29' title="bbox 324 2871 1802 2962; baseline 0.004 -24"><span class='ocrx_word' id='word_1_308' title='bbox 324 2871 450 2952; x_wconf 88' lang='lat' dir='ltr'>aetatis,</span> <span class='ocrx_word' id='word_1_309' title='bbox 474 2876 497 2940; x_wconf 81' lang='lat' dir='ltr'>dt</span> <span class='ocrx_word' id='word_1_310' title='bbox 519 2875 647 2952; x_wconf 85' lang='lat' dir='ltr'>valoris,</span> <span class='ocrx_word' id='word_1_311' title='bbox 671 2877 694 2942; x_wconf 82' lang='grc'><strong>8</strong></span> <span class='ocrx_word' id='word_1_312' title='bbox 711 2897 821 2939; x_wconf 80' lang='lat' dir='ltr'>revera</span> <span class='ocrx_word' id='word_1_313' title='bbox 831 2875 1050 2959; x_wconf 82' lang='lat' dir='ltr'>particulares,</span> <span class='ocrx_word' id='word_1_314' title='bbox 1064 2876 1281 2942; x_wconf 88' lang='lat' dir='ltr'>Occidentalcs</span> <span class='ocrx_word' id='word_1_315' title='bbox 1293 2878 1360 2942; x_wconf 86' lang='lat' dir='ltr'>scil.</span> <span class='ocrx_word' id='word_1_316' title='bbox 1378 2900 1434 2942; x_wconf 88' lang='lat' dir='ltr'>seu</span> <span class='ocrx_word' id='word_1_317' title='bbox 1447 2874 1599 2940; x_wconf 85' lang='lat' dir='ltr'>Romani:</span> <span class='ocrx_word' id='word_1_318' title='bbox 1614 2875 1652 2940; x_wconf 89' lang='lat' dir='ltr'>de</span> <span class='ocrx_word' id='word_1_319' title='bbox 1669 2877 1802 2962; x_wconf 89' lang='lat' dir='ltr'>quibus</span> 
     </span>
     <span class='ocr_line' id='line_1_30' title="bbox 324 2963 1802 3052; baseline 0.004 -24"><span class='ocrx_word' id='word_1_320' title='bbox 324 2985 407 3029; x_wconf 86' lang='lat' dir='ltr'>mox.</span> <span class='ocrx_word' id='word_1_321' title='bbox 433 2963 492 3031; x_wconf 83' lang='lat' dir='ltr'>lsi</span> <span class='ocrx_word' id='word_1_322' title='bbox 514 2967 589 3028; x_wconf 88' lang='lat' dir='ltr'>sunt</span> <span class='ocrx_word' id='word_1_323' title='bbox 606 2963 769 3027; x_wconf 85' lang='lat' dir='ltr'>constituti</span> <span class='ocrx_word' id='word_1_324' title='bbox 783 2965 969 3049; x_wconf 79' lang='lat' dir='ltr'>&amp;applicati</span> <span class='ocrx_word' id='word_1_325' title='bbox 986 2967 1026 3030; x_wconf 87' lang='lat' dir='ltr'>ad</span> <span class='ocrx_word' id='word_1_326' title='bbox 1037 2967 1180 3052; x_wconf 85' lang='lat' dir='ltr'>regimen</span> <span class='ocrx_word' id='word_1_327' title='bbox 1192 2967 1352 3032; x_wconf 86' lang='lat' dir='ltr'>Ecclesiae</span> <span class='ocrx_word' id='word_1_328' title='bbox 1365 2966 1576 3052; x_wconf 87' lang='lat' dir='ltr'>particularis.</span> <span class='ocrx_word' id='word_1_329' title='bbox 1590 2965 1634 3030; x_wconf 90' lang='lat' dir='ltr'>Et</span> <span class='ocrx_word' id='word_1_330' title='bbox 1644 2969 1724 3028; x_wconf 87' lang='lat' dir='ltr'>sunt</span> <span class='ocrx_word' id='word_1_331' title='bbox 1743 2970 1802 3033; x_wconf 85' lang='lat' dir='ltr'>vel</span> 
     </span>
     <span class='ocr_line' id='line_1_31' title="bbox 327 3052 1800 3139; baseline 0.003 -20"><span class='ocrx_word' id='word_1_332' title='bbox 327 3054 546 3132; x_wconf 78' lang='lat' dir='ltr'>Oriaitaliam,</span> <span class='ocrx_word' id='word_1_333' title='bbox 559 3075 638 3139; x_wconf 88' lang='lat' dir='ltr'>quos</span> <span class='ocrx_word' id='word_1_334' title='bbox 651 3052 721 3116; x_wconf 89' lang='lat' dir='ltr'>vide</span> <span class='ocrx_word' id='word_1_335' title='bbox 733 3052 767 3115; x_wconf 94' lang='lat' dir='ltr'>in</span> <span class='ocrx_word' id='word_1_336' title='bbox 777 3056 851 3118; x_wconf 77' lang='lat' dir='ltr'>lace</span> <span class='ocrx_word' id='word_1_337' title='bbox 865 3055 1017 3120; x_wconf 77' lang='lat' dir='ltr'>Orientali</span> <span class='ocrx_word' id='word_1_338' title='bbox 1031 3057 1220 3122; x_wconf 82' lang='lat' dir='ltr'>Graecarum</span> <span class='ocrx_word' id='word_1_339' title='bbox 1232 3058 1252 3120; x_wconf 81' lang='lat' dir='ltr'>ei</span> <span class='ocrx_word' id='word_1_340' title='bbox 1264 3056 1449 3122; x_wconf 82' lang='lat' dir='ltr'>Lea-sclavia</span> <span class='ocrx_word' id='word_1_341' title='bbox 1464 3056 1561 3120; x_wconf 79' lang='lat' dir='ltr'>sclito:</span> <span class='ocrx_word' id='word_1_342' title='bbox 1574 3055 1623 3118; x_wconf 88' lang='lat' dir='ltr'>vel</span> <span class='ocrx_word' id='word_1_343' title='bbox 1638 3055 1800 3122; x_wconf 80' lang='lat' dir='ltr'>Meridie-</span> 
     </span>
     <span class='ocr_line' id='line_1_32' title="bbox 324 3141 1800 3229; baseline 0.003 -22"><span class='ocrx_word' id='word_1_344' title='bbox 324 3143 459 3222; x_wconf 84' lang='lat' dir='ltr'>aaliam,</span> <span class='ocrx_word' id='word_1_345' title='bbox 483 3143 631 3207; x_wconf 81' lang='lat' dir='ltr'>Ecclesiae</span> <span class='ocrx_word' id='word_1_346' title='bbox 657 3141 724 3206; x_wconf 90' lang='lat' dir='ltr'>scil.</span> <span class='ocrx_word' id='word_1_347' title='bbox 748 3142 914 3226; x_wconf 73' lang='lat' dir='ltr'>Africanae</span> <span class='ocrx_word' id='word_1_348' title='bbox 921 3167 933 3220; x_wconf 91' lang='lat'><em>;</em></span> <span class='ocrx_word' id='word_1_349' title='bbox 957 3166 1036 3229; x_wconf 88' lang='lat' dir='ltr'>quos</span> <span class='ocrx_word' id='word_1_350' title='bbox 1057 3167 1106 3229; x_wconf 83' lang='lat' dir='ltr'>pr.</span> <span class='ocrx_word' id='word_1_351' title='bbox 1122 3147 1173 3210; x_wconf 80' lang='lat' dir='ltr'>lat.</span> <span class='ocrx_word' id='word_1_352' title='bbox 1196 3145 1282 3210; x_wconf 90' lang='lat' dir='ltr'>dedit</span> <span class='ocrx_word' id='word_1_353' title='bbox 1292 3146 1440 3209; x_wconf 88' lang='lat' dir='ltr'>laudatus</span> <span class='ocrx_word' id='word_1_354' title='bbox 1453 3144 1546 3208; x_wconf 92' lang='lat' dir='ltr'>modo</span> <span class='ocrx_word' id='word_1_355' title='bbox 1557 3145 1725 3209; x_wconf 69' lang='lat' dir='ltr'>dastellas:</span> <span class='ocrx_word' id='word_1_356' title='bbox 1742 3147 1800 3212; x_wconf 86' lang='lat' dir='ltr'>vel</span> 
     </span>
     <span class='ocr_line' id='line_1_33' title="bbox 327 3229 1800 3322; baseline 0.001 -25"><span class='ocrx_word' id='word_1_357' title='bbox 327 3232 580 3308; x_wconf 81' lang='lat' dir='ltr'>Occidentaiiam,</span> <span class='ocrx_word' id='word_1_358' title='bbox 603 3230 763 3295; x_wconf 89' lang='lat' dir='ltr'>Ecclesiae</span> <span class='ocrx_word' id='word_1_359' title='bbox 788 3229 1198 3322; x_wconf 67' lang='lat' dir='ltr'>Gallicanaeflispanicae,</span> <span class='ocrx_word' id='word_1_360' title='bbox 1212 3234 1419 3320; x_wconf 75' lang='lat' dir='ltr'>Anglicanaa</span> <span class='ocrx_word' id='word_1_361' title='bbox 1433 3255 1568 3320; x_wconf 87' lang='lat' dir='ltr'>quarum</span> <span class='ocrx_word' id='word_1_362' title='bbox 1581 3231 1726 3297; x_wconf 78' lang='lat' dir='ltr'>Consilia</span> <span class='ocrx_word' id='word_1_363' title='bbox 1741 3257 1800 3299; x_wconf 88' lang='lat' dir='ltr'>se·</span> 
     </span>
     <span class='ocr_line' id='line_1_34' title="bbox 323 3318 1799 3406; baseline 0.002 -20"><span class='ocrx_word' id='word_1_364' title='bbox 323 3319 421 3386; x_wconf 87' lang='lat' dir='ltr'>oraim</span> <span class='ocrx_word' id='word_1_365' title='bbox 433 3320 528 3398; x_wconf 84' lang='lat' dir='ltr'>edita,</span> <span class='ocrx_word' id='word_1_366' title='bbox 540 3320 573 3383; x_wconf 89' lang='lat' dir='ltr'>in</span> <span class='ocrx_word' id='word_1_367' title='bbox 586 3318 701 3404; x_wconf 87' lang='lat' dir='ltr'>quibus</span> <span class='ocrx_word' id='word_1_368' title='bbox 713 3319 849 3384; x_wconf 89' lang='lat' dir='ltr'>Decreta</span> <span class='ocrx_word' id='word_1_369' title='bbox 861 3323 883 3386; x_wconf 80' lang='lat' dir='ltr'>da</span> <span class='ocrx_word' id='word_1_370' title='bbox 896 3320 1037 3386; x_wconf 86' lang='lat' dir='ltr'>Canoues</span> <span class='ocrx_word' id='word_1_371' title='bbox 1050 3345 1159 3387; x_wconf 88' lang='lat' dir='ltr'>aarum</span> <span class='ocrx_word' id='word_1_372' title='bbox 1172 3323 1373 3390; x_wconf 81' lang='lat' dir='ltr'>exhibentur.</span> <span class='ocrx_word' id='word_1_373' title='bbox 1386 3323 1466 3388; x_wconf 79' lang='lat' dir='ltr'>(lum</span> <span class='ocrx_word' id='word_1_374' title='bbox 1475 3323 1590 3406; x_wconf 91' lang='lat' dir='ltr'>quibus</span> <span class='ocrx_word' id='word_1_375' title='bbox 1602 3320 1799 3389; x_wconf 84' lang='lat' dir='ltr'>conferendi</span> 
     </span>
     <span class='ocr_line' id='line_1_35' title="bbox 329 3407 1797 3496; baseline 0.001 -20"><span class='ocrx_word' id='word_1_376' title='bbox 329 3410 417 3476; x_wconf 84' lang='lat' dir='ltr'>Tomi</span> <span class='ocrx_word' id='word_1_377' title='bbox 431 3407 736 3486; x_wconf 59' lang='lat' dir='ltr'>conciliassent.</span> <span class='ocrx_word' id='word_1_378' title='bbox 750 3409 846 3488; x_wconf 88' lang='lat' dir='ltr'>Sarii,</span> <span class='ocrx_word' id='word_1_379' title='bbox 860 3411 1023 3490; x_wconf 80' lang='lat' dir='ltr'>Niciraiiai,</span> <span class='ocrx_word' id='word_1_380' title='bbox 1037 3411 1160 3490; x_wconf 84' lang='lat' dir='ltr'>Crabte,</span> <span class='ocrx_word' id='word_1_381' title='bbox 1175 3411 1662 3496; x_wconf 79' lang='lat' dir='ltr'>Biaii;ltEpilcaccseaScauma</span> <span class='ocrx_word' id='word_1_382' title='bbox 1674 3409 1797 3492; x_wconf 72' lang='lat' dir='ltr'>Conci-</span> 
     </span>
     <span class='ocr_line' id='line_1_36' title="bbox 325 3497 1797 3586; baseline 0.002 -22"><span class='ocrx_word' id='word_1_383' title='bbox 325 3500 441 3564; x_wconf 79' lang='lat' dir='ltr'>liocura</span> <span class='ocrx_word' id='word_1_384' title='bbox 466 3497 606 3564; x_wconf 70' lang='lat' dir='ltr'>Bacchei.</span> <span class='ocrx_word' id='word_1_385' title='bbox 632 3499 809 3562; x_wconf 69' lang='lat' dir='ltr'>Curarem:</span> <span class='ocrx_word' id='word_1_386' title='bbox 833 3498 887 3562; x_wconf 91' lang='lat' dir='ltr'>ubi</span> <span class='ocrx_word' id='word_1_387' title='bbox 908 3499 1058 3586; x_wconf 87' lang='lat' dir='ltr'>pleraque</span> <span class='ocrx_word' id='word_1_388' title='bbox 1075 3502 1282 3584; x_wconf 84' lang='lat' dir='ltr'>provincialia</span> <span class='ocrx_word' id='word_1_389' title='bbox 1293 3505 1486 3584; x_wconf 87' lang='lat' dir='ltr'>comparent.</span> <span class='ocrx_word' id='word_1_390' title='bbox 1504 3501 1604 3565; x_wconf 74' lang='lat' dir='ltr'>Codes</span> <span class='ocrx_word' id='word_1_391' title='bbox 1617 3501 1797 3568; x_wconf 15' lang='lat' dir='ltr'>&amp;catarrum</span> 
     </span>
     <span class='ocr_line' id='line_1_37' title="bbox 323 3585 1796 3675; baseline 0.003 -22"><span class='ocrx_word' id='word_1_392' title='bbox 323 3587 473 3653; x_wconf 82' lang='lat' dir='ltr'>Ecclesiae</span> <span class='ocrx_word' id='word_1_393' title='bbox 500 3587 660 3653; x_wconf 78' lang='lat' dir='ltr'>Baccanae</span> <span class='ocrx_word' id='word_1_394' title='bbox 682 3585 701 3648; x_wconf 84' lang='lat' dir='ltr'>ct</span> <span class='ocrx_word' id='word_1_395' title='bbox 722 3588 995 3654; x_wconf 80' lang='lat' dir='ltr'>Wcadeistiaosea</span> <span class='ocrx_word' id='word_1_396' title='bbox 1011 3588 1135 3656; x_wconf 75' lang='lat' dir='ltr'>Gaea-reo</span> <span class='ocrx_word' id='word_1_397' title='bbox 1146 3612 1176 3655; x_wconf 90' lang='lat' dir='ltr'>a.</span> <span class='ocrx_word' id='word_1_398' title='bbox 1192 3592 1286 3660; x_wconf 80' lang='lat'>1528.</span> <span class='ocrx_word' id='word_1_399' title='bbox 1300 3592 1411 3668; x_wconf 75' lang='lat' dir='ltr'>editus,</span> <span class='ocrx_word' id='word_1_400' title='bbox 1424 3590 1447 3654; x_wconf 79' lang='grc'><strong>8</strong></span> <span class='ocrx_word' id='word_1_401' title='bbox 1459 3593 1533 3654; x_wconf 91' lang='lat' dir='ltr'>ante</span> <span class='ocrx_word' id='word_1_402' title='bbox 1546 3611 1645 3652; x_wconf 87' lang='lat' dir='ltr'>annos</span> <span class='ocrx_word' id='word_1_403' title='bbox 1658 3587 1796 3675; x_wconf 89' lang='lat' dir='ltr'>aliquos</span> 
     </span>
     <span class='ocr_line' id='line_1_38' title="bbox 322 3662 1794 3762; baseline 0.003 -22"><span class='ocrx_word' id='word_1_404' title='bbox 322 3675 454 3741; x_wconf 89' lang='lat' dir='ltr'>Parisiis</span> <span class='ocrx_word' id='word_1_405' title='bbox 473 3662 612 3752; x_wconf 75' lang='lat' dir='ltr'>rescisus,</span> <span class='ocrx_word' id='word_1_406' title='bbox 624 3674 826 3759; x_wconf 84' lang='lat' dir='ltr'>peculiariter</span> <span class='ocrx_word' id='word_1_407' title='bbox 837 3676 889 3741; x_wconf 91' lang='lat' dir='ltr'>hic</span> <span class='ocrx_word' id='word_1_408' title='bbox 900 3678 1153 3743; x_wconf 88' lang='lat' dir='ltr'>considerandus.</span> <span class='ocrx_word' id='word_1_409' title='bbox 1168 3719 1202 3726; x_wconf 98' lang='lat'><em>-</em></span> <span class='ocrx_word' id='word_1_410' title='bbox 1222 3679 1264 3749; x_wconf 92' lang='lat' dir='ltr'>Il.</span> <span class='ocrx_word' id='word_1_411' title='bbox 1278 3684 1327 3749; x_wconf 81' lang='lat' dir='ltr'>Ex</span> <span class='ocrx_word' id='word_1_412' title='bbox 1339 3679 1514 3745; x_wconf 73' lang='lat' dir='ltr'>discredere</span> <span class='ocrx_word' id='word_1_413' title='bbox 1526 3679 1683 3762; x_wconf 69' lang='lat' dir='ltr'>ascripseris,</span> <span class='ocrx_word' id='word_1_414' title='bbox 1699 3679 1794 3745; x_wconf 88' lang='lat' dir='ltr'>divi-</span> 
     </span>
     <span class='ocr_line' id='line_1_39' title="bbox 322 3761 1794 3853; baseline 0.001 -24"><span class='ocrx_word' id='word_1_415' title='bbox 322 3765 441 3829; x_wconf 89' lang='lat' dir='ltr'>duntur</span> <span class='ocrx_word' id='word_1_416' title='bbox 455 3765 487 3828; x_wconf 92' lang='lat' dir='ltr'>in</span> <span class='ocrx_word' id='word_1_417' title='bbox 501 3764 669 3849; x_wconf 83' lang='lat' dir='ltr'>Antiquos,</span> <span class='ocrx_word' id='word_1_418' title='bbox 683 3761 806 3828; x_wconf 89' lang='lat' dir='ltr'>Mediae</span> <span class='ocrx_word' id='word_1_419' title='bbox 820 3766 944 3844; x_wconf 87' lang='lat' dir='ltr'>aetatis,</span> <span class='ocrx_word' id='word_1_420' title='bbox 957 3767 980 3831; x_wconf 87' lang='grc'><strong>8</strong></span> <span class='ocrx_word' id='word_1_421' title='bbox 992 3765 1109 3832; x_wconf 86' lang='lat' dir='ltr'>Novas.</span> <span class='ocrx_word' id='word_1_422' title='bbox 1123 3767 1171 3833; x_wconf 93' lang='lat' dir='ltr'>De</span> <span class='ocrx_word' id='word_1_423' title='bbox 1183 3769 1248 3839; x_wconf 85' lang='lat' dir='ltr'>illis</span> <span class='ocrx_word' id='word_1_424' title='bbox 1261 3777 1284 3841; x_wconf 71' lang='lat' dir='ltr'>tr</span> <span class='ocrx_word' id='word_1_425' title='bbox 1295 3769 1365 3838; x_wconf 86' lang='lat' dir='ltr'>istis</span> <span class='ocrx_word' id='word_1_426' title='bbox 1374 3770 1442 3853; x_wconf 86' lang='lat' dir='ltr'>jam</span> <span class='ocrx_word' id='word_1_427' title='bbox 1455 3767 1601 3832; x_wconf 83' lang='lat' dir='ltr'>diximus.</span> <span class='ocrx_word' id='word_1_428' title='bbox 1619 3765 1737 3831; x_wconf 81' lang='lat' dir='ltr'>Restat</span> <span class='ocrx_word' id='word_1_429' title='bbox 1751 3771 1794 3834; x_wconf 90' lang='lat' dir='ltr'>de</span> 
     </span>
     <span class='ocr_line' id='line_1_40' title="bbox 322 3850 1793 3941; baseline 0.003 -23"><span class='ocrx_word' id='word_1_430' title='bbox 322 3853 373 3918; x_wconf 92' lang='lat' dir='ltr'>his</span> <span class='ocrx_word' id='word_1_431' title='bbox 397 3853 473 3940; x_wconf 92' lang='lat' dir='ltr'>quid</span> <span class='ocrx_word' id='word_1_432' title='bbox 484 3854 669 3918; x_wconf 91' lang='lat' dir='ltr'>indicemus.</span> <span class='ocrx_word' id='word_1_433' title='bbox 694 3850 776 3917; x_wconf 84' lang='lat' dir='ltr'>Sunt</span> <span class='ocrx_word' id='word_1_434' title='bbox 791 3858 898 3918; x_wconf 89' lang='lat' dir='ltr'>autem</span> <span class='ocrx_word' id='word_1_435' title='bbox 909 3855 958 3918; x_wconf 92' lang='lat' dir='ltr'>illi</span> <span class='ocrx_word' id='word_1_436' title='bbox 971 3856 1021 3920; x_wconf 87' lang='lat' dir='ltr'>vel</span> <span class='ocrx_word' id='word_1_437' title='bbox 1032 3858 1183 3922; x_wconf 88' lang='lat' dir='ltr'>novitatis</span> <span class='ocrx_word' id='word_1_438' title='bbox 1197 3859 1220 3923; x_wconf 81' lang='grc'><strong>8</strong></span> <span class='ocrx_word' id='word_1_439' title='bbox 1232 3863 1330 3939; x_wconf 76' lang='grc' dir='ltr'><strong><em>ἀκμῆς</em></strong></span> <span class='ocrx_word' id='word_1_440' title='bbox 1341 3856 1483 3941; x_wconf 90' lang='lat' dir='ltr'>Papatus</span> <span class='ocrx_word' id='word_1_441' title='bbox 1496 3860 1514 3920; x_wconf 77' lang='lat' dir='ltr'>a</span> <span class='ocrx_word' id='word_1_442' title='bbox 1526 3855 1652 3920; x_wconf 91' lang='lat' dir='ltr'>saeculo</span> <span class='ocrx_word' id='word_1_443' title='bbox 1664 3856 1739 3920; x_wconf 70' lang='lat' dir='ltr'>duos</span> <span class='ocrx_word' id='word_1_444' title='bbox 1759 3881 1793 3922; x_wconf 90' lang='lat' dir='ltr'>e-</span> 
     </span>
     <span class='ocr_line' id='line_1_41' title="bbox 322 3941 1791 4029; baseline 0.004 -23"><span class='ocrx_word' id='word_1_445' title='bbox 322 3942 404 4007; x_wconf 90' lang='lat' dir='ltr'>cimo</span> <span class='ocrx_word' id='word_1_446' title='bbox 415 3943 536 4006; x_wconf 75' lang='lat' dir='ltr'>incluse</span> <span class='ocrx_word' id='word_1_447' title='bbox 550 3963 648 4027; x_wconf 87' lang='lat' dir='ltr'>usque</span> <span class='ocrx_word' id='word_1_448' title='bbox 661 3942 694 4004; x_wconf 89' lang='lat' dir='ltr'>in</span> <span class='ocrx_word' id='word_1_449' title='bbox 706 3941 790 4006; x_wconf 91' lang='lat' dir='ltr'>hunc</span> <span class='ocrx_word' id='word_1_450' title='bbox 803 3943 902 4007; x_wconf 89' lang='lat' dir='ltr'>diem:</span> <span class='ocrx_word' id='word_1_451' title='bbox 918 3943 966 4008; x_wconf 86' lang='lat' dir='ltr'>vel</span> <span class='ocrx_word' id='word_1_452' title='bbox 979 3945 1177 4010; x_wconf 87' lang='lat' dir='ltr'>discessionis</span> <span class='ocrx_word' id='word_1_453' title='bbox 1190 3951 1208 4010; x_wconf 79' lang='lat' dir='ltr'>a</span> <span class='ocrx_word' id='word_1_454' title='bbox 1220 3945 1344 4029; x_wconf 89' lang='lat' dir='ltr'>Papatu</span> <span class='ocrx_word' id='word_1_455' title='bbox 1357 3948 1380 4011; x_wconf 79' lang='grc'><strong>8</strong></span> <span class='ocrx_word' id='word_1_456' title='bbox 1393 3945 1628 4010; x_wconf 87' lang='lat' dir='ltr'>reformationis</span> <span class='ocrx_word' id='word_1_457' title='bbox 1640 3949 1735 4008; x_wconf 83' lang='lat' dir='ltr'>tumr</span> <span class='ocrx_word' id='word_1_458' title='bbox 1759 3970 1791 4012; x_wconf 69' lang='lat' dir='ltr'>in</span> 
     </span>
     <span class='ocr_line' id='line_1_42' title="bbox 323 4030 1791 4120; baseline 0.004 -26"><span class='ocrx_word' id='word_1_459' title='bbox 323 4030 549 4113; x_wconf 76' lang='lat' dir='ltr'>pertendeutiS‚</span> <span class='ocrx_word' id='word_1_460' title='bbox 562 4035 631 4095; x_wconf 88' lang='lat' dir='ltr'>tum</span> <span class='ocrx_word' id='word_1_461' title='bbox 640 4031 864 4114; x_wconf 83' lang='lat' dir='ltr'>portendentis.</span> <span class='ocrx_word' id='word_1_462' title='bbox 874 4032 967 4098; x_wconf 85' lang='lat' dir='ltr'>Illius</span> <span class='ocrx_word' id='word_1_463' title='bbox 976 4036 1076 4116; x_wconf 89' lang='lat' dir='ltr'>partis</span> <span class='ocrx_word' id='word_1_464' title='bbox 1086 4035 1282 4120; x_wconf 84' lang='lat' dir='ltr'>farraginem</span> <span class='ocrx_word' id='word_1_465' title='bbox 1290 4033 1483 4099; x_wconf 79' lang='lat' dir='ltr'>Canonicam</span> <span class='ocrx_word' id='word_1_466' title='bbox 1492 4033 1639 4115; x_wconf 74' lang='lat' dir='ltr'>distin‘cte</span> <span class='ocrx_word' id='word_1_467' title='bbox 1648 4055 1735 4098; x_wconf 50' lang='lat' dir='ltr'>mox*</span> <span class='ocrx_word' id='word_1_468' title='bbox 1759 4057 1791 4100; x_wconf 86' lang='lat'>1-</span> 
     </span>
     <span class='ocr_line' id='line_1_43' title="bbox 323 4119 1791 4210; baseline 0.007 -29"><span class='ocrx_word' id='word_1_469' title='bbox 323 4119 373 4183; x_wconf 85' lang='lat' dir='ltr'>fra</span> <span class='ocrx_word' id='word_1_470' title='bbox 381 4119 590 4184; x_wconf 88' lang='lat' dir='ltr'>indicabimus</span> <span class='ocrx_word' id='word_1_471' title='bbox 598 4140 663 4203; x_wconf 85' lang='lat' dir='ltr'>cap.</span> <span class='ocrx_word' id='word_1_472' title='bbox 674 4119 711 4184; x_wconf 83' lang='lat' dir='ltr'>de</span> <span class='ocrx_word' id='word_1_473' title='bbox 721 4121 795 4184; x_wconf 77' lang='lat' dir='ltr'>lare</span> <span class='ocrx_word' id='word_1_474' title='bbox 804 4122 966 4186; x_wconf 77' lang='lat' dir='ltr'>Canopico.</span> <span class='ocrx_word' id='word_1_475' title='bbox 975 4124 1063 4188; x_wconf 85' lang='lat' dir='ltr'>Illius</span> <span class='ocrx_word' id='word_1_476' title='bbox 1077 4124 1114 4210; x_wconf 90' lang='lat' dir='ltr'>[l.</span> <span class='ocrx_word' id='word_1_477' title='bbox 1126 4124 1232 4210; x_wconf 75' lang='lat' dir='ltr'>isaias]</span> <span class='ocrx_word' id='word_1_478' title='bbox 1242 4125 1342 4208; x_wconf 89' lang='lat' dir='ltr'>partis</span> <span class='ocrx_word' id='word_1_479' title='bbox 1352 4121 1737 4191; x_wconf 59' lang='lat' dir='ltr'>&amp;novacaesariensis</span> <span class='ocrx_word' id='word_1_480' title='bbox 1759 4147 1791 4191; x_wconf 82' lang='lat' dir='ltr'>cs</span> 
     </span>
     <span class='ocr_line' id='line_1_44' title="bbox 324 4208 1790 4296; baseline 0.005 -26"><span class='ocrx_word' id='word_1_481' title='bbox 324 4211 407 4286; x_wconf 90' lang='lat' dir='ltr'>sunt,</span> <span class='ocrx_word' id='word_1_482' title='bbox 424 4229 505 4292; x_wconf 90' lang='lat' dir='ltr'>quae</span> <span class='ocrx_word' id='word_1_483' title='bbox 524 4208 604 4272; x_wconf 91' lang='lat' dir='ltr'>mibi</span> <span class='ocrx_word' id='word_1_484' title='bbox 617 4229 699 4272; x_wconf 90' lang='lat' dir='ltr'>nunc</span> <span class='ocrx_word' id='word_1_485' title='bbox 711 4212 996 4275; x_wconf 87' lang='lat' dir='ltr'>occurruntautad</span> <span class='ocrx_word' id='word_1_486' title='bbox 1011 4233 1141 4276; x_wconf 91' lang='lat' dir='ltr'>manum</span> <span class='ocrx_word' id='word_1_487' title='bbox 1159 4217 1243 4292; x_wconf 87' lang='lat' dir='ltr'>sunt,</span> <span class='ocrx_word' id='word_1_488' title='bbox 1266 4215 1463 4291; x_wconf 82' lang='lat' dir='ltr'>Gcacucascs,</span> <span class='ocrx_word' id='word_1_489' title='bbox 1478 4213 1626 4296; x_wconf 79' lang='lat' dir='ltr'>Belpicae,</span> <span class='ocrx_word' id='word_1_490' title='bbox 1639 4211 1739 4276; x_wconf 74' lang='lat' dir='ltr'>&amp;oric</span> <span class='ocrx_word' id='word_1_491' title='bbox 1760 4235 1790 4292; x_wconf 87' lang='lat' dir='ltr'>c,</span> 
     </span>
     <span class='ocr_line' id='line_1_45' title="bbox 323 4296 1789 4390; baseline 0.006 -30"><span class='ocrx_word' id='word_1_492' title='bbox 323 4297 468 4380; x_wconf 78' lang='lat' dir='ltr'>Acrpiieac</span> <span class='ocrx_word' id='word_1_493' title='bbox 492 4299 533 4381; x_wconf 89' lang='lat' dir='ltr'>(a.</span> <span class='ocrx_word' id='word_1_494' title='bbox 561 4296 655 4359; x_wconf 80' lang='lat'>1603.</span> <span class='ocrx_word' id='word_1_495' title='bbox 670 4299 692 4362; x_wconf 77' lang='grc'><strong>8</strong></span> <span class='ocrx_word' id='word_1_496' title='bbox 708 4318 834 4362; x_wconf 89' lang='lat' dir='ltr'>rursum</span> <span class='ocrx_word' id='word_1_497' title='bbox 845 4319 875 4362; x_wconf 92' lang='lat' dir='ltr'>a.</span> <span class='ocrx_word' id='word_1_498' title='bbox 891 4298 1012 4382; x_wconf 82' lang='lat'>1640.)‚</span> <span class='ocrx_word' id='word_1_499' title='bbox 1025 4303 1233 4388; x_wconf 79' lang='lat' dir='ltr'>lluaparicae,</span> <span class='ocrx_word' id='word_1_500' title='bbox 1262 4303 1551 4390; x_wconf 81' lang='lat' dir='ltr'>Traassylvauicae,</span> <span class='ocrx_word' id='word_1_501' title='bbox 1564 4301 1743 4366; x_wconf 79' lang='lat' dir='ltr'>Botcmicue</span> <span class='ocrx_word' id='word_1_502' title='bbox 1763 4305 1789 4369; x_wconf 80' lang='lat' dir='ltr'>a</span> 
     </span>
    </p>

    <p class='ocr_par' dir='ltr' id='par_1_4' title="bbox 292 4383 1791 4558">
     <span class='ocr_line' id='line_1_46' title="bbox 323 4383 1791 4476; baseline 0.003 -24"><span class='ocrx_word' id='word_1_503' title='bbox 323 4383 489 4456; x_wconf 85' lang='lat' dir='ltr'>Poieaieac</span> <span class='ocrx_word' id='word_1_504' title='bbox 497 4385 795 4468; x_wconf 75' lang='lat' dir='ltr'>Fratraiaaaiiatis,</span> <span class='ocrx_word' id='word_1_505' title='bbox 808 4407 837 4452; x_wconf 88' lang='lat' dir='ltr'>a.</span> <span class='ocrx_word' id='word_1_506' title='bbox 852 4387 946 4454; x_wconf 85' lang='lat'><strong>1633.</strong></span> <span class='ocrx_word' id='word_1_507' title='bbox 957 4389 1099 4476; x_wconf 83' lang='lat' dir='ltr'>&amp;postea</span> <span class='ocrx_word' id='word_1_508' title='bbox 1110 4413 1139 4458; x_wconf 87' lang='lat' dir='ltr'>a.</span> <span class='ocrx_word' id='word_1_509' title='bbox 1154 4392 1249 4458; x_wconf 82' lang='lat' dir='ltr'>loco.</span> <span class='ocrx_word' id='word_1_510' title='bbox 1263 4413 1337 4464; x_wconf 77' lang='lat' dir='ltr'>cam</span> <span class='ocrx_word' id='word_1_511' title='bbox 1347 4392 1470 4458; x_wconf 81' lang='lat' dir='ltr'>scholiis</span> <span class='ocrx_word' id='word_1_512' title='bbox 1482 4393 1508 4458; x_wconf 80' lang='grc' dir='ltr'>Ι.</span> <span class='ocrx_word' id='word_1_513' title='bbox 1521 4391 1630 4458; x_wconf 80' lang='lat' dir='ltr'>Ainosi</span> <span class='ocrx_word' id='word_1_514' title='bbox 1644 4393 1747 4456; x_wconf 73' lang='lat' dir='ltr'>Comei</span> <span class='ocrx_word' id='word_1_515' title='bbox 1759 4393 1791 4457; x_wconf 74' lang='lat' dir='ltr'>a·</span> 
     </span>
     <span class='ocr_line' id='line_1_47' title="bbox 292 4469 1788 4558; baseline 0.001 -15"><span class='ocrx_word' id='word_1_516' title='bbox 292 4469 301 4491; x_wconf 72' lang='lat'>⁸</span> <span class='ocrx_word' id='word_1_517' title='bbox 1663 4480 1743 4546; x_wconf 83' lang='lat' dir='ltr'>edita</span> <span class='ocrx_word' id='word_1_518' title='bbox 1759 4501 1788 4558; x_wconf 56' lang='grc' dir='ltr'>ἒς</span> 
     </span>
    </p>
   </div>
   <div class='ocr_carea' id='block_1_3' title="bbox 0 0 1860 4850">
    <p class='ocr_par' dir='ltr' id='par_1_5' title="bbox 0 0 1860 4850">
     <span class='ocr_line' id='line_1_48' title="bbox 0 0 1860 4850; baseline 0 3"><span class='ocrx_word' id='word_1_519' title='bbox 0 0 1860 4850; x_wconf 95' lang='lat' dir='ltr'> </span> 
     </span>
    </p>
   </div>
   <div class='ocr_carea' id='block_1_4' title="bbox 992 4699 1095 4788">
    <p class='ocr_par' dir='ltr' id='par_1_6' title="bbox 992 4699 1095 4788">
     <span class='ocr_line' id='line_1_49' title="bbox 992 4699 1095 4788; baseline 0 -38"><span class='ocrx_word' id='word_1_520' title='bbox 992 4765 999 4788; x_wconf 43' lang='grc'>1</span> <span class='ocrx_word' id='word_1_521' title='bbox 1080 4699 1095 4750; x_wconf 74' lang='lat' dir='ltr'>d</span> 
     </span>
    </p>
   </div>
  </div>
 </body>
</html>
