3736 4860
318 288 382 358 144
707 281 1260 356 PonnnnucaasnsncaPras1.
1285 285 1407 354 10011.

314 476 469 562 legitimo,
483 496 556 558 pars
568 473 710 539 familiae
723 473 978 540 Christianorum
989 474 1374 558 faetisnnt,baptizandos
1383 478 1500 540 censet.
1510 473 1618 554 Addit,
1627 474 1652 538 si
1662 495 1770 558 paren·
1852 465 1854 550 1

279 575 283 582 ’
316 571 364 630 tes
376 564 494 648 captivi
506 563 636 642 fuerint,
649 565 671 630 la
683 563 788 642 fidem,
800 565 933 629 tentatis
945 565 1102 641 omnibus,
1113 564 1252 646 recipere
1261 563 1375 639 nolint,
1385 575 1459 629 tnnc
1466 564 1573 630 invitis
1582 564 1657 650 ipsis
1665 565 1769 648 insan-
1853 569 1854 640 i

183 699 185 702 -
318 666 378 718 tcm
391 651 586 737 eripiendum
607 653 885 736 &baptizandum
898 655 975 740 qnia
990 674 1057 718 non
1071 665 1146 718 sant
1161 653 1300 735 amplias
1313 653 1441 737 proprii
1451 653 1550 733 laris,
1564 654 1618 721 scd
1629 653 1694 718 nni
1707 673 1773 717 eura

318 743 441 826 insonte
452 741 568 806 redacti
579 741 615 805 in
625 753 768 808 nostram
778 753 967 826 potestatem.
978 742 1095 807 Ibidem
1109 742 1298 825 perstringit
1310 740 1512 806 calvinianos
1521 741 1708 806 nominatim
1718 742 1776 808 m-
1832 821 1834 828 Ι

318 853 393 896 zam
404 831 445 894 in
457 831 581 912 Quaest.
598 827 731 914 dclicsp.
751 852 805 915 qn.
824 831 896 894 118.
911 834 933 898 la
947 831 999 895 20.
1012 831 1072 894 hoc
1083 833 1266 915 negantem.
1279 827 1341 894 Sed
1354 853 1393 894 ex
1408 827 1574 914 Scriptura
1590 851 1653 894 non
1668 829 1775 913 proba·

319 920 406 984 bitur
430 920 579 1002 perjura
603 919 709 984 civilia
729 920 768 983 de
792 919 951 994 libertate,
975 919 1013 982 de
1038 919 1201 996 servitute,
1226 918 1264 982 de
1288 919 1485 1002 captivitate,
1501 919 1540 984 de
1553 919 1729 1002 adoptione,
1743 917 1776 980 de

319 1008 467 1084 emtione,
481 1007 518 1070 de
531 1007 691 1086 societate,
704 1011 754 1074 lac.
769 1007 884 1091 quibus
897 1030 947 1072 res
960 1007 1177 1092 acquiruntur,
1192 1006 1654 1085 autdominiatransleruntur,
1663 1004 1775 1090 acquiri

319 1101 375 1162 aut
395 1095 502 1160 amitti
514 1095 645 1179 aliquod
653 1097 706 1181 jus
718 1097 750 1160 in
767 1095 999 1180 spiritualibus,
1017 1099 1074 1160 aut
1086 1096 1120 1159 in
1135 1095 1280 1179 itaquae
1296 1095 1459 1180 pertinent
1475 1097 1516 1161 ad
1527 1095 1640 1161 foedus
1653 1095 1775 1180 galiae.

363 1183 450 1250 XIV.
482 1183 605 1263 Quaest.
630 1186 682 1250 An
709 1186 852 1268 Infantes
878 1187 1052 1251 Parentum
1077 1185 1308 1268 baptizatorum
1330 1182 1560 1269 mammatae
1574 1185 1774 1250 Christianis-

318 1296 408 1339 mmn
430 1275 665 1360 profitentium:
689 1287 744 1339 ant
767 1275 861 1338 ctiam
884 1274 1081 1358 Resorrnatac
1103 1275 1248 1358 religioni
1263 1272 1294 1338 11·
1309 1274 1461 1339 Ecclesiae
1472 1273 1661 1358 saamtinm,
1676 1273 1775 1336 saltem

319 1365 347 1427 ci
362 1383 428 1427 nan
451 1363 697 1441 adamantium,
720 1363 773 1428 scd
798 1364 1015 1428 communioni
1037 1363 1185 1429 Ecclesiae
1206 1383 1264 1446 per
1285 1363 1359 1448 fidei
1373 1363 1602 1447 consessionem
1625 1360 1657 1426 d
1673 1359 1776 1428 10000

322 1451 593 1537 participationem
616 1473 683 1516 nan
706 1453 885 1530 insitorum,
898 1452 962 1517 sint
977 1452 1287 1536 baptizandarum.
1312 1449 1482 1516 Peccatum
1493 1451 1675 1516 omissionis
1686 1449 1716 1513 in
1727 1471 1777 1512 ae-

326 1540 433 1625 glectu
456 1539 579 1603 Coenae
606 1540 780 1606 dominicae
796 1563 854 1605 nec
870 1541 1022 1624 approbo,
1039 1563 1097 1604 nec
1109 1544 1257 1604 extenuo.
1283 1537 1313 1604 N
1315 1561 1350 1604 ec
1362 1540 1461 1622 probo
1473 1541 1688 1623 promiscuum
1700 1537 1777 1619 Bap-

325 1630 456 1692 tismum
471 1629 656 1711 quorumvis
678 1629 839 1693 infantum
855 1629 889 1692 in
905 1629 1050 1694 Ecclesia
1062 1629 1243 1693 oblatorum
1256 1629 1323 1692 sine
1339 1627 1407 1691 ulla
1418 1635 1594 1712 praeeunte
1606 1625 1777 1712 cognitione

328 1717 510 1796 Parentum,
527 1717 583 1799 qui
595 1721 617 1783 Ia
634 1717 743 1801 quales
756 1718 838 1782 siut:
851 1718 1040 1800 praesertim
1051 1718 1085 1780 in
1098 1716 1248 1800 emporiis
1261 1741 1269 1792 3
1282 1717 1417 1800 adquae
1432 1715 1453 1780 J
1456 1716 1559 1792 udaei,
1587 1715 1776 1781 Muhamme·

328 1806 429 1870 dietae
453 1804 571 1888 aliique
595 1806 752 1885 infideles,
780 1805 1194 1882 libertino-Euthusiastae,
1223 1804 1497 1889 Epicureo-athei,
1525 1805 1706 1869 infidelibus
1729 1823 1777 1866 seu

190 1908 193 1915 '
326 1893 528 1959 achristianis
552 1894 681 1972 similes,
705 1895 733 1958 si
758 1916 821 1958 noa
833 1895 867 1957 in
882 1895 1025 1960 doctrina
1040 1899 1097 1958 aut
1110 1895 1175 1958 vita
1191 1894 1283 1980 [pag.
1302 1893 1382 1977 661]
1396 1897 1452 1957 aut
1468 1897 1605 1977 utraque
1617 1893 1710 1976 longe
1721 1890 1777 1955 illis

327 1983 510 2048 deteriores.
534 1981 720 2067 Requiritur
743 2005 830 2067 ergo,
854 1987 890 2047 ut
913 1984 1107 2061 attendatur,
1127 1987 1283 2067 quantum
1304 1981 1374 2046 fieri
1390 1986 1504 2065 potest,
1518 1982 1558 2046 ad
1573 1980 1779 2054 Parentami

234 2081 235 2086 ’
328 2071 454 2136 debitus
476 2072 516 2134 ad
536 2069 596 2136 hoc
607 2072 683 2136 ordo
695 2073 920 2139 constituamr:
934 2077 1030 2158 atque
1043 2072 1090 2136 ita
1101 2077 1187 2136 certia
1198 2071 1260 2136 fide
1276 2069 1512 2157 (certitudinem
1528 2071 1682 2135 moralem
1694 2067 1779 2132 intel·

329 2159 409 2244 ligo)
422 2157 571 2223 Minister
582 2161 622 2224 ad
635 2160 860 2244 baptizandum
872 2161 1010 2226 accedat.
1027 2159 1207 2224 Iufidelium
1220 2160 1315 2240 euim,
1329 2159 1528 2242 aliorumque
1540 2159 1621 2242 ipsis
1633 2156 1779 2242 proximo·

327 2271 399 2312 rum
422 2246 561 2318 infantes
584 2248 809 2332 baptizandos,
826 2270 922 2333 supra
946 2254 1099 2334 negatum
1122 2248 1195 2313 fuit.
1220 2247 1311 2323 Quod
1333 2269 1405 2312 cum
1420 2249 1452 2312 in
1466 2247 1527 2312 hac
1543 2245 1779 2324 nosemsbene
1853 2285 1854 2334 ss

327 2334 508 2400 constitutis
524 2336 684 2402 ¹Ecclesiis
706 2337 828 2403 factum
851 2337 894 2402 sit
917 2340 939 2404 a
963 2338 1037 2402 fiat:
1057 2359 1121 2402 non
1133 2338 1254 2416 dubito,
1268 2336 1346 2421 quin
1359 2336 1532 2400 moderatis
1548 2335 1697 2420 ingeniis,
1708 2353 1779 2417 quos

327 2424 494 2508 scrupulus
507 2424 590 2490 circa
603 2427 758 2510 Baptismi
771 2427 804 2490 in
816 2425 968 2492 Ecclesiis
980 2426 1121 2510 Belgicis
1134 2424 1443 2490 administrationem
1456 2425 1667 2508 promiscuam
1679 2426 1778 2508 (quam

328 2513 374 2578 ita
389 2512 613 2597 appellabant)
630 2515 765 2580 antehac
784 2514 887 2594 torsit,
907 2515 1107 2580 satisfactum
1130 2536 1198 2579 esse
1211 2514 1334 2580 debeat.
1359 2511 1525 2598 Distingui
1537 2513 1634 2578 debet
1644 2513 1780 2576 interor-

326 2602 433 2666 dinem
445 2601 479 2664 in
491 2600 643 2668 Ecclesiis
654 2605 771 2669 nostris
784 2604 1004 2683 constitutum,
1016 2605 1040 2668 Ie
1052 2603 1172 2668 servari
1184 2603 1331 2666 solitum:
1344 2602 1460 2668 &inter
1468 2601 1589 2666 factum
1600 2599 1726 2684 aliquod
1732 2601 1782 2680 aut

327 2690 413 2755 facta
425 2689 632 2773 particularia
644 2713 700 2776 per
712 2693 955 2778 negligentiam,
968 2698 1025 2758 aut
1037 2692 1243 2776 imperitiam,
1256 2695 1312 2756 aut
1324 2690 1640 2774 praeoccupationem
1649 2685 1780 2752 Ministri

327 2779 460 2863 alicujus
479 2779 520 2844 ab
532 2781 641 2846 ordine
653 2781 842 2847 recedentia.
860 2780 958 2847 Facta
970 2782 993 2846 ta
1005 2779 1130 2859 ἀταξίας
1142 2780 1361 2864 particulares,
1374 2779 1402 2842 si
1415 2801 1495 2861 quas
1511 2778 1630 2844 alicubi
1642 2778 1780 2841 observa·

327 2869 402 2943 rint,
415 2889 477 2931 non
493 2873 639 2934 tenemur
655 2874 826 2953 praestare,
842 2892 901 2934 nec
912 2870 1106 2934 intendimus
1118 2867 1303 2944 defendere3
1319 2867 1375 2932 sed
1390 2871 1516 2931 tentum
1527 2887 1725 2939 communem
1736 2883 1782 2928 ur·

327 2956 432 3020 dinem
456 2955 680 3023 Ecclesiarum.
705 2958 816 3034 Qualis
839 2959 894 3023 ille
918 2959 970 3036 sit,
995 2980 1148 3044 cognosce
1172 2979 1210 3022 ex
1238 2956 1399 3024 Constitnl.
1429 2956 1649 3022 Ecclcmasticis
1672 2951 1782 3041 Spmtt

330 3041 505 3111 Natiuitatis
525 3068 607 3110 anno
629 3047 726 3111 tolo.
743 3049 830 3112 artie.
847 3048 898 3112 57.
916 3048 968 3111 611.
983 3052 1019 3111 01
1034 3047 1146 3112 Patres
1159 3046 1221 3129 ipsi
1233 3045 1369 3110 offerant
1381 3066 1464 3118 suos,
1481 3042 1722 3128 &Susceptoree
1733 3063 1782 3104 seu

328 3132 514 3215 Compatres
534 3137 557 3200 tt
579 3133 775 3202 Commatres
800 3158 862 3201 uon
882 3136 1068 3215 adsciscant,
1081 3135 1143 3199 nisi
1155 3134 1347 3199 orthodoxae
1360 3131 1525 3218 Religioni
1537 3132 1679 3197 addictos
1691 3135 1714 3198 t
1726 3129 1782 3193 riti

328 3225 460 3306 probos:
474 3225 510 3285 ut
521 3225 651 3289 nomina
660 3225 905 3309 baptizatorum,
913 3222 1294 3302 Parentumia'l'estium,
1302 3223 1336 3285 in
1345 3219 1477 3286 Librum
1487 3220 1678 3286 referantur.
1702 3217 1782 3312 Adde

327 3309 530 3393 quaestiones
543 3313 716 3378 secundum
728 3313 892 3398 liturgiae
906 3313 1055 3398 Belgicae
1071 3313 1302 3397 praescriptum
1314 3309 1508 3374 Parentibus
1520 3312 1544 3375 la
1555 3308 1705 3376 Testibus
1716 3327 1781 3391 pro·
1852 3329 1854 3346 ⁴

328 3398 497 3482 ponendas.
522 3397 623 3466 Varia
646 3403 723 3467 item
746 3402 938 3486 synodorum
957 3401 1094 3480 decreta,
1107 3400 1216 3485 qualia
1227 3400 1346 3486 Synodi
1359 3399 1527 3485 thpdlsoil.
1543 3393 1782 3464 &henamensis

328 3510 411 3552 anno
435 3487 529 3552 1588.
549 3491 636 3559 artic.
657 3493 707 3556 19.
720 3494 744 3558 la
760 3493 914 3558 Dardrac.
928 3513 1011 3556 anno
1027 3491 1121 3555 1590.
1133 3490 1220 3555 artic.
1236 3489 1289 3552 21.
1302 3492 1339 3551 ut
1351 3486 1537 3571 Baptismus
1552 3487 1782 3551 amministretur

328 3581 410 3642 ante.
421 3575 583 3642 muneram
602 3581 793 3644 concionem.
817 3581 893 3666 Syn.
909 3580 1085 3648 Nationalis
1099 3577 1244 3645 Middclb.
1257 3598 1309 3664 qn.
1321 3588 1406 3661 part.
1420 3575 1473 3640 57.
1486 3579 1523 3640 01
1539 3574 1692 3640 Parentes
1703 3571 1783 3638 obla·

328 3667 393 3730 turi
405 3663 548 3730 Infantes
561 3667 601 3730 ad
614 3667 817 3752 Baptismum
829 3668 918 3753 prius
930 3669 1121 3753 compellent
1132 3666 1309 3731 Ministros.
1332 3663 1449 3751 Syriaci.
1464 3664 1698 3751 Znyditolland.
1708 3663 1783 3728 Gott-

328 3756 432 3822 tlanae
449 3753 544 3818 1620.
560 3757 648 3821 artic.
671 3758 722 3822 tl.
747 3755 794 3821 Ut
815 3757 968 3821 Parentes
980 3756 1192 3840 personaliter
1204 3755 1309 3819 adsint
1321 3753 1355 3816 in
1369 3753 1534 3837 Baptismo
1546 3754 1706 3817 intantum
1716 3771 1783 3814 sno·

328 3866 398 3908 rum
411 3866 418 3908 :
432 3841 455 3907 it
467 3863 506 3906 ne
518 3840 663 3909 Infantes
674 3845 776 3910 oblati
793 3847 833 3910 ab
847 3844 1080 3913 Obstetricibus
1091 3844 1305 3928 baptizentur,
1318 3841 1381 3906 nisi
1393 3839 1535 3906 Ministri
1544 3842 1633 3926 prius
1641 3840 1717 3905 certi
1725 3837 1784 3902 sint

329 3955 396 3996 esse
419 3930 563 3997 Infantes
580 3932 769 3998 foederatos.
794 3933 854 3998 His
871 3934 960 4012 adde,
973 3956 1055 4016 quae
1068 3933 1166 3997 habet
1181 3934 1206 3996 A
1225 3934 1318 3996 Lusco
1330 3931 1366 3995 in
1377 3931 1522 4016 liturgia
1536 3951 1591 3996 sca
1603 3931 1638 3994 in
1649 3926 1783 4014 samaa·

328 4021 377 4085 rio
397 4021 556 4086 Ecclesiae.
573 4025 817 4107 peregrinarum
836 4024 872 4087 in
891 4023 1005 4106 duplici
1023 4044 1097 4108 pap.
1118 4022 1192 4085 ltt.
1211 4021 1245 4084 in
1265 4019 1369 4085 forma
1389 4019 1567 4084 administr.
1583 4013 1784 4102 Baptismi3t

328 4107 470 4173 Ecclesia
487 4107 652 4184 Gallicana
667 4112 699 4176 iu
712 4111 840 4196 Synodo
853 4109 1018 4175 Nationali
1029 4110 1223 4176 Pictaviensi
1236 4131 1320 4174 anno
1336 4109 1431 4173 1550.
1444 4108 1530 4172 inter
1542 4105 1721 4191 particular.
1734 4125 1781 4166 ar·

328 4197 380 4260 tic.
395 4198 425 4260 3.
441 4195 495 4258 ubi
507 4200 621 4263 statuit
633 4199 836 4285 Papistarum
849 4199 988 4264 infantes
1002 4201 1099 4264 etiam
1111 4198 1236 4263 oblatos
1249 4201 1268 4261 a
1280 4195 1476 4261 Reformatis
1485 4195 1718 4280 susceptoribus
1727 4211 1783 4255 nou

329 4307 396 4350 esse
415 4284 623 4366 baptizandos
639 4290 703 4354 nisi
721 4290 825 4369 Pater,
837 4299 893 4354 ant
905 4289 958 4354 illa
971 4289 1117 4374 defuncto
1130 4287 1230 4353 Mater
1239 4287 1382 4372 potestati
1397 4305 1471 4350 anna
1483 4286 1651 4363 renuntiet,
1665 4298 1785 4380 000000

328 4375 363 4438 in
386 4383 592 4456 susceptorem
613 4379 794 4461 transferat,
815 4377 1000 4461 promittens
1019 4399 1052 4443 se
1069 4379 1275 4442 toleraturum
1289 4386 1343 4442 ant
1356 4375 1576 4450 toleraturum,
1588 4385 1624 4438 nt
1639 4372 1782 4518 insumpsi
1836 4387 1838 4392 ·

1327 4496 1337 4506 .
1719 4477 1783 4520 m.
