3752 4858
243 289 355 354 Tarsa.
370 287 411 354 11.
436 289 523 354 Sarr.
537 288 592 354 lV.
607 289 1269 357 160666661166666666666666666.
1294 294 1418 360 06611.
1501 297 1567 361 263

96 473 211 539 Multis:
236 473 287 538 26.
312 477 469 560 descripto
492 476 709 541 recedendum.
733 473 834 563 Atqui
857 477 912 541 ille
928 499 991 541 non
1007 477 1080 556 fert,
1095 481 1130 542 ut
1141 478 1231 543 cibus
1243 480 1392 559 eonvims,
1405 485 1564 566 tanquam

94 561 292 628 laetentibus
316 565 339 630 tt
362 565 514 649 parvulis,
535 565 568 629 in
587 587 622 630 os
648 566 823 649 ingeratur.
849 564 959 630 Etcur
971 587 1088 652 quaeso
1101 569 1252 650 majorem
1268 569 1493 654 indignitatem
1507 569 1566 634 tri-

94 650 202 716 buunt
214 652 362 718 manibus
374 653 527 732 fidelium,
544 675 639 739 quam
652 652 709 730 ori,
726 653 819 728 labio,
834 655 973 739 linguae,
987 655 1102 740 quibus
1119 677 1232 740 eorpus
1244 656 1374 734 Christi,
1390 680 1447 722 seu
1463 659 1565 723 maris

94 739 219 822 speeies
231 742 371 824 turpioris
383 743 509 828 (loquor
521 765 560 807 ex
576 740 746 827 hypothesi
757 742 1073 828 pseudo-theologiae
1085 743 1240 827 ipsorum)
1254 745 1345 831 [pag.
1361 745 1442 832 811]
1454 747 1565 812 imme·

94 829 184 894 tiata
210 829 385 915 attingunt.
410 831 553 896 Audiant
576 831 614 896 de
635 830 747 916 lingua
769 831 870 896 tarot.
892 832 922 897 3.
934 853 963 896 u.
980 833 1029 896 16.
1045 835 1076 897 8.
1093 833 1132 897 de
1144 855 1198 898 ore
1212 834 1322 900 Mettis.
1338 835 1389 900 12.
1401 855 1430 900 v.
1448 836 1500 900 35.
1515 836 1567 900 36.

95 917 317 1002 Antiquarum
341 920 464 1002 praxim
477 919 583 984 innuit
594 919 723 1004 Dionys.
736 918 972 985 Alexandrinus
985 922 1070 1004 apud
1081 920 1257 986 Eusebium
1270 923 1326 986 lib.
1341 924 1370 988 t.
1384 945 1454 1006 cap.
1468 924 1498 987 8.
1511 924 1567 988 ubi

95 1008 143 1072 sic
155 1007 308 1072 describit
320 1006 623 1074 Communisantem:
637 1010 692 1095 qui
704 1009 867 1074 adstitisset
882 1030 1014 1088 666666,
1027 1011 1082 1095 qui
1096 1031 1214 1075 saeuus
1225 1011 1268 1076 ud
1278 1023 1423 1078 saueuuu
1434 1013 1568 1077 alitura-

95 1109 167 1162 tum
191 1097 415 1181 suptraendum
432 1099 628 1181 porrexisset,
641 1099 695 1184 qui
710 1097 792 1162 utut
803 1099 972 1183 recepisset.
985 1100 1035 1164 tro.
1049 1098 1102 1162 Et.
1116 1099 1181 1163 tit.
1195 1099 1227 1164 6.
1238 1119 1306 1182 rap.
1324 1101 1377 1164 35.
1390 1101 1429 1164 de
1442 1099 1569 1166 Novato

96 1185 238 1250 refertur
254 1187 338 1271 quod
351 1186 383 1250 in
395 1186 619 1252 distributione
632 1186 755 1251 Coenae
767 1185 1044 1252 Communieantes
1060 1187 1100 1250 ad
1113 1187 1335 1271 jusjurandum
1352 1189 1567 1272 compelleret,

96 1275 165 1340 suis
190 1275 356 1360 utriusque
377 1275 525 1342 munibus
548 1295 665 1342 saeuus
687 1275 860 1359 accipientis
881 1276 1086 1360 prehendens.
1103 1275 1394 1360 CrppriauusSerm.
1408 1279 1568 1362 deLupsis

101 1365 138 1448 ,ᾖ
154 1363 208 1426 13.
233 1365 252 1427 6
275 1363 394 1428 diaboli
410 1365 474 1429 aris
486 1368 682 1430 revertentes
697 1365 737 1428 ad
754 1367 900 1428 sanctum
916 1363 1045 1429 Domini
1058 1364 1192 1429 sordidis
1204 1367 1227 1431 b
1239 1365 1349 1430 nidore
1365 1366 1567 1449 1666116666-

101 1449 218 1532 ,uibus
240 1453 397 1519 6666661.
422 1451 604 1518 Mortiferos
628 1453 784 1518 idolorum
796 1453 883 1518 eibos
895 1453 997 1518 adhue
1014 1475 1114 1537 poene
1127 1457 1300 1530 ructantes,
1311 1454 1441 1519 Domini
1455 1475 1569 1537 eorpus

102 1540 293 1618 ,invadunt;
307 1543 330 1608 6
345 1543 417 1626 plus
430 1542 566 1608 modain
579 1541 752 1607 Dominum
764 1542 913 1608 suauitas
926 1553 1017 1628 utque
1028 1563 1081 1607 ore
1092 1541 1293 1627 delinquunt,
1305 1565 1402 1629 quam
1415 1566 1486 1608 eum
1502 1541 1569 1608 Do·

101 1629 245 1708 ,minum
268 1635 479 1715 negaverant:
504 1630 748 1714 chrysostomus
761 1627 881 1696 Hamil.
899 1631 929 1694 3.
943 1631 975 1694 in
988 1630 1107 1714 Ephes.
1127 1632 1155 1693 l.
1171 1632 1332 1712 Quomodo
1347 1633 1443 1698 stabis
1457 1633 1500 1697 ad
1512 1633 1569 1697 tri-

96 1720 198 1786 buual
226 1718 348 1792 Christi,
370 1721 425 1806 qui
445 1721 572 1804 pollutis
596 1719 742 1786 mortibus
768 1718 799 1784 d
822 1720 919 1785 labris
943 1719 986 1785 ud
1008 1720 1041 1786 id
1056 1720 1154 1785 666166
1168 1721 1317 1788 madae.
1331 1721 1527 1805 Auqustiuus
1543 1742 1567 1786 c.

101 1809 253 1892 ,Epistot
276 1807 425 1874 Petiliuui
444 1808 510 1874 Lib.
535 1809 565 1872 2.
590 1829 657 1894 rap.
682 1809 734 1872 23.
752 1830 811 1894 ego
824 1809 914 1872 illum
928 1830 1150 1885 commemoro,
1166 1809 1217 1873 eui
1229 1809 1316 1892 pasis
1329 1811 1472 1874 oseulum
1484 1810 1568 1874 inter

101 1901 321 1975 ,sacramenta
351 1897 559 1980 copulabatis,
591 1898 624 1961 in
656 1898 745 1981 eujus
772 1897 921 1963 raauibus
947 1897 1180 1963 Eruturistiam
1207 1897 1377 1982 ponebatis.
1406 1897 1492 1962 Nota
1520 1902 1569 1962 est

101 1985 268 2065 ,Hmtoria
292 1985 454 2051 Ambrosii
472 1985 609 2050 arcentis
629 1985 861 2070 imperatorum
880 1985 1095 2051 Theodosium
1115 1986 1375 2064 scammunione,
1388 1990 1411 2053 tr
1424 1987 1566 2052 dieentis:

101 2073 276 2160 ,quomodo
301 2095 417 2141 ruauus
440 2075 591 2150 suanus,
616 2075 653 2139 de
677 2075 793 2160 quibus
817 2075 919 2140 adhue
942 2075 1073 2156 sanguis
1100 2074 1202 2139 stillat
1225 2075 1386 2159 injustus?
1411 2076 1567 2161 quomodo

100 2163 303 2247 ,hujusmodi
327 2163 476 2230 amnibus
500 2164 649 2248 suscipies
668 2185 781 2247 eorpus
805 2163 950 2227 Christi?
982 2163 1061 2229 Vide
1086 2163 1201 2229 Hister.
1227 2165 1351 2248 tripart.
1374 2164 1439 2230 tit.
1454 2164 1485 2228 0.
1498 2184 1566 2248 sap.

97 2254 152 2318 30.
176 2254 234 2316 aut
257 2275 296 2316 ex
322 2250 563 2317 Recentioribus
586 2253 766 2318 Barouiruu
790 2253 833 2318 ad
855 2273 933 2317 auu.
958 2253 1034 2318 390.
1058 2255 1087 2338 ξ.
1118 2255 1146 2316 l.
1178 2255 1207 2316 2.
1230 2251 1448 2319 Nazianzenus
1476 2251 1566 2317 Orat.

99 2345 126 2408 l.
154 2341 188 2405 in
211 2340 378 2406 Julianum
403 2342 490 2425 (pag.
517 2341 589 2406 759.
616 2343 693 2406 edit.
718 2342 773 2406 lat.
798 2343 830 2405 in
856 2341 926 2424 fot.)
950 2341 1048 2406 refert
1071 2341 1239 2406 lulianum
1262 2362 1378 2407 saeuus
1401 2363 1476 2408 auus
1491 2363 1567 2426 pro·

94 2432 237 2514 satiasse,
264 2443 300 2496 ut
323 2451 375 2496 eas
401 2429 440 2495 ab
468 2431 629 2496 iuertteuto
654 2432 706 2496 ttu
730 2431 890 2516 sacrificio,
907 2431 957 2496 eo.
970 2431 1082 2496 elueret
1094 2452 1131 2496 ur
1141 2443 1334 2516 repurqaret.
1349 2429 1439 2506 Quod
1451 2431 1566 2496 Bittius

96 2517 210 2584 Abbas
222 2518 365 2584 Pruneus
378 2520 413 2586 iu
425 2519 555 2585 setottts
570 2541 658 2585 uuru.
674 2519 726 2584 25.
741 2520 785 2584 sic'
798 2519 936 2601 exponit:
951 2516 1080 2604 Nequid
1088 2519 1243 2584 factitatis
1252 2521 1399 2585 assuitus
1410 2541 1447 2584 ra
1454 2520 1566 2585 eurtu-

100 2607 226 2685 ‚ristiae
248 2619 389 2674 contactu
404 2612 583 2692 superesset
595 2606 688 2694 (olim
701 2608 786 2672 enim
799 2629 869 2672 eam
881 2606 984 2672 Laicis
997 2608 1030 2671 in
1043 2631 1138 2672 manu
1155 2609 1276 2692 porrigi
1289 2609 1416 2672 solitam
1429 2612 1567 2672 testatur

99 2697 350 2779 ,resultantia
372 2719 425 2762 aas
449 2697 536 2761 omni
559 2697 664 2762 studio
686 2696 833 2782 inquinat
853 2718 889 2761 ae
904 2696 1062 2780 profanat.
1076 2697 1165 2760 Adde
1177 2697 1252 2761 huie
1264 2696 1481 2774 domestica&
1496 2697 1565 2762 tot.

92 2785 200 2870 Stept.
225 2787 372 2852 Duruuto
396 2807 492 2869 supra
516 2787 563 2852 tit.
578 2786 655 2850 duos
667 2785 757 2864 alios,
774 2787 952 2869 Tupperuur
967 2785 991 2850 6
1005 2787 1129 2868 Gospar
1140 2785 1294 2851 aneuz:
1308 2805 1442 2870 quarum
1458 2784 1513 2848 ille
1531 2787 1564 2850 T.

95 2876 128 2938 2.
141 2875 230 2940 artie.
245 2875 285 2937 15
298 2896 337 2939 ex
350 2872 493 2939 Historia
506 2875 543 2940 de
556 2873 671 2960 Satyro
684 2873 796 2938 Fratre
810 2874 982 2952 Ambrosii,
996 2877 1019 2940 6
1031 2872 1183 2957 Cypriani
1192 2873 1293 2938 Serm.
1302 2873 1340 2937 de
1350 2871 1447 2954 lapsis
1457 2873 1565 2955 colligi

94 2966 201 3048 putat,
224 2962 391 3049 quodidie
415 2963 605 3048 tenporibus
628 2965 817 3050 suapuiueru
840 2985 879 3028 eu
900 2964 990 3028 eutice
1012 2983 1120 3027 omues
1142 2961 1292 3038 bibebant,
1309 2961 1563 3047 dquodeorpus

92 3053 232 3120 Domini
253 3052 291 3116 iis
314 3053 349 3116 iu
371 3053 521 3118 munibus
550 3053 695 3118 atara.
709 3051 774 3116 Iste
790 3053 825 3116 iu
839 3053 1047 3118 commeatur.
1064 3051 1219 3116 addetur.
1234 3051 1263 3114 2.
1277 3071 1304 3113 6.
1319 3049 1372 3114 46.
1384 3069 1474 3113 666.
1489 3049 1563 3114 108.

93 3141 205 3208 allatis
224 3141 426 3206 testimoniis.
442 3142 555 3226 Gpra'lli
569 3142 797 3228 Hieroselpruit.
812 3142 847 3205 iu
861 3139 979 3206 Cuteet.
992 3151 1124 3225 arrystuq.
1139 3139 1181 3216 5.,
1191 3137 1324 3202 Maximi
1333 3138 1386 3201 eit.
1401 3136 1563 3202 irBaronio

92 3231 222 3316 probat,
246 3242 307 3294 tam
332 3229 418 3294 domi
441 3231 517 3295 olim
533 3231 658 3306 Fideles,
670 3251 767 3317 quum
775 3231 810 3294 iu
822 3229 956 3296 accurit
970 3241 1126 3312 emeritam
1138 3227 1368 3294 Eucharistiarn
1380 3247 1446 3290 ueu
1456 3225 1565 3292 Sacer-

92 3319 176 3386 dotis
196 3339 305 3394 ruaau,
323 3319 375 3383 sed
387 3320 447 3384 sud
460 3319 494 3384 iu
505 3340 540 3384 os
552 3320 712 3396 iututisse;
723 3319 859 3404 adeoque
870 3319 1021 3383 usitatum
1036 3329 1128 3402 utque
1144 3319 1269 3383 sobnae
1279 3316 1387 3400 fuisse,
1408 3326 1440 3380 ut
1457 3314 1495 3378 de
1506 3335 1563 3378 ae-

92 3408 239 3492 eipieuda
250 3407 439 3473 &Sacerdote
453 3408 652 3476 Erreturistid
664 3409 778 3473 modus
788 3409 884 3492 suerit
897 3406 1052 3473 lidelibus
1064 3407 1284 3490 praescriptus.
1299 3403 1424 3488 Agmen
1437 3403 1564 3466 claudat

94 3497 217 3562 Beatus
229 3494 414 3576 Rhenanus,
425 3496 485 3562 Vir
493 3497 526 3561 in
535 3497 728 3568 antiquitate
740 3495 954 3572 ecclesiastica
967 3495 1210 3572 versatissimus,
1223 3493 1256 3557 in
1270 3491 1364 3557 Notis
1377 3492 1417 3556 ad
1426 3490 1562 3555 Tertull.

92 3589 133 3652 de
160 3584 283 3650 Coroni
306 3584 427 3662 militis,
451 3587 507 3650 ubi
531 3586 576 3651 ait
600 3587 771 3673 liqueretur
793 3585 1150 3673 autiquorruuteetioue.
1172 3579 1563 3648 Eucharistiururnsuitus

91 3675 263 3742 laieorum
285 3674 362 3739 elim
374 3685 520 3739 attactam
536 3677 642 3759 fuisse.
656 3673 733 3740 Sero
745 3675 777 3738 in
791 3684 936 3760 πνρκκμῇ
949 3671 1150 3758 antiquitatis
1163 3672 1246 3736 eirca
1258 3677 1403 3752 tempora
1415 3667 1562 3752 Gregorii

91 3763 139 3828 M.
166 3785 205 3827 ex
228 3762 376 3846 imperita
401 3764 626 3847 superstitione
647 3765 670 3829 tr
694 3762 838 3847 populari
863 3784 979 3840 errore,
1001 3764 1172 3844 coeperunt
1184 3759 1331 3824 manibus
1344 3757 1410 3822 suis
1423 3777 1561 3840 parcere,

91 3851 283 3937 praesertim
306 3849 331 3916 F
333 3850 494 3917 oeminae:
508 3853 624 3938 quibus
637 3853 733 3917 etiam
746 3874 828 3916 anno
841 3851 915 3914 ult.
930 3851 963 3914 in
976 3849 1094 3916 Concil.
1114 3846 1367 3913 Antisiodoreusi
1380 3846 1439 3910 hoe
1454 3844 1561 3928 injun-

90 3945 182 4007 ctum
207 3940 282 4006 Can.
308 3941 359 4003 36.
374 3941 444 4008 Non
459 3941 524 4006 lieet
538 3943 663 4007 Mulieri
676 3942 764 4006 uudd
781 3961 880 4004 6666
896 3939 1127 4005 Eucharistiae
1138 3957 1268 4003 sumere.
1282 3933 1397 4001 Confer
1414 3935 1490 3999 Cau.
1508 3933 1560 3997 39.

91 4031 151 4096 ubi
171 4030 325 4114 jubentur
348 4030 473 4113 quando
497 4031 587 4116 [pag.
609 4030 689 4115 812]
713 4028 958 4106 communicant,
970 4027 1155 4092 dousiuieuie
1166 4047 1258 4090 suum
1271 4045 1415 4108 quaeque
1428 4022 1561 4086 habere:

89 4119 156 4184 hoe
172 4123 222 4182 est
233 4118 386 4182 muudum
397 4117 541 4196 linteum,
557 4119 591 4182 in
603 4141 665 4202 quo
682 4118 860 4200 arriperent
870 4115 1123 4180 Eucharistiam:
1137 4113 1212 4180 Non
1224 4113 1407 4194 multopost
1417 4115 1563 4194 tempora

91 4207 229 4292 Gregor.
249 4203 293 4271 M.
307 4212 478 4290 coeperunt
489 4207 618 4290 quidam
630 4206 766 4271 vasculis
778 4227 848 4270 eam
860 4205 1010 4287 accipere.
1021 4202 1139 4269 Contra
1150 4225 1247 4287 quam
1255 4201 1442 4286 popularem
1451 4221 1562 4283 super·

90 4296 259 4362 stitionem
283 4295 421 4360 decrevit
442 4294 560 4360 066611.
585 4293 885 4377 Constantinopolit.
908 4293 941 4356 in
965 4292 1076 4357 Trullo
1100 4314 1183 4357 anno
1207 4291 1282 4354 686.
1294 4311 1363 4355 666.
1380 4289 1454 4353 101.
1470 4287 1560 4363 Quod

90 4387 205 4452 autem
228 4383 398 4451 Foeminae
421 4385 560 4469 primum
582 4387 671 4450 motu
687 4383 824 4468 proprio,
838 4385 948 4468 postea
963 4383 1034 4468 lege
1046 4383 1112 4448 latri
1127 4381 1161 4447 in
1173 4379 1291 4448 066611.
1308 4375 1561 4528 Antisiodorpppi

750 4517 753 4522 -
1388 4487 1472 4534 anno
1552 4511 1559 4528 .
