3722 4850
306 279 418 346 Taren
431 280 473 348 II.
496 280 546 348 Dr
556 280 692 362 Parem,
706 280 879 362 Bascama,
894 278 1046 346 [losanae.
1058 279 1150 347 Ecca.
1178 277 1252 346 (lar.
1265 280 1291 347 1.
1499 283 1541 349 19

91 489 186 550 param
202 467 356 533 inservire
368 467 567 533 viderentur:
581 468 695 533 saltem
707 468 826 552 partim
838 469 879 532 ab
892 467 1058 552 imperitis,
1071 466 1189 551 partim
1202 466 1364 533 electioni
1378 472 1436 532 aut
1458 469 1544 553 parti

92 556 169 620 alicui
181 557 315 621 addictis
327 557 389 622 huc
401 561 598 641 raperentur.
616 556 717 622 Sicuti
730 558 770 621 ab
782 554 925 623 Ecclesia
937 556 1057 621 Christi
1071 556 1180 621 abesse
1194 557 1309 620 debent
1326 555 1478 622 factiosae
1491 558 1544 622 ad·
1678 593 1683 602 ·

91 643 240 709 laesiones
252 647 276 712 b
287 645 456 710 divisiones
469 649 488 709 a
499 643 673 722 Praefectis
686 645 709 709 dt
720 644 875 710 Ministris
888 644 1107 710 ecclesiasticis
1120 645 1290 710 derivatae:
1298 644 1344 710 ita
1355 647 1457 712 multo
1474 669 1543 711 ma-

92 733 131 816 gis
141 733 401 798 iPotentioribus
414 734 446 798 in
459 734 520 799 hoc
532 734 943 819 saeculo‚quiparticulares
948 733 1168 798 Ministrorum
1180 733 1394 799 benefactores
1399 735 1543 804 audiunt.

91 821 115 883 5.
138 823 215 904 Quia
239 823 266 886 si
289 822 409 906 publici
434 821 653 888 benefactores
675 822 894 889 dictiPatroni
909 823 1081 902 Ecclesiae,
1098 822 1132 886 in
1143 822 1295 888 Precibus
1309 822 1543 889 Ecclesiasticis

92 907 333 975 Resonnatorunr
345 911 513 996 sigillatim
526 912 548 975 tt
564 912 722 976 ordinario
734 933 797 977 non
808 915 1029 992 recensentur:
1054 933 1109 976 cur
1121 912 1160 975 ob
1172 911 1333 995 privatum
1345 909 1438 996 quein
1447 912 1544 979 bene-

90 997 226 1064 factorem
239 998 476 1064 concionatoris
489 1000 660 1085 analogum
675 1001 751 1084 quid
763 1001 877 1066 merito
890 997 982 1087 [pag.
997 999 1077 1085 504]
1095 999 1257 1084 abrogatis
1263 1000 1422 1084 diptychis
1441 1002 1543 1066 denuo

89 1087 346 1153 substitueretur?
359 1089 389 1151 (i.
405 1089 487 1171 Quia
498 1111 561 1152 non
577 1089 702 1174 exiguis
721 1089 964 1154 difficultatibus
977 1112 1010 1154 se
1024 1092 1163 1173 exponet
1175 1087 1394 1168 concionator,
1408 1089 1435 1153 si
1446 1090 1544 1155 bene·

90 1173 203 1240 ludaris
228 1177 370 1241 animum
387 1178 411 1242 dr
424 1199 553 1241 manum
569 1177 688 1242 mutari
700 1178 875 1263 contingat,
888 1177 1130 1246 &clandestinis
1143 1176 1266 1262 insidiis
1279 1198 1314 1258 ac
1326 1177 1491 1243 maleficiis
1503 1179 1544 1243 ab

90 1285 119 1326 eo
129 1287 159 1330 se
172 1266 240 1349 peti
252 1266 370 1330 sentiat
380 1288 387 1330 :
397 1267 490 1350 juxta
501 1267 581 1330 illud
593 1266 721 1332 comici:
735 1264 769 1331 Si
783 1267 859 1351 quid
870 1269 956 1331 recte
967 1265 1080 1331 feceris
1092 1265 1191 1331 levior
1198 1265 1308 1349 pluma
1319 1269 1369 1331 est
1378 1267 1500 1352 gratia:
1518 1267 1545 1331 si

88 1353 151 1436 quid
163 1354 312 1438 peccaris,
326 1355 492 1438 plumbeas
503 1355 567 1419 iras
583 1359 708 1440 gerunt.
724 1353 788 1419 Hic
800 1355 911 1439 lupum
924 1355 1055 1419 auribus
1066 1353 1198 1419 tenebit.
1209 1352 1323 1439 Neque
1334 1354 1417 1419 enirn
1435 1359 1545 1420 contra

88 1442 241 1507 veritatem
254 1445 278 1510 b
289 1443 513 1508 conscientiam
527 1443 676 1528 epithetis
690 1445 713 1510 b
725 1444 875 1508 encomiis
887 1443 1046 1508 consuetis
1062 1465 1135 1508 eum
1143 1465 1256 1507 ornare
1264 1442 1391 1527 poterit:
1402 1445 1425 1510 dt
1436 1447 1545 1509 tamen
1575 1445 1581 1456 '

88 1529 132 1593 vix
142 1553 244 1596 coram
256 1531 401 1598 Ecclesia
411 1532 557 1596 lacunam
570 1532 659 1596 illam
671 1533 703 1596 iu
717 1531 868 1597 Precibus
879 1532 1058 1616 relinquere
1069 1531 1210 1609 audebit3
1222 1532 1306 1615 quod
1318 1532 1445 1616 patroni
1456 1533 1544 1597 illius

87 1620 210 1685 mutatio
237 1621 379 1685 nondum
412 1620 594 1686 innotuerit.
618 1621 647 1685 7.
673 1622 766 1705 Quia,
796 1621 880 1705 quod
902 1621 1032 1686 Ohistus
1057 1619 1095 1685 de
1118 1621 1300 1710 elemosyna
1327 1621 1436 1686 Mattli.
1459 1624 1488 1686 6.
1513 1622 1547 1686 id

88 1707 1495 1795 etiamdespoutaneidonationedtbeneficentiaMinistroEcclesiaeexhibittdicipoterit.
1505 1709 1547 1774 Ut

86 1796 203 1862 sinistra
212 1798 280 1862 scil.
291 1798 418 1883 ignoret
430 1799 513 1882 quod
524 1797 603 1862 facit
611 1798 733 1862 dextra.
748 1797 832 1863 Huic
845 1803 1004 1884 repugnat
1016 1798 1090 1863 talis
1102 1797 1288 1882 publicaue,
1301 1798 1464 1882 &quidem
1477 1821 1546 1883 per-

87 1889 180 1966 petua.
194 1887 225 1950 8.
241 1887 335 1970 Quia,
349 1887 377 1951 si
385 1887 641 1952 nomenclaturae
655 1887 703 1950 illi
715 1888 802 1951 locus
814 1887 915 1967 detur,
928 1887 1119 1972 impedietur
1131 1887 1272 1951 brevitas
1281 1887 1434 1951 orationis
1447 1887 1546 1952 eccle·

85 1972 220 2039 siasticae
230 1998 238 2052 ;
248 1997 306 2060 pro
318 1980 381 2060 qud
392 1998 488 2060 supra
500 1976 578 2040 satis
586 1976 688 2040 multa
701 1976 848 2040 diximus.
861 1975 1033 2061 catalogus
1045 1976 1100 2040 illc
1112 1996 1175 2040 non
1188 1979 1313 2040 tantum
1334 1974 1440 2055 Viros,
1453 1977 1508 2041 sed
1523 1971 1547 2042 'dt

20 2081 22 2090 ’
88 2059 243 2128 foeminas
261 2064 489 2128 benefactrices
513 2065 750 2149 complectetur.
775 2064 1113 2150 atquis,quaepau10
1125 2064 1309 2150 generosior
1320 2064 1361 2128 ab
1374 2085 1411 2128 eo
1423 2064 1547 2130 excludi

87 2150 162 2216 velit.
187 2151 413 2218 concludimus
425 2153 529 2217 verbis
543 2151 701 2218 Gabrielis
714 2151 785 2218 Biel
797 2153 913 2218 missac
927 2153 966 2218 ab
979 2154 1035 2217 illo
1047 2154 1141 2233 male,
1162 2153 1217 2218 sed
1236 2153 1376 2218 orationi
1399 2153 1548 2218 ecclesia-

85 2239 172 2306 sticae
184 2241 302 2306 rectius
316 2241 495 2327 applicatis,
507 2239 560 2306 Sic
571 2241 627 2306 ille
639 2242 710 2306 lect.
725 2241 777 2305 56.
790 2241 845 2308 fol.
858 2242 931 2306 tlt.
940 2243 972 2306 b.
983 2241 1153 2310 Hicaulem
1164 2240 1352 2329 (secuudum
1361 2244 1452 2308 lutto.
1462 2243 1547 2308 Alex.

20 2369 32 2384 -·
87 2325 114 2392 tl
133 2329 232 2395 Alter.
257 2332 411 2412 sacerdos,
424 2351 560 2416 qtmrrtm
572 2331 703 2396 valuerit
715 2329 826 2396 tatere
837 2331 920 2396 debet
932 2331 1117 2396 maceriam
1129 2332 1301 2416 specialem:
1312 2332 1422 2397 scilicet
1433 2332 1548 2415 desum
1611 2405 1615 2412 ,

83 2427 205 2498 staura,
216 2431 399 2505 pareutum,
411 2420 726 2505 causaupuiaearum
740 2421 911 2504 specialiter
922 2421 1172 2486 commissorum:
1185 2419 1216 2486 d·
1226 2441 1334 2486 curura
1346 2420 1459 2505 quitus
1466 2421 1545 2486 mis·

83 2526 145 2570 ram
166 2529 261 2574 suam
277 2510 450 2594 specialiter
460 2510 619 2594 applicare
631 2509 794 2574 maluerit:
809 2530 946 2595 quorum
962 2511 1148 2574 marmium
1160 2530 1226 2574 aaa
1240 2510 1385 2574 vocaliter
1396 2509 1545 2574 aomina-

83 2595 131 2660 tim
141 2599 301 2682 sepeliris
313 2599 368 2663 sed
380 2609 504 2664 tautum
515 2599 691 2664 mentaliter
700 2619 853 2682 pascuas
868 2599 955 2684 ipsas
966 2598 1416 2683 mpitatit,acscil.ustaatium
1428 2597 1545 2664 deuotio

83 2685 233 2752 tardetur:
252 2698 309 2753 aut
319 2707 360 2754 ac
372 2688 406 2752 ia
418 2707 532 2751 tunam
547 2687 671 2752 braum
684 2687 798 2752 missas
810 2687 872 2752 dici
881 2699 1085 2773 procurantes
1096 2688 1294 2752 extollantur.
1304 2687 1351 2752 De
1361 2685 1420 2752 tac
1430 2707 1544 2750 mmcc-

20 2797 21 2800 ’
83 2774 125 2838 ria
145 2797 285 2862 prorum
308 2777 418 2842 scilicet
440 2777 510 2864 fieri
531 2775 653 2841 deleat:
670 2773 701 2840 a
716 2797 777 2861 quo
789 2776 917 2841 ardiae:
929 2776 1190 2842 decaeterislaac
1200 2775 1545 2860 materiamrespicieu-

20 2915 21 2950 p
82 2862 156 2927 titur
179 2865 258 2930 satis
282 2865 400 2931 dictum
423 2877 467 2930 est
479 2885 589 2949 supra,
601 2885 673 2930 cum
684 2876 828 2948 aquetur
843 2865 880 2930 de
892 2865 1044 2930 nummio
1055 2865 1200 2930 vivorum
1214 2865 1265 2929 lec.
1281 2864 1333 2928 26.
1346 2863 1544 2950 despuenti:

80 2952 157 3035 prod
167 2954 220 3018 liic
231 2956 430 3040 superfluum
442 2954 521 3037 soret
532 2965 674 3038 repetere.
692 2955 821 3019 Tectam
832 2954 1008 3034 callidem,
1018 2953 1423 3040 quadmcmariaessedetet
1434 2952 1544 3032 trecis,

80 3041 174 3106 additi
197 3053 273 3108 sum
299 3044 393 3108 etiam
408 3043 494 3108 modi
505 3042 676 3108 breviandi.
689 3043 746 3107 Cui
757 3044 906 3108 cousmtit
921 3044 1004 3108 Guil.
1024 3042 1128 3107 Puris.
1140 3043 1175 3106 iu
1187 3042 1295 3107 diuinet
1306 3042 1477 3107 rlaetaricd:
1488 3040 1545 3107 uti

78 3127 113 3192 de
125 3129 272 3196 breuitate
282 3133 435 3197 orationis
447 3132 596 3217 loquitur,
609 3132 653 3196 ita
669 3132 792 3197 diceas:
808 3133 870 3214 Qui
882 3132 995 3197 missas
1007 3131 1083 3196 adeo
1096 3133 1206 3216 bripas
1218 3132 1342 3215 saciuut·
1351 3139 1435 3217 quod
1446 3130 1545 3196 taedia

20 3279 21 3282 ,
79 3221 264 3300 proliritatis
280 3241 355 3286 sium
366 3221 460 3286 corda
471 3221 775 3286 circarustaatiumd
790 3221 894 3305 pratici
906 3220 1075 3285 deuotiouis
1088 3232 1251 3286 arescunt:
1269 3219 1300 3286 d·
1312 3221 1544 3305 ipsuutresccti-

79 3325 163 3373 onera
186 3309 387 3394 spiritualem
409 3331 505 3395 quam
530 3311 565 3374 ia
588 3309 695 3374 cnissis
704 3310 861 3394 percipere
876 3309 1015 3375 delerent
1026 3311 1061 3374 ia
1073 3310 1230 3375 molestiae
1241 3309 1489 3374 amaritudinem
1501 3308 1545 3372 eis

20 3419 21 3428 ¹
80 3409 208 3463 tertuut.
223 3399 272 3464 De
283 3397 332 3464 tis
345 3399 441 3483 ipitur
451 3409 585 3482 passiam
596 3399 743 3484 coaqvaeri
751 3399 890 3482 populus
901 3399 1108 3464 circumstans
1122 3396 1255 3463 delicere
1262 3397 1486 3474 ;Dederuatia
1497 3417 1544 3461 es-

20 3487 22 3544 }
77 3504 139 3550 cam
162 3508 269 3552 meam
289 3488 341 3572 sel.
353 3487 491 3554 Stultitia
503 3487 600 3572 ipitur
611 3487 793 3570 ttp'urmodi
804 3487 970 3553 domiuum
981 3499 1025 3552 cst
1033 3487 1162 3552 termut
1171 3507 1232 3571 pra
1241 3487 1361 3570 pupillo
1376 3485 1546 3550 devotioris

20 3621 22 3650 ÷
76 3576 154 3658 qaod
172 3578 220 3641 eis
240 3577 393 3642 immissis
403 3575 562 3654 tribuitur,
576 3576 669 3640 totius
679 3575 791 3660 populi
801 3575 993 3652 damtiaama
1004 3576 1070 3642 Deo
1082 3576 1249 3659 auserunt:
1265 3572 1365 3659 iltpro
1379 3573 1477 3638 tritus
1489 3584 1545 3637 aut

77 3675 211 3747 palear
233 3667 282 3750 (ut
302 3665 344 3730 ita
363 3664 500 3749 dicatur)
513 3663 1007 3750 lactrpmiscampuaetiouisaut
1019 3664 1206 3729 deuotionis:
1218 3682 1433 3746 vasamapua,
1445 3661 1544 3736 idest,
1589 3709 1593 3717 .

20 3819 22 3830 ,
75 3754 164 3819 eorda
185 3754 293 3820 deuote
309 3755 332 3820 b
351 3754 544 3840 lachrymosa
562 3753 723 3818 orantium
742 3753 927 3839 effundant:
942 3752 986 3818 iti
999 3773 1071 3838 erpa
1083 3751 1182 3816 breuis
1194 3773 1258 3816 csse
1273 3750 1356 3816 deta
1369 3750 1478 3828 oratio,
1490 3747 1545 3814 uti

20 3841 22 3926 ᾗ
75 3839 206 3908 trecitar
217 3843 287 3926 ejus
299 3843 434 3909 aliorum
448 3843 601 3926 elevationi
613 3839 774 3907 eremium
787 3843 900 3907 miliutt
912 3841 943 3909 d·
954 3842 1102 3906 eleuauit:
1115 3861 1283 3926 uuuqaam
1296 3851 1401 3904 taurea
1409 3837 1544 3923 prolici-

20 3933 22 3980 ἒ
74 3941 116 3994 tas
134 3929 167 3997 c·
184 3931 351 4016 torpitudo
371 3931 523 3996 oratiouis
539 3931 604 3996 Deo
625 3931 780 4014 displicet:
804 3931 868 3996 uisi
880 3930 934 3996 ubi
944 3932 1014 4014 ipse
1024 3929 1191 4015 proliritas
1202 3929 1275 3994 aliis
1286 3928 1544 4012 impedimentum

73 4031 187 4100 perstat
210 4021 338 4085 eraudi.
360 4022 442 4085 Haec
463 4020 546 4086 Guil.
566 4020 614 4085 De
632 4019 695 4085 illis
717 4039 788 4104 erpo
810 4019 1018 4085 smerdmibas
1037 4039 1117 4104 quae
1131 4017 1300 4102 iuputlico
1311 4035 1416 4082 coram
1427 4015 1545 4100 populo

20 4109 22 4170 ἶ
72 4109 227 4175 abiram
245 4109 385 4195 loqrtilur
406 4109 492 4176 Guil.
511 4108 618 4193 Atque
638 4108 699 4172 hae
719 4108 868 4188 rationes,
889 4108 1004 4192 quibus
1021 4107 1135 4180 saltem
1147 4107 1207 4172 hoc
1216 4105 1343 4171 suaderi
1354 4126 1446 4190 posse
1458 4102 1544 4168 arbi-

72 4201 144 4278 tror,
164 4197 325 4262 tutiorem
344 4219 412 4262 esse
431 4198 688 4262 nomenclaturae
708 4197 730 4261 a
750 4197 972 4281 diptychorum
1002 4195 1214 4275 omissionem,
1243 4215 1339 4278 quam
1352 4191 1442 4280 [pag.
1462 4191 1544 4278 505]

20 4253 23 4364 l
71 4287 247 4352 arrundem
269 4287 360 4369 quasi
376 4287 448 4371 jure
467 4285 655 4370 postliminii
675 4285 918 4350 restitutionem.
945 4284 1039 4348 Fortis
1059 4283 1131 4368 quis
1151 4283 1299 4368 excipiat,
1312 4283 1339 4347 si
1352 4281 1386 4346 in
1397 4305 1431 4347 se
1442 4303 1499 4366 per
1510 4303 1544 4344 se

20 4373 23 4526 p
71 4397 128 4440 uon
137 4377 211 4441 sint
224 4374 338 4439 illicita
348 4377 372 4442 da
383 4375 528 4440 absolute
540 4375 635 4455 mala,
648 4393 725 4458 ergo
736 4373 928 4457 adiaphora3
941 4374 964 4439 da
976 4377 1204 4456 cousequenter
1215 4370 1380 4438 retinenda
1390 4369 1447 4434 ubi
1459 4372 1544 4518 sunt*3

1488 4477 1529 4519 au

20 4547 24 4604 l
