3722 4850
685 315 846 382 Pompieus
858 313 1108 379 Eucuasmsrrcur
1121 311 1202 378 Pras
1214 311 1240 378 I.
1265 311 1331 379 Lm.
1346 311 1388 378 ΙΙ.

792 501 868 566 Dies
891 501 968 579 irae,
991 500 1057 565 dies
1084 499 1139 566 itta

796 589 897 656 Solvet
919 590 1035 654 sectum
1058 590 1093 654 iu
1115 588 1226 672 fauilla

800 681 884 746 Teste
906 679 1013 744 David
1035 699 1106 743 eum
1119 676 1238 762 Sibylla
1253 675 1309 742 tro.

304 768 441 852 Reliqua
466 767 535 832 vide
558 768 591 832 iu
617 770 746 835 Missoli.
772 768 837 834 lae.
864 768 1080 833 rllorebautius
1093 767 1127 832 ia
1146 767 1314 850 opusculis
1324 765 1537 850 pastoralibus
1548 785 1655 848 opusc.
1673 767 1703 828 l.
1718 765 1770 828 ubi

303 857 385 922 hanc
409 879 536 941 prosam
559 858 682 940 prolixe
706 857 854 940 explicat,
878 857 1011 921 titulum
1033 859 1179 940 plauctus
1190 856 1332 943 fitiorum
1344 855 1429 920 Adae
1441 854 1654 933 morientium,
1670 854 1771 918 eidem

304 945 502 1030 praescribit.
527 944 616 1010 Idem
642 946 734 1011 allabi
746 946 921 1010 testimonii
937 945 1068 1010 Davidis
1081 946 1103 1010 lt
1116 943 1258 1028 Sibyllae
1270 943 1353 1008 hauc
1365 943 1521 1008 rationem
1534 942 1666 1026 allegat,
1684 941 1772 1018 Quod

303 1035 410 1101 Dauid
421 1035 459 1100 ait
473 1035 705 1119 Prophetarum
720 1035 869 1119 Priuocpa
886 1033 1092 1116 &Charopus
1104 1045 1236 1099 caeteros
1248 1033 1430 1116 compendio
1442 1032 1652 1104 cantieorum&
1668 1036 1706 1095 ut
1719 1055 1772 1115 per

303 1147 376 1188 eum
389 1124 625 1206 redarguamur
636 1123 656 1188 J
660 1123 761 1196 udaei,
780 1124 932 1199 bometioi,
944 1125 1039 1208 praui
1054 1123 1237 1202 Christiani,
1250 1123 1305 1208 qui
1320 1123 1414 1186 etiam
1426 1121 1603 1186 doetmnam
1621 1121 1773 1186 traditam

304 1213 341 1278 de
352 1213 645 1296 uniuersaliy'udieio
654 1215 821 1296 aeyautuel
829 1214 918 1278 dietis
929 1214 1077 1296 cullaclis,
1087 1215 1137 1277 lae.
1147 1211 1199 1288 Et,
1211 1223 1243 1276 ut
1254 1231 1311 1294 per
1320 1210 1470 1296 Sibyllam
1481 1210 1629 1276 Ethaieor
1637 1211 1774 1295 corilim-

303 1303 357 1366 dat
366 1302 633 1386 rteyamtesy'udicii
645 1302 737 1378 diora,
751 1301 805 1366 tte.
820 1301 881 1366 Sed
894 1325 950 1365 cur
962 1301 1047 1385 apud
1059 1301 1257 1366 Christianos
1270 1300 1394 1384 (quales
1409 1323 1442 1364 se
1455 1299 1647 1383 profiteatur
1663 1297 1772 1362 Ponti·

304 1391 392 1474 fieii),
402 1391 591 1474 praesertim
604 1391 688 1473 apud
700 1393 852 1467 mortuos,
866 1394 922 1454 aut
937 1413 1033 1474 super
1045 1389 1178 1454 mortuis
1191 1387 1333 1472 Sibyllae
1343 1388 1560 1452 testimouium
1571 1387 1775 1454 adducitur&

304 1477 458 1543 Dauidica
466 1481 632 1563 jungitur?
641 1479 704 1556 An,
713 1479 788 1560 quia
799 1487 886 1563 apud
894 1480 1042 1544 Ethuieos
1053 1479 1169 1562 spiritu
1179 1477 1360 1562 prophetiae
1371 1479 1559 1564 faramunt,
1573 1477 1617 1540 sie
1630 1497 1773 1542 rerauac·

304 1579 394 1634 reate
412 1568 478 1633 Deo
491 1569 621 1633 illorum
636 1568 866 1652 oiryiuitatem:
881 1569 927 1631 uti
939 1568 1036 1652 paulo
1048 1571 1122 1632 ante
1136 1567 1214 1632 Ibid.
1226 1587 1300 1651 pay.
1314 1567 1344 1630 3.
1358 1565 1483 1630 locutus
1496 1569 1587 1630 erat?
1600 1563 1700 1629 Ultra
1712 1587 1774 1630 nou

305 1656 462 1740 provehor
485 1656 519 1720 in
533 1657 658 1740 Augias
671 1657 798 1720 stabulo
812 1657 987 1741 purganda.
1001 1655 1052 1720 Ex
1063 1656 1181 1720 nostris
1194 1655 1334 1739 lapidem
1347 1653 1530 1719 offensionis
1542 1653 1576 1716 iu
1590 1656 1644 1719 tu.
1663 1653 1695 1718 8.
1710 1654 1775 1720 Da·

305 1746 391 1811 theut
403 1745 561 1830 (quamvis
573 1745 673 1809 otiose
686 1745 882 1829 quaesitum)
895 1745 973 1810 satis
985 1767 1144 1828 superque
1153 1744 1284 1809 sustulit
1292 1766 1389 1828 supra
1397 1741 1544 1808 laudatus
1552 1742 1646 1806 nobis
1656 1741 1775 1808 Christ.

305 1857 366 1900 van
389 1835 445 1898 der
467 1833 569 1898 Heul:
583 1833 647 1920 6th
660 1833 723 1902 boet
735 1834 795 1918 tem
812 1833 961 1920 lltlytaau
979 1834 1106 1920 aequm
1119 1834 1228 1901 saluber
1240 1853 1334 1902 uram
1345 1833 1402 1908 tls
1417 1831 1446 1900 b’
1458 1831 1583 1915 tuatim
1595 1831 1663 1918 pilu.
1688 1831 1777 1908 Quod

305 1923 452 1988 convenit
474 1922 661 2006 paraphrasi
674 1921 816 1987 Gallicae
829 1923 1000 1988 Clementis
1013 1922 1148 1998 Maroti;
1172 1945 1270 2008 quam
1282 1921 1449 1987 Dathenas
1461 1920 1523 1986 sibi
1535 1920 1777 2004 exprimendam

306 2012 396 2097 [pag.
422 2011 503 2096 533]
527 2016 745 2095 proposuerat.
767 2010 820 2076 Sic
844 2012 928 2075 enim
952 2013 1024 2076 ille:
1055 2013 1150 2078 Tu'as
1166 2013 1225 2096 fait
1239 2014 1285 2090 tel,
1298 2032 1357 2097 que
1366 2012 1441 2094 plue
1454 2011 1778 2096 itueluyresteForr

306 2102 337 2165 d'
351 2112 429 2165 estre
440 2121 487 2166 uu
498 2121 587 2184 cape.
601 2099 650 2163 Ex
662 2100 755 2164 dictis
767 2100 892 2184 collige,
906 2122 968 2183 quo
980 2100 1000 2165 J
1005 2123 1059 2164 ure
1072 2099 1231 2165 Pontificii
1242 2123 1305 2164 nou
1317 2103 1445 2164 tautum
1455 2097 1588 2176 idiotae,
1602 2099 1659 2162 sed
1672 2097 1777 2164 &Cle-

308 2189 364 2252 rici
388 2211 425 2253 ac
448 2187 603 2274 Theologi
628 2192 793 2273 tantopere
810 2189 1008 2253 detestentur
1020 2189 1095 2274 quin
1113 2190 1136 2254 b
1151 2188 1220 2273 igni
1236 2188 1420 2252 devoverint
1431 2185 1575 2251 Psalmos
1587 2186 1780 2271 vulgaribus

307 2276 428 2362 linguis
451 2277 574 2341 cantari
585 2277 706 2356 solitos,
723 2277 913 2360 praesertim
927 2276 1066 2342 Gallicos
1078 2276 1197 2343 Maroti
1213 2279 1236 2343 h
1253 2276 1370 2341 Bezae:
1384 2279 1516 2360 &squam
1532 2276 1643 2339 dextre
1656 2275 1777 2340 Peme-

307 2365 369 2429 lius
382 2366 416 2428 in
427 2362 564 2430 Scholiis
581 2366 620 2450 ad
637 2364 772 2430 Tertull.
787 2366 824 2430 de
837 2365 938 2430 Carne
955 2365 1075 2430 Christi
1091 2388 1159 2450 cap.
1179 2365 1229 2430 17.
1243 2367 1270 2450 ᾖ.
1287 2364 1361 2430 134.
1377 2387 1430 2429 eos
1446 2368 1609 2447 comparet
1623 2387 1700 2429 cum
1716 2362 1778 2430 Ni·

306 2453 440 2533 colaitis,
460 2453 630 2531 Gnosticis,
647 2453 894 2533 Valentinianis,
907 2455 963 2540 qui
978 2475 1044 2520 nou
1055 2453 1261 2539 ayaoscebaat
1270 2456 1412 2538 psalmos
1424 2451 1559 2520 Dauidia
1567 2477 1579 2530 ;
1592 2455 1614 2518 t
1627 2475 1703 2517 cum
1718 2451 1778 2518 Sa-

305 2546 479 2622 mosateno,
493 2543 549 2626 qui
562 2543 708 2609 Psalmos
724 2545 780 2628 qui
792 2544 827 2608 ia
839 2544 1007 2608 doruiuum
1018 2544 1125 2609 lesum
1137 2543 1320 2609 dicebantur
1331 2563 1449 2608 merare
1461 2543 1531 2626 fecit
1542 2542 1623 2606 uclrtt
1640 2543 1779 2608 neoteri-

305 2652 354 2696 eos
375 2631 405 2696 a*
422 2651 525 2714 auper
537 2633 697 2708 iuventor;
709 2633 729 2696 a
741 2653 773 2696 se
784 2652 855 2697 vero
867 2633 1061 2715 corapositos,
1074 2633 1181 2698 diebm
1194 2632 1332 2698 Paschae
1343 2633 1379 2696 io
1390 2632 1491 2696 audio
1503 2632 1656 2697 Ecclesiae
1667 2651 1783 2696 cauere

299 2720 406 2804 iussit,
419 2720 509 2785 itaut
522 2720 720 2796 horresceres
729 2721 757 2785 ai
768 2721 838 2806 quis
851 2721 984 2785 audiret.
1000 2722 1087 2803 Quae
1098 2722 1190 2786 umba
1202 2722 1269 2786 itleo
1282 2721 1317 2785 iu
1331 2721 1622 2799 rruediumadducta,
1631 2732 1781 2806 utaque·

305 2819 392 2873 scoot
413 2830 491 2895 qums
513 2821 653 2874 auctores
676 2810 839 2874 irnitcatur
861 2811 962 2875 mouri
984 2810 1129 2876 moderni
1152 2811 1376 2875 Maroticorum
1399 2810 1512 2893 potius,
1536 2829 1634 2896 queam
1661 2809 1783 2876 Cltristi

307 2898 511 2962 Psalmorum
527 2899 674 2962 Curatores
686 2897 717 2964 ll·
730 2898 930 2963 Carttutricee.
953 2897 1037 2974 Quid
1048 2899 1167 2964 audio?
1180 2922 1221 2963 an
1233 2899 1309 2982 quia
1321 2896 1432 2962 metris
1444 2899 1467 2964 la
1479 2897 1627 2982 rhytmis,
1640 2921 1701 2982 pro
1719 2897 1782 2963 ho-

306 2984 415 3049 dierno
427 2988 451 3052 u
462 2987 495 3050 in
509 2984 640 3070 Europt
655 2991 782 3070 recepto
793 2987 975 3051 canentium
992 3009 1062 3067 usu,
1075 2987 1195 3052 Psalmi
1207 2986 1340 3051 Davidis
1354 2985 1593 3070 paraphrastice
1605 2987 1784 3070 compositi

306 3077 324 3138 a
337 3071 472 3153 Murato,
485 3078 521 3138 ut
532 3078 622 3138 tanta
635 3075 750 3138 melius
763 3073 899 3138 modulis
916 3075 1021 3159 aptari
1033 3077 1056 3142 h
1072 3077 1142 3140 cani
1155 3076 1289 3159 possint,
1302 3074 1451 3140 Marotiei
1467 3075 1574 3158 potius
1586 3073 1712 3140 Psalmi
1730 3075 1782 3139 di-

304 3161 395 3226 cendi
419 3165 522 3240 erunt,
547 3185 643 3246 quam
667 3162 810 3228 Christi?
833 3161 887 3226 Aa
911 3184 974 3227 uon
997 3169 1101 3228 totum
1114 3164 1308 3229 Psalterium
1320 3167 1369 3228 est
1380 3161 1512 3242 Christi,
1525 3163 1610 3246 quod
1626 3163 1784 3247 aspiritu

305 3249 426 3316 Christi
438 3251 593 3315 dictatum
609 3255 681 3316 est?
693 3249 864 3315 Praeterea
881 3274 922 3316 an
934 3251 1059 3318 Psalmi
1071 3256 1101 3318 2.
1117 3253 1168 3317 16.
1184 3254 1235 3319 22.
1250 3253 1302 3315 45.
1317 3252 1370 3315 68.
1386 3252 1437 3316 72.
1454 3252 1526 3314 110.
1547 3253 1619 3315 118.
1633 3251 1690 3334 qui
1702 3275 1783 3336 spe·

304 3339 429 3404 cialiter
453 3340 490 3403 de
515 3337 642 3404 Christo
666 3339 850 3423 loquuntur,
874 3362 938 3404 nou
963 3345 1038 3404 sunt
1061 3340 1183 3406 Psalmi
1202 3340 1346 3407 Christi?
1359 3338 1449 3405 Idem
1460 3361 1578 3424 quaero
1591 3339 1629 3405 de
1645 3339 1785 3424 Hymno

306 3425 491 3506 Zachariae,
515 3425 648 3506 Mariae,
673 3425 855 3493 Simeonis?
880 3427 933 3492 Au
945 3429 1150 3512 paraphrasis
1162 3430 1287 3514 pottica
1302 3432 1325 3495 a
1340 3428 1501 3513 rhytmice
1513 3426 1688 3512 Scripturis
1700 3451 1784 3494 con-

308 3516 430 3594 formis,
443 3519 499 3580 aut
512 3515 541 3580 ei
553 3538 616 3580 non
627 3537 822 3602 repugnans,
835 3521 982 3602 negatae
995 3518 1081 3582 tollit
1092 3517 1236 3583 Psalmos
1248 3517 1381 3583 Davidis
1394 3519 1553 3583 &textum
1566 3515 1784 3602 Scripturas?

307 3627 349 3670 an
379 3605 486 3688 potius
517 3605 618 3687 ponit,
650 3605 793 3684 includit,
824 3607 962 3689 exponit,
993 3605 1145 3686 illustrat,
1176 3607 1366 3671 coufirmat?
1402 3604 1485 3680 Quid
1508 3626 1585 3690 ergo
1608 3606 1785 3671 dicendum

308 3693 369 3757 erit
393 3693 431 3757 de
456 3693 602 3773 Petrum,
625 3693 895 3772 Scholasticorum,
921 3695 1135 3761 lieceatiorum
1158 3719 1257 3779 paene
1282 3694 1416 3759 infinitis
1429 3693 1657 3779 iuSeripturae
1665 3695 1787 3762 Libros

306 3781 495 3845 nominatim
507 3781 540 3845 iu
554 3783 747 3848 Peoltcrium
761 3783 1010 3848 Corurmmariis.
1020 3781 1103 3857 Quid
1112 3785 1149 3848 de
1160 3783 1419 3868 Paraplurasibus
1429 3783 1561 3849 Poe'lieia
1568 3785 1788 3869 Apollinaris,

306 3871 442 3947 laucari,
462 3872 615 3950 aratoria,
636 3870 764 3948 Sedutii,
783 3870 905 3937 Probae
917 3873 1090 3950 Faleoaioe,
1103 3873 1264 3950 Haruimi,
1277 3875 1301 3938 h
1312 3873 1472 3957 Spirtulae,
1487 3872 1621 3952 Patauii,
1642 3871 1787 3952 Variani,

307 3957 563 4038 AriaeMoatarti,
573 3959 717 4024 Andreae
725 3959 935 4042 Hoji,Bocbii,
945 3961 994 4025 &a
1005 3959 1119 4042 quivel
1129 3959 1788 4044 Psalterium,velaliosSeripturaetextus

306 4046 495 4131 paraphrasi
503 4048 626 4130 pobtict
634 4047 852 4112 illustrarunt?
861 4047 951 4112 Adde
960 4069 999 4112 ex
1007 4047 1135 4113 Nostris
1145 4050 1787 4128 Buetuuauum,Bezam,Bersmaaaum

307 4135 362 4217 qui
375 4132 498 4211 Latina,
511 4136 679 4201 Aerttilium
689 4137 822 4200 Portum
830 4136 886 4220 qui
896 4135 1016 4200 Graeca
1024 4138 1112 4220 poesi
1121 4136 1325 4216 Psalterium,
1335 4137 1515 4204 &iacobum
1524 4139 1711 4217 Meilerium,
1722 4140 1789 4223 qui

307 4222 481 4286 Proverbia
504 4221 692 4300 Salomonis,
709 4224 892 4289 &iacobum
906 4227 1043 4308 Duport,
1057 4227 1113 4309 qui
1125 4226 1146 4291 J
1148 4227 1255 4306 obum,
1266 4226 1379 4291 itidem
1396 4225 1517 4292 Graeca
1530 4229 1619 4311 poesi
1635 4227 1787 4310 exprim-

307 4313 391 4374 runt.
415 4309 504 4374 Idem
524 4333 641 4393 quaero
654 4313 692 4375 de
707 4312 957 4396 paraphrasibus
970 4313 1073 4378 soluto
1086 4337 1229 4379 sermone
1242 4315 1283 4379 ab
1296 4317 1430 4382 Proerna
1443 4315 1579 4396 Piacda,
1592 4316 1732 4399 aliisque
1746 4317 1787 4382 in

310 4397 463 4480 quosdam
479 4395 661 4482 Scripturas
674 4399 772 4464 libros
783 4401 979 4484 conscriptis.
1004 4401 1087 4478 Quid
1099 4404 1154 4469 fiet
1166 4403 1302 4489 denique
1313 4403 1461 4470 omnibus
1473 4403 1613 4489 Hymnis
1628 4405 1658 4469 iu
1671 4407 1787 4470 veteri

1631 4491 1790 4560 Ecclesia
